1807 3219
229 188 285 227 12
687 181 1163 226 PLATO·NIS

226 298 322 347 θῶς
351 295 461 351 ἔχοι,
503 292 606 349 μετά
649 291 854 348 άνδρεῖον
892 295 1036 352 δρᾶμα
1066 299 1285 348 παντελῶς
1314 298 1604 353 διαπερανθὲν

226 363 276 408 vd
313 366 565 419 γυναικεῖον
607 356 664 405 αὖ
705 364 950 416 περαίνειν,
1009 364 1152 417 ἄλλως
1190 382 1236 409 τε
1273 366 1346 409 καὶ
1375 365 1518 422 ἐπειδὴ
1551 366 1606 410 σύ

218 432 343 475 ὀὕτω
374 433 587 487 προκαλῇ.
641 428 895 485 ἀνθρώποις
927 430 1008 487 γὰρ
1047 438 1158 490 φῦσι
1197 437 1271 477 καὶ
1305 436 1608 477 παιδευθεῖσιν

225 497 286 550 ὦς
326 497 449 555 ἡμεῖς
490 498 752 554 διήλθομεν,
811 496 899 542 κατ’
942 499 1050 556 ἐμήν
1088 500 1220 554 δόξαν
1264 501 1345 545 οὐκ
1384 499 1464 545 ε”στ
1499 501 1608 557 ἄλλη

227 566 341 622 ὀρθὴ
376 569 547 619 παίδων
575 582 620 609 τε
654 566 727 610 καὶ
766 584 990 622 γυναικων
1025 571 1172 625 κτῆσίς
1211 586 1256 613 τε
1296 569 1370 613 καὶ
1399 570 1540 624 χρεία,
1577 567 1608 625 ἦ

223 631 313 678 κατ’
345 634 527 692 ἐκείνην·
540 651 620 691 την
650 634 792 691 ὁρμὴν
830 638 997 689 ἰοῦσιν,
1039 636 1178 692 ἥνπερ
1216 637 1265 680 τὸ
1307 641 1481 690 πρῶτον
1520 653 1608 692 ωρ-

225 700 434 758 μήσαμεν.
466 701 798 759 ἐπεχειρήσαμεν
829 705 875 748 δέ
905 721 991 748 που
1023 703 1080 756 ὥς
1101 703 1257 760 ἀγέλης
1281 704 1483 760 φύλακας
1504 721 1609 755 τους

160 772 201 813 D
227 768 393 824 ἄνδρας
422 770 683 814 καθιστάναι
711 775 773 830 τῷ
802 772 929 832 λόγῳ.
962 774 1067 816 Ναί.
1091 771 1425 829 Ἀκολουθιόμεν
1455 774 1609 816 τοίνυν

224 838 299 882 καὶ
328 837 406 895 τὴν
438 838 607 894 γένεσιν
644 840 718 883 καὶ
754 840 928 897 τροφήν
965 842 1273 898 παραπλησίαν
1309 839 1609 896 ἀποδιδόντες,

224 905 298 948 καὶ
328 898 581 963 σκοπῶμεν,
613 909 650 951 εἰ
679 908 785 965 ἡμῖν
814 908 991 963 πρέπει,
1023 908 1052 964 ἢ
1086 908 1154 952 οὔ.
1198 913 1323 960 Πῶς5
1357 910 1453 966 ἔφη.
1480 904 1606 952 ‘5262-

224 974 302 1024 τὰς
331 977 510 1030 θηλείας
545 979 635 1020 τῶν
665 976 880 1033 φυλάκων
917 981 1066 1020 κυνῶν
1095 976 1257 1031 πότερα
1288 978 1607 1032 ξυμφυλάττειν

225 1042 412 1099 οἰόμεθα
444 1046 534 1088 δεῖν
565 1043 675 1101 ἅπερ
707 1044 763 1089 ἂν
805 1047 848 1090 οἱ
887 1043 1064 1102 ἄρρενες
1093 1045 1369 1101 φυλάττωσι,
1399 1045 1474 1089 καὶ
1503 1045 1605 1096 ξυν-

223 1148 300 1179 tere
323 1146 470 1182 debebat
492 1149 638 1184 Ficinus.
663 1150 786 1195 Neque
802 1162 884 1184 vero
945 1150 1023 1183 dum
1056 1151 1168 1191 esset,
1213 1150 1296 1184 satis
1332 1161 1529 1195 expressum
1554 1151 1607 1182 est

222 1192 313 1225 serio
356 1194 442 1230 hanc
475 1206 591 1229 rerum
632 1196 885 1240 dispositionem
942 1196 1111 1240 particula
1135 1207 1221 1229 που.
1270 1197 1311 1229 In
1335 1197 1434 1230 Vind.
1460 1196 1502 1229 D.
1527 1199 1607 1248 post

222 1237 355 1282 wtupen
358 1251 418 1272 are
435 1241 676 1274 existimandus
694 1255 729 1275 en
720 1243 885 1275 tSocra-
941 1254 1085 1286 sequens
1109 1241 1188 1276 Ναὶ
1220 1242 1352 1286 signum
1373 1240 1607 1286 interrogandi

220 1287 286 1324 tes,
311 1285 430 1318 nedum
454 1287 500 1328 id,
526 1288 615 1331 quod
641 1288 796 1321 continuo
822 1289 884 1321 ad—
939 1289 1080 1321 factum.

222 1329 273 1362 dit
298 1328 411 1374 (τάχα
437 1329 475 1365 δε
501 1334 586 1376 etc.)
613 1345 687 1366 cum
712 1334 884 1367 Schleier—
985 1331 1100 1377 ἡμῖν]
1145 1330 1236 1378 ’ὑμῖν
1283 1334 1370 1368 Lob.
1423 1333 1523 1367 Vind.
1566 1333 1607 1366 B.
1632 1333 1672 1375 D

219 1377 378 1410 machero
411 1389 477 1410 non
509 1379 552 1412 ad
586 1379 659 1412 eius
691 1380 884 1413 excusatio-
940 1379 1017 1413 Vat.
1043 1380 1090 1413 M.

218 1432 315 1463 nem,
339 1423 399 1456 sed
424 1425 466 1456 ad
490 1425 783 1469 reprehensionem
806 1437 887 1470 per-
983 1423 1136 1480 πρέπει]
1162 1424 1300 1469 πρέποι
1323 1427 1401 1460 vat.
1427 1426 1467 1460 B.

219 1468 329 1501 tinere
352 1471 578 1503 statuendum.

269 1513 364 1559 ε’χοι]
400 1528 465 1550 om.
492 1516 589 1549 Vind.
615 1516 656 1549 B.
690 1514 762 1560 ε’χει
790 1516 884 1550 Mon.

268 1603 455 1651 ἀνδρεῖον]
474 1605 518 1642 τὸ
542 1605 624 1642 α’νδ.
636 1608 754 1652 Steph.
771 1608 882 1653 (Flor.

218 1652 280 1695 V.)
306 1657 341 1685 et
363 1653 489 1688 Astius

264 1698 412 1742 δρᾶμα]
445 1699 592 1742 doo'iypwc
617 1700 699 1732 Ven.
724 1700 763 1734 B.
813 1699 885 1733 Re-

218 1745 332 1789 spexit
354 1746 420 1778 huc
442 1746 583 1779 Proclus
607 1746 642 1779 in
657 1746 732 1779 Civ.
750 1758 783 1791 p.
803 1747 884 1789 419,

265 1837 457 1882 προκαλῇ]
496 1839 677 1881 προκαλεῖ
707 1838 804 1872 Vind.
842 1839 881 1872 F.

220 1886 256 1916 et
279 1895 353 1916 cum
376 1895 398 1926 η
424 1895 526 1927 super
551 1895 582 1917 ει
601 1885 642 1917 Ε.
655 1884 781 1927 As'tius,
791 1885 882 1920 Bek-

219 1929 323 1962 kerus
347 1934 382 1962 et
407 1930 662 1963 Stallbaumius.

266 1975 371 2031 φῦσι]
397 1973 506 2017 φύσει
532 1976 630 2009 Vind.
657 1977 697 2011 F.
723 1989 744 2010 a
767 1989 810 2010 m.
829 1988 879 2020 pr.

267 2017 360 2064 ε’στ]
394 2021 450 2054 Ita
473 2022 550 2055 Par.
575 2023 616 2055 A.
650 2023 749 2056 Vind.
774 2023 881 2056 DEF.

220 2067 304 2100 Ven.
330 2067 369 2100 B.
406 2068 484 2100 Vat.
510 2068 554 2100 H.
589 2068 682 2102 Flor.
710 2069 880 2102 ACRTV.

219 2118 270 2146 est
305 2113 377 2146 Fic.
436 2111 539 2146 ε’σται
578 2114 700 2158 reliqui
747 2115 880 2149 codices

218 2158 367 2215 editique
411 2164 490 2192 ante
534 2161 737 2195 Bekkerum.
793 2161 881 2194 For-

216 2209 309 2238 tasse
334 2201 402 2238 ἐστ’
427 2205 508 2238 item
531 2207 681 2240 futmum
704 2210 767 2247 est,
790 2207 881 2251 quod

216 2255 349 2295 tempus
382 2254 417 2284 et
451 2251 495 2284 ad
528 2251 649 2285 ιοῦσιν
684 2253 796 2296 paullo
822 2264 882 2286 ac·-

216 2296 457 2330 commodatius
491 2301 527 2330 et
551 2298 593 2331 ad
615 2299 769 2342 proxima
791 2298 882 2332 haud

215 2343 323 2376 minus
370 2347 484 2387 aptum
520 2348 711 2387 praesente
735 2344 879 2378 videtur.

216 2389 431 2433 Quamquam
448 2401 611 2434 praesens
631 2402 765 2435 quoque
786 2395 882 2424 recte

214 2434 330 2468 habet.

260 2478 304 2514 τὸ
339 2479 513 2525 πρῶτον]
557 2492 754 2526 τοπρωτον
796 2482 882 2517 Lob.

215 2526 371 2560 Vind.B
376 2528 416 2559 D.

262 2568 503 2617 ὡρμήσαμεν]
531 2570 743 2618 ὁρμήσαμεν
779 2573 881 2607 Vind.

214 2618 255 2652 F.
281 2630 301 2651 a
326 2630 366 2651 m.
393 2630 444 2663 pr.

260 2662 504 2708 καθιστάναι]
528 2663 760 2700 καθεστάναι
779 2664 881 2701 Vind.

260 2753 391 2802 λόγῳ.]
418 2753 534 2801 λόγῳ;
571 2757 653 2791 editi
685 2761 764 2791 ante
788 2757 881 2790 Bek-

214 2802 332 2835 kerum
358 2814 433 2835 cum
455 2803 540 2836 Lob.
590 2804 660 2837 Sed
680 2805 880 2849 quantulum

214 2847 437 2884 dubitationis
470 2849 534 2884 hoc
574 2851 650 2884 loco
683 2849 879 2895 significan-

983 1465 1111 1515 Ὦ·δε]
1155 1470 1238 1506 ε’δει.
1272 1473 1369 1506 Vind.
1412 1473 1451 1505 B.
1493 1471 1605 1505 deleto

942 1521 1029 1573 post
1041 1518 1229 1562 proximum
1254 1516 1325 1562 ε’φη
1346 1522 1483 1574 puncto

988 1576 1057 1602 τας
1092 1564 1246 1607 θηλείας
1272 1585 1319 1589 —
1345 1562 1440 1598 κατὰ
1469 1560 1603 1597 ταύτά.

942 1607 1021 1644 452.
1036 1610 1090 1653 Α.]
1117 1610 1234 1643 laudat
1258 1611 1411 1644 Galenus
1436 1610 1478 1643 de
1494 1609 1604 1654 Hipp.

943 1659 979 1687 et
1013 1655 1099 1688 Plat.
1134 1656 1226 1689 decr.
1263 1656 1305 1693 L.
1339 1656 1451 1690 VHII.
1486 1658 1526 1689 T.
1561 1655 1603 1688 V.

941 1712 974 1745 p-
1000 1702 1079 1736 735.
1102 1702 1216 1735 Kuhn.

988 1742 1048 1803 ἂν]
1075 1760 1138 1780 om.
1165 1748 1242 1781 Vat.
1266 1748 1307 1782 B.

988 1789 1164 1838 άρρενες]
1200 1790 1329 1838 άρνες,
1363 1806 1384 1827 e
1407 1805 1494 1827 corr.
1521 1804 1603 1837 αρε-

939 1851 1018 1883 νες,
1046 1840 1144 1872 Vind.
1172 1840 1214 1873 D.

986 1866 1222 1930 φυλάττωσι]
1249 1883 1501 1929 φυλάττουσιν
1524 1886 1601 1919 Par.

938 1932 981 1967 D.
986 1899 1081 1967 φΑ1ᾱ.
1105 1932 1186 1965 Bas.
1201 1944 1230 1965 a.
1257 1929 1488 1975 φυλάττουσι
1509 1932 1600 1965 Mon.

939 1979 978 2012 B.
1016 1979 1092 2011 Bas.
1128 1978 1161 2011 b.
1211 1975 1445 2021 φυλάττωσιν
1481 1977 1601 2021 (Flor.

939 2024 1066 2066 ACU.)
1100 2023 1219 2068 steph.
1257 2029 1293 2058 et
1325 2024 1411 2058 Astii
1433 2024 1542 2069 prima
1566 2026 1603 2056 et.

937 2083 1006 2104 sec.
1032 2069 1085 2103 ed.

984 2109 1125 2159 τᾶλλα]
1150 2112 1197 2147 τὰ
1225 2110 1319 2147 ἄλλα
1345 2114 1423 2148 Gal.
1452 2110 1482 2147 τ’
1508 2110 1601 2148 ἄλλα

938 2163 1037 2198 Vind.
1055 2162 1098 2194 Ε.
1123 2157 1243 2195 τᾶλλα
1269 2161 1368 2194 Vind.
1383 2161 1485 2195 BDF.
1506 2161 1599 2194 Mon.

935 2209 975 2243 B.
1001 2208 1120 2251 Steph.

983 2253 1113 2297 κοινῇ]
1138 2251 1274 2291 κοινῶς
1296 2251 1376 2285 Par.
1401 2253 1444 2286 K.

985 2300 1182 2342 οἰκουρεῖν]
1209 2299 1306 2343 quasi
1324 2299 1512 2333 domestica
1535 2300 1600 2333 ad-

937 2357 1075 2381 servare
1098 2345 1170 2378 Fic.

986 2389 1218 2434 ἀδυνάτους]
1246 2390 1294 2425 ad
1309 2390 1471 2433 forensia
1495 2402 1601 2435 opera

940 2439 1143 2493 impotentes
1167 2437 1239 2469 bic.

983 2482 1074 2526 τὸν]
1099 2481 1167 2527 τὴν
1190 2482 1284 2516 Mon.
1308 2482 1349 2516 Β.
1374 2479 1444 2525 τὸ,
1467 2493 1541 2527 sup.
1565 2493 1598 2525 v,

938 2530 1039 2563 Vind.
1056 2530 1098 2562 D.

982 2575 1126 2621 Κοινῇ]
1162 2571 1266 2618 κοινὴ
1300 2571 1400 2608 Vind.
1427 2573 1471 2609 Ε.
1505 2573 1598 2607 Mon.

982 2666 1102 2711 πλὴν]
1127 2665 1224 2710 πλὴν
1248 2666 1330 2705 ταῖς
1353 2662 1419 2708 μὲν
1443 2664 1534 2698 Flor.
1554 2665 1597 2699 T.

938 2714 1061 2747 Galeni
1086 2713 1139 2746 ed.
1165 2714 1244 2749 Bas.
1278 2713 1322 2746 T.
1347 2711 1375 2745 I.
1413 2722 1492 2755 pag.
1517 2713 1596 2747 331.

936 2761 1049 2793 Astius
1073 2759 1107 2792 in
1132 2759 1242 2803 prima
1274 2762 1310 2791 et
1332 2757 1458 2798 tertia,
1491 2757 1598 2790 Stall-

936 2806 1090 2839 baumius
1114 2805 1149 2838 in
1169 2805 1317 2838 secunda
1332 2802 1488 2836 editione.
1516 2804 1597 2835 Ste—

936 2852 1066 2897 phanus
1108 2854 1222 2886 annot.
1264 2862 1299 2896 p.
1330 2851 1394 2885 21:
1443 2849 1598 2891 „deesse
