1807 3219
322 157 407 196 212

770 117 1247 192 PLATONVIS
1308 156 1314 165 ι’

324 264 393 309 ὅτι
447 263 530 308 οὐκ
574 263 803 307 ἐθέλουσιν
842 261 931 318 ἅμα
974 259 1170 316 φύεσθαι
1209 258 1283 301 καὶ
1317 260 1514 302 νεανικοί
1553 276 1597 303 τε
1635 261 1711 304 καὶ

323 336 667 390 μεγαλοπρεπεῖς
705 330 783 381 τὰς
826 330 1026 380 διανοίας
1057 326 1144 372 οἷοι
1173 328 1363 384 κοσμίως
1393 327 1498 383 μετα
1527 327 1710 384 ἡσυχίας

323 402 396 445 καὶ
427 399 706 457 βεβαιότητος
737 397 904 442 ἐθέλειν
935 402 1037 455 ζῇν,
1069 395 1170 440 ἀλλ’
1202 398 1246 439 οἱ
1274 399 1468 439 τοιοῦτοι
1496 396 1711 448 ὑπόόξύ-

322 486 451 524 τητος
481 469 693 524 φέρονται
730 466 815 522 ὅπη
860 465 915 509 ἂν
944 465 1125 521 τύχωσι,
1166 465 1238 508 καὶ
1276 464 1324 508 τό
1368 464 1550 519 βέβαιον
1595 463 1713 507 ἅπαν

324 536 473 581 αὐτῶν
505 537 723 591 ἐξοίχεται.

779 533 962 591 Ἀληθῆ,
994 534 1096 589 ἔφη,
1138 532 1285 588 λέγεις.

323 609 428 662 βαια
459 600 515 648 αὗ
545 608 683 648 ταῦτα
711 602 802 658 ἤθη
843 603 917 646 καὶ
958 601 1039 645 οὐκ
1077 599 1348 656 εὐμετάβολα
1369 633 1380 653 ,

258 679 296 718 D
326 678 495 729 μᾶλλον
526 670 581 722 ὡς
612 676 781 722 πιστοῖς
810 669 1044 726 χρήσαιτο,
1086 669 1159 712 καὶ
1197 668 1244 711 ἐν
1283 672 1343 724 τῷ
1384 668 1559 727 πολέμῳ
1600 669 1713 724 πρὸς

1347 530 1529 576 Οὐκοῦν
1557 532 1610 575 τὰ
1637 534 1713 589 βέ-

321 741 426 792 τούς
473 741 646 796 φόβους
697 740 937 794 δυσκίνητα
978 737 1085 782 ὅντα
1133 735 1245 791 πρὸς
1283 736 1359 787 τὰς
1398 738 1612 793 μαθήσεις
1654 732 1714 781 αὖ

321 814 441 852 ποιεῖ
477 806 659 851 ταύτόν·

725 808 996 863 δυσκινήτως
1033 807 1116 861 ἔχει
1167 805 1242 848 καὶ
1284 807 1523 860 δυσμαθῶς
1562 805 1708 859 ὥσπερ

323 874 745 931 ἀπονεναρκωμένα,
776 875 848 919 καὶ
878 874 1023 919 ὕπνου
1053 890 1097 918 τε
1128 874 1201 918 καὶ
1219 872 1384 929 χάσμης
1405 872 1711 929 ἐμπίπλανται,

369 1024 433 1059 καὶ
470 1024 655 1069 νεανικοί]
704 1023 767 1058 καὶ
800 1023 988 1058 νεανίσκοι

325 1071 425 1106 Vind.
451 1072 493 1105 E.
532 1072 624 1105 Flor.
649 1071 790 1104 ACTV.
817 1071 988 1104 Heindor—

325 1118 391 1151 fius
425 1118 468 1151 ad
501 1118 646 1151 Theaet.
681 1129 716 1161 p.
745 1118 820 1151 Ml.
846 1119 885 1150 A.
924 1115 987 1150 καὶ

324 1165 388 1197 hoc
420 1164 494 1197 loco
529 1163 705 1196 delendum
738 1166 773 1196 et
808 1167 888 1196 ante
913 1160 986 1195 οῗοι

322 1210 537 1243 inserendum
584 1209 848 1253 suspicabatur,
896 1208 987 1253 quod

321 1260 504 1300 utrumque
535 1255 650 1288 Astius
683 1254 717 1288 in
751 1267 819 1288 sec.
845 1258 880 1287 et
904 1257 983 1287 tert.

322 1302 426 1343 fecit,
462 1301 562 1345 quasi
595 1301 751 1334 iuvenilis
787 1301 915 1334 animus
950 1304 985 1333 et

324 1347 525 1391 magnificus
557 1347 815 1391 tranquillitatis
849 1350 883 1380 et
915 1349 985 1379 sta-

322 1393 465 1427 bilitatis
488 1404 604 1426 amans
628 1404 703 1425 esse
728 1395 846 1427 soleat.
881 1392 987 1425 Stall-

322 1439 478 1473 baumius
500 1438 536 1472 in
559 1450 616 1488 pr
637 1442 788 1472 nostrum
805 1437 867 1472 καὶ
890 1437 986 1471 uncis

322 1485 461 1519 inclusit
493 1488 529 1517 et
578 1487 651 1518 οἰοι
684 1485 866 1518 secundum
903 1485 987 1517 dnos

325 1531 458 1565 codices
482 1531 518 1564 in
543 1531 646 1569 οιους
669 1531 832 1570 mutavit,
859 1530 892 1563 in
916 1541 984 1562 sec,

323 1588 429 1611 uncos
462 1577 609 1610 removit
644 1581 679 1609 et
711 1576 773 1610 καὶ
808 1575 882 1610 οἶοι
912 1587 987 1609 cum

322 1623 523 1658 Heindorfio
547 1626 583 1655 et
598 1623 695 1656 Astio
718 1623 853 1656 diversa
874 1626 988 1655 tamen

323 1670 495 1704 sententia
530 1668 678 1712 scripsit.
727 1669 908 1712 Vulgatam
932 1679 989 1701 sa-

324 1727 404 1750 nam
427 1727 502 1748 esse
534 1714 711 1759 perspexit
743 1718 905 1759 recteque
929 1725 988 1746 ex-

323 1761 444 1814 plicuit
467 1761 820 1802 Schleieimacherus‚
844 1760 904 1793 sed
927 1771 989 1793 no-

324 1807 495 1841 minativis
543 1803 722 1849 εὐμαθεῖς
739 1833 748 1849 ,
795 1804 988 1850 μνήμονες,

326 1851 490 1897 ἀγχίνοι,
519 1849 636 1894 ὀξεῖς,
670 1865 855 1895 νεανικοι,
881 1864 923 1895 με
926 1864 989 1895 γα-

326 1902 438 1941 λοπρε
442 1901 523 1938 πεῖς
569 1899 756 1932 subiectum
803 1898 990 1942 significari

326 1949 480 1979 statuens
506 1946 572 1978 duo
595 1949 783 1989 post1e1nos
799 1945 988 1989 perincom-

325 1991 424 2024 mode
456 1991 584 2024 locatos
621 1997 657 2023 et
690 1991 834 2024 subiecti
859 1990 989 2023 descri-

325 2037 476 2082 ptionem
521 2037 634 2070 verbis
682 2037 725 2070 ad
754 2037 987 2081 praedicatum

323 2082 573 2128 pertinentibus
595 2084 716 2116 inscite
738 2083 989 2127 interpellatam

325 2130 430 2163 fateri
461 2137 599 2162 coactus
632 2133 694 2162 est.
742 2129 827 2162 Mihi
849 2128 989 2173 praedi—

326 2175 396 2209 cati
419 2175 623 2219 significatio
656 2175 705 2208 eis
737 2175 868 2216 inesse,
905 2175 988 2230 sub,-

325 2221 451 2255 iectum
475 2222 589 2255 veibis
615 2218 690 2254 οἷοι
710 2221 870 2263 κοσμίως
890 2241 935 2245 —
954 2217 987 2253 ε’-

325 2264 451 2301 θέλειν
471 2268 537 2311 ζῇν
559 2267 723 2301 declar-mi
746 2268 898 2307 xidetur,
923 2267 987 2300 hoc

325 2324 447 2347 sensu:
476 2315 542 2355 Qui
567 2315 621 2347 ita
649 2326 671 2347 a
694 2320 824 2347 natura
851 2325 992 2357 compa-

328 2361 403 2393 rati
418 2366 517 2399 sunt,
538 2365 576 2393 ut
590 2361 790 2401 moderate,
816 2360 988 2403 tranquil-

330 2407 381 2445 le,
412 2408 572 2450 graviter
596 2407 710 2438 vivere
739 2406 867 2446 velint,
891 2406 992 2438 simul

329 2451 477 2492 dociles,
502 2463 683 2490 memores,
704 2463 872 2496 sag-actm,
898 2451 992 2484 acuti

329 2499 510 2541 animoque
549 2498 691 2531 iuvenili
732 2503 767 2531 et
805 2498 992 2542 magmfico

325 2544 487 2588 praediti
527 2555 598 2577 esse
638 2556 707 2577 ποη
748 2545 868 2576 solent.
933 2543 993 2575 Sic

330 2589 442 2622 onmia
481 2601 589 2634 usque
630 2589 674 2622 ad
718 2587 787 2628 τὰς
822 2588 991 2627 διανοίας

329 2646 432 2668 unum
455 2635 694 2669 enuntiationis
730 2636 916 2668 membrum
939 2636 991 2668 ef-

329 2680 470 2721 ficiunt,
501 2693 564 2714 nec
588 2682 660 2715 sine
683 2681 816 2714 ratione
839 2682 905 2714 duo
930 2693 991 2714 ex-

328 2730 439 2759 trema
460 2730 580 2771 utpote
610 2739 722 2761 mores
756 2727 946 2771 spectantia
970 2738 990 2760 a

331 2776 477 2817 quatuor
509 2773 679 2817 prioribus
713 2774 756 2806 ad
780 2774 989 2807 intelleetmn

330 2818 518 2854 referendis
540 2824 700 2864 separata
723 2824 811 2853 sunt.

1094 1020 1189 1067 οἷοι]
1224 1021 1260 1057 οἱ
1287 1019 1354 1066 οὔ,
1391 1024 1530 1067 vulgato
1563 1022 1597 1057 in
1619 1034 1707 1056 mar-

1044 1070 1123 1114 gine
1155 1070 1348 1112 adscripto‚
1384 1070 1478 1103 Flor.
1513 1070 1557 1103 T.
1605 1069 1709 1108 οἴους

1044 1118 1123 1150 Par.
1149 1117 1225 1149 ΒΚ.
1256 1116 1350 1149 Flor.
1376 1116 1421 1149 U.
1459 1120 1516 1158 et,
1551 1120 1590 1149 ut
1614 1116 1708 1149 vide-

1043 1166 1120 1204 tur,
1145 1174 1227 1196 am,
1254 1173 1306 1206 pr.
1332 1163 1424 1195 Mon.
1451 1162 1491 1196 B.
1528 1159 1603 1196 οἷοι
1620 1162 1708 1195 idem

1044 1220 1064 1242 a
1086 1220 1130 1243 m.
1155 1219 1182 1243 s,
1208 1209 1322 1241 habet.

1088 1276 1267 1320 κοσμίως]
1292 1276 1428 1320 κοσμίω
1454 1276 1554 1310 Vind.
1578 1276 1619 1311 F.

1087 1342 1250 1400 ἡσυχίας
1262 1343 1324 1378 καὶ
1336 1342 1603 1399 βεβαιότητος]
1620 1341 1711 1388 ήσυ

1043 1391 1124 1435 χίας
1145 1390 1208 1424 καὶ
1227 1388 1457 1445 ἦμεροτητος
1475 1391 1560 1424 Lob.
1575 1392 1656 1424 Ven.
1668 1393 1710 1426 Β.

1048 1439 1123 1471 V.at
1150 1438 1197 1470 M.
1225 1438 1303 1470 Bas.
1330 1439 1361 1470 b
1396 1433 1625 1491 ἡμερότητος
1645 1436 1711 1471 καὶ

1044 1481 1198 1527 ἡσυχίας
1222 1483 1321 1517 Vind.
1346 1484 1387 1516 B.
1420 1479 1651 1526 ἡμερότητος
1675 1484 1711 1516 in

1043 1530 1398 1563 F101.T.int.ve1s
1441 1530 1606 1584 smiptum
1631 1534 1666 1563 et
1691 1541 1712 1563 a

1044 1576 1220 1620 Stephano
1244 1575 1278 1608 iu
1297 1588 1342 1608 111.
1360 1587 1424 1619 pro
1448 1576 1545 1609 walia
1567 1576 1713 1610 lectione

1043 1625 1196 1655 notatmn
1220 1626 1284 1655 est.

1092 1689 1129 1724 οἱ
1143 1690 1333 1734 τοιοῦτοι]
1363 1686 1409 1724 ου’
1439 1690 1607 1724 τοιοῦτοι
1632 1691 1712 1724 Vat.

1044 1737 1088 1770 B.
1122 1734 1169 1770 ου’
1197 1737 1365 1770 τοιοῦτοι
1394 1733 1469 1769 οἷοι
1494 1737 1579 1770 Lob.
1609 1735 1711 1770 Vind.

1046 1783 1088 1816 Β.
1125 1783 1206 1816 Vat.
1232 1784 1279 1817 M.
1330 1784 1420 1816 Sunt
1454 1782 1497 1823 ii,
1532 1782 1590 1826 qui
1622 1783 1710 1816 tales

1047 1832 1141 1870 sunt,
1167 1829 1285 1873 quales
1309 1828 1568 1873 tranquillitatis
1593 1840 1710 1862 aman-

1045 1879 1098 1908 tes
1123 1887 1187 1908 non
1214 1887 1290 1908 esse
1313 1878 1569 1909 consueverunt.

1091 1939 1194 1987 ὑπὸ]
1221 1939 1285 1977 ’ὑπ’
1310 1944 1409 1977 vind.
1433 1944 1477 1976 F.
1502 1943 1587 1987 Ang.
1610 1944 1651 1976 B.

1092 2007 1189 2055 ὅπη]
1217 2008 1308 2046 ὅποι
1333 2012 1432 2045 Vind.
1457 2012 1500 2045 E.
1528 2012 1629 2056 (Ven.
1644 2012 1706 2057 B.)

1047 2057 1212 2091 editiones
1238 2065 1317 2092 ante
1340 2059 1545 2093 Bekkerum.

1092 2123 1219 2159 αὐτῶν
1233 2124 1423 2170 ἐξοίχεται]
1446 2123 1597 2160 τεέὕτῶν
1615 2124 1705 2169 ἐξοί-

1044 2184 1145 2215 χεται
1178 2174 1274 2206 Viud.
1301 2174 1340 2206 F.
1374 2170 1499 2206 ταυτῶ
1526 2170 1707 2217 εξέρχεται

1043 2220 1128 2263 Aug.
1154 2219 1193 2252 B.
1220 2216 1257 2260 ἐξ
1275 2216 1400 2253 αυτῶν
1422 2217 1706 2263 εξὲρχεταιΕῚοτ.

1047 2265 1090 2298 Τ.
1134 2262 1171 2306 εξ
1202 2263 1329 2298 αυτῶν
1366 2265 1503 2308 οἴχεται
1536 2266 1638 2299 Vind
1662 2265 1705 2299 E.

1049 2311 1150 2353 (V.en
1175 2312 1215 2344 B.
1241 2312 1333 2345 F.lor
1360 2311 1420 2354 C.)
1451 2312 1525 2344 Ald.
1552 2312 1629 2345 Bas.
1653 2312 1708 2344 ab.

1048 2358 1168 2401 Steph.
1211 2358 1284 2391 Ast.
1343 2359 1458 2391 Verbo
1501 2355 1709 2401 ἐξοίχεσθαι

1047 2414 1129 2435 usus
1164 2408 1215 2435 est
1255 2404 1422 2436 Homerus
1455 2404 1494 2437 Il.
1526 2404 1585 2437 VI.
1620 2405 1707 2438 379:

1047 2444 1070 2492 ἢ
1105 2446 1141 2488 ἐς
1168 2446 1362 2493 Ἀθηναίης
1392 2447 1647 2493 ἐξοίχεται-ς
1674 2452 1710 2482 et

1049 2495 1236 2539 Sophocles
1269 2496 1356 2529 Oed.
1393 2496 1466 2529 Col.
1503 2497 1581 2530 863.
1611 2495 1706 2528 Reis.

1048 2560 1095 2565 -—
1119 2541 1272 2574 Ficinus:
1304 2543 1506 2576 stabilitatis
1538 2542 1646 2575 omnis
1672 2547 1707 2576 et

1047 2589 1242 2633 gravitatis
1263 2594 1427 2632 expertes.

1095 2653 1163 2690 οὐκ
1181 2653 1424 2701 εὐμετάβολα]
1454 2653 1501 2690 ου’
1520 2653 1707 2701 μετάβολα

1047 2703 1131 2736 Ven.
1156 2704 1196 2735 B.
1222 2715 1242 2736 a
1266 2715 1309 2736 m.
1334 2715 1387 2747 pr.

1091 2749 1253 2792 μᾶλλον]
1278 2750 1424 2783 maxime
1440 2748 1513 2782 Fic.

1091 2814 1279 2862 χρήσαιτο]
1304 2815 1483 2861 χρήσηται
1505 2817 1590 2852 Lob.
1605 2817 1705 2852 Vind.
1735 2807 1775 2849 D

1445 598 1510 652 οἷς
1550 600 1607 644 ἄν
1637 619 1701 652 τις
1712 612 1785 648 477
