1807 3219
244 2490 277 2535 G

321 123 406 167 158

777 121 1253 167 PLATONIS

319 235 427 288 τούς
457 235 630 293 σοφοὺς
659 234 730 279 ἐπὶ
761 233 842 285 τοὶς
881 238 971 278 τῶν
1010 235 1234 278 πλουσίων
1262 234 1410 291 θύρας
1439 235 1576 292 ἰέναι,
1618 236 1706 282 ἀλλ’

277 334 281 335 ⁷
324 305 348 350 ὁ
379 309 510 349 τοῦτο
542 302 906 360 κομψευσάμενος
935 302 1170 355 ἐψεύσατο,
1211 304 1261 347 τὸ
1300 305 1346 348 δὲ
1375 305 1536 362 ἀληθὲς
1563 308 1707 364 πέφυ-

317 391 414 426 κεν,
459 374 536 418 ἐάν
566 391 611 417 τε
650 372 861 422 πλούσιος
890 369 968 414 ἐάν
1003 388 1051 416 τε
1087 371 1218 428 πένης
1254 371 1427 430 κάμνῃ,
1470 374 1710 431 ἀναγκαῖον

256 446 288 488 C
321 442 434 486 εἶναι
464 443 533 487 ἐπὶ
563 445 727 497 ἰατρῶν
756 439 902 495 θύρας
931 440 1064 494 ἰέναι,
1106 439 1180 484 καὶ
1209 441 1352 485 πάντα
1391 441 1468 486 τὸν
1498 442 1711 500 ἄρχεσθαι

320 511 531 568 δεόμενον
562 511 631 554 ἐπὶ
661 509 751 591 τάς,
768 511 850 552 τοῦ
881 507 1030 565 ἄρχειν
1062 510 1333 566 δυναμένου,
1366 508 1418 554 οὐ
1450 528 1529 556 τον
1550 510 1711 569 α’ρχον-

319 596 373 624 τα
404 583 578 624 δεῖσθαι
607 595 697 622 των
725 576 980 634 ἀρχομένων
1009 577 1244 635 ἄρχεσθαι,
1277 581 1331 623 οὑ
1363 578 1419 622 ἂν
1446 585 1500 638 τῇ
1532 580 1712 640 ἀληθείᾳ

315 666 358 692 τι
393 649 554 704 ὄφελος
583 649 627 705 ἡ.
661 645 771 690 ἀλλὰ
799 663 905 698 τους
933 650 1019 690 νῦν
1057 646 1312 699 πολιτικούς
1342 647 1557 705 ἄρχοντας
1587 647 1711 694 ἀπει-

309 715 455 771 κάζων
497 715 563 768 οἷς
597 715 694 771 ἄρτι
733 715 934 771 ἐλέγομεν
975 715 1160 767 ναύταις
1207 715 1288 773 οὐχ
1336 715 1596 774 ἁμαρτήσει,
1636 719 1713 762 καὶ

317 785 424 836 τούς
453 783 542 828 ὑπὸ
574 776 747 828 τούτων
779 783 1022 841 ἀχρήστους
1050 783 1315 841 λεγομένους
1346 786 1418 829 καὶ
1449 787 1708 842 μετεωρολέ-

318 866 424 909 σχας
461 859 555 905 τοῖς
587 852 646 905 ὦς
695 852 874 909 ἀληθῶς
923 852 1224 910 κυβερνήταις.

1291 852 1536 909 Ὀρθότατα
1553 890 1564 909 ,
1609 858 1706 914 ἔφη.

308 922 388 967 ’Ἐκ
420 940 464 967 τε
494 924 647 966 τοίνυν
675 923 847 966 τούτων
875 921 950 965 καὶ
980 923 1028 965 ἐν
1056 921 1231 974 τούτοις
1262 922 1316 966 οὐ
1346 923 1504 981 ῥᾴδιον
1531 924 1706 969 εὐδοκι-

316 996 417 1048 μεῖν
458 991 506 1036 τὸ
543 990 769 1049 βέλτιστον
802 988 1067 1047 ἐπιτήδευμα
1105 988 1196 1035 ὑπὸ
1235 996 1326 1036 τῶν
1363 991 1573 1037 τάναντία
1612 993 1730 1041 ἐπι»

360 1137 442 1186 ἐπὶ]
471 1139 523 1181 εις
547 1141 635 1177 Lob.
658 1141 759 1177 Vind.
772 1141 814 1176 B.
841 1141 921 1176 vat.
933 1139 982 1176 M.

358 1210 569 1255 πλουσίων]
595 1211 750 1255 πλησίον
774 1211 854 1246 Vat.
877 1211 920 1246 Β

360 1276 381 1314 ὁ
414 1279 528 1314 τοῦτο
561 1278 889 1324 κομψενσαμενος]
924 1281 984 1325 qui

311 1327 376 1362 hoc
415 1329 547 1372 primus
587 1329 738 1361 iactavit
777 1327 854 1361 Fic.
914 1327 982 1360 Pro

308 1374 423 1408 τοῦτο
464 1374 540 1407 Vat.
572 1374 614 1409 B.
652 1377 686 1407 et
719 1373 804 1407 Lob.
842 1370 981 1407 τούτου

308 1432 384 1454 cum
419 1419 636 1454 circumflexo
673 1431 776 1465 snper
812 1425 912 1453 acuto
945 1424 982 1453 et

309 1478 330 1504 ο
355 1478 459 1522 super
491 1467 613 1500 ultima
644 1467 782 1500 habent.
830 1466 980 1499 Verbum

309 1511 601 1558 κομψεύεσθαι,
668 1513 759 1558 quod
813 1512 880 1546 iam
936 1513 980 1546 ad

306 1562 348 1596 L.
377 1561 459 1595 IIII.
494 1572 572 1604 pag.
597 1560 677 1594 436.
702 1559 744 1593 D.
778 1558 980 1592 monendum

307 1611 409 1649 erat,
445 1606 608 1640 Timaeus
640 1605 674 1639 in
705 1605 838 1639 lexicon
862 1605 980 1638 retulit

308 1665 343 1700 p.
381 1651 466 1688 154:
509 1649 780 1696 κεκόμψευται·
813 1648 978 1684 πεπιθά-

308 1711 448 1735 νευται.
481 1699 541 1731 ubi
577 1699 621 1732 cf.
657 1697 890 1731 Ruhnkenius.
937 1697 979 1731 In

310 1746 437 1782 scholio
473 1745 516 1779 ad
541 1750 690 1778 nostrum
715 1745 824 1778 locum
857 1743 980 1777 Eubu-

309 1793 362 1825 lus
388 1791 502 1825 nescio
526 1791 601 1824 (uis
637 1802 713 1823 cum
738 1791 883 1823 Socrate
908 1790 978 1822 col-

308 1839 450 1883 loquens
486 1848 578 1876 τους
611 1834 754 1880 σοφους
784 1833 880 1890 ὁρᾷν
918 1833 979 1870 ἐπὶ

310 1887 393 1923 ταῖς
429 1883 505 1916 τῶν
541 1883 727 1917 πλουσίων
750 1880 889 1924 θύραις
914 1893 979 1915 κοι-

310 1928 523 1969 θεύδοντας
555 1929 700 1973 ideoque
731 1928 833 1962 malle
865 1940 902 1961 se
926 1928 978 1961 di-

308 1977 414 2011 vitem
446 1988 501 2009 ess
495 1987 542 2017 e,
575 1987 675 2020 quam
707 1974 893 2017 sapientem
926 1974 979 2007 di—

309 2023 403 2057 xisse
433 2022 569 2056 dicitur.
617 2020 703 2054 Mihi
734 2021 833 2054 Plato
868 2020 977 2053 Simo

308 2069 419 2103 nidem
466 2067 579 2113 potius
627 2067 788 2109 tetimsse
829 2067 976 2108 videtur,

309 2127 411 2161 quem
445 2113 648 2147 Aristoteles
687 2097 828 2147 Rhetor.
861 2114 901 2146 L.
928 2113 973 2146 Π.

309 2174 340 2196 c.
369 2163 424 2195 16.
449 2160 611 2194 Hieronis
635 2159 735 2193 uxori
761 2160 877 2193 eadem
903 2160 976 2192 fere

306 2207 488 2252 respondi
483 2218 528 2239 se
561 2206 690 2246 tradit,
735 2217 801 2250 quo
834 2205 973 2239 divitias

305 2264 391 2300 prae
429 2252 600 2298 sapientia
645 2252 853 2297 expetendas
899 2262 974 2285 esse

306 2301 458 2334 doceret.
507 2298 562 2332 Cf.
591 2298 667 2332 civ.
707 2298 747 2332 L.
773 2298 800 2332 Ι.
833 2310 868 2345 p.
892 2298 973 2334 335.

305 2346 349 2380 E.

350 2411 498 2460 κάμνῃ]
522 2410 665 2457 ποίμνης
688 2411 789 2447 Vind.
813 2414 858 2448 E.

353 2481 474 2527 ἰέναι]
501 2479 599 2517 εἶναι
622 2481 724 2516 vind.
748 2482 789 2516 F.
819 2484 906 2528 Ang.
932 2483 973 2517 B.

350 2550 532 2596 ναύταις]
576 2547 712 2591 αὐταῖς
744 2551 844 2585 vind.
875 2551 915 2585 F.
954 2563 975 2585 a

306 2610 349 2633 m.
374 2610 427 2644 pr.
475 2599 516 2632 In
540 2598 632 2631 Mon.
657 2598 698 2632 Β.
729 2608 752 2632 ν
785 2610 807 2632 a
838 2609 880 2632 m.
905 2609 975 2632 sec.

307 2646 371 2680 int.
394 2656 484 2679 vers.
511 2644 674 2679 additum.

356 2709 585 2757 ἁμαρτήσει]
617 2712 674 2747 Ita
693 2712 772 2748 Par.
796 2714 838 2747 A.
872 2712 973 2747 Vind.

308 2759 384 2794 EF.
422 2760 508 2795 Ven.
542 2760 584 2794 C.
623 2760 712 2804 Ang.
744 2759 782 2792 B.
826 2759 902 2793 vat.
927 2759 972 2793 H.

309 2806 404 2841 Flor.
435 2805 574 2840 ACRV.
629 2802 854 2851 ἁμαρτήσεις
886 2805 971 2840 Lob.

1042 1139 1146 1174 hnd.
1176 1140 1215 1179 B.
1249 1141 1328 1176 Vat.
1352 1141 1434 1176 ΒΜ.
1469 1141 1553 1176 V.en
1578 1142 1620 1176 B.
1662 1139 1705 1175 ἁ-

1039 1185 1211 1269 ἕέιῗιτήὲῃ
1225 1188 1473 1269 §diali-{angab
1477 1188 1704 1280 .Ε1801;;ρῑ1ι1Ἦ)

1084 1300 1395 1347 μετεωρολέσχας]
1418 1315 1550 1349 μετωρ.
1573 1305 1651 1339 Ald.

1085 1368 1162 1416 αἶς]
1213 1385 1277 1407 om.
1329 1373 1429 1407 vind.
1462 1373 1504 1410 F.
1553 1375 1642 1419 Ang.
1665 1374 1707 1408 B.

1037 1418 1070 1451 F
1072 1418 1133 1452 lor.
1157 1419 1203 1453 R.

1036 1533 1067 1568 F
1081 1484 1326 1534 Ὀρθότατα]
1363 1483 1572 1532 ὄρθιότατα
1603 1488 1706 1525 Vind.

1036 1650 1068 1685 V
1081 1600 1292 1684 ίῖέλιῖῙιστον]
1324 1601 1496 1647 μέγιστον
1530 1603 1632 1638 Vind.
1664 1604 1706 1639 Β.

1058 1659 1089 1684 ἐι
1107 1676 1115 1684 .
1141 1659 1166 1684 -’
1182 1677 1190 1685 .

1084 1716 1382 1763 ἐπιτηδευόντων
1394 1729 1402 1737 ·
1416 1720 1429 1764 ]
1465 1715 1704 1762 ἐπιτηδευόν-

1036 1778 1123 1810 των,
1150 1766 1372 1800 recentiores.

1082 1833 1204 1880 πολύ]
1231 1832 1348 1879 πολλὴ
1371 1834 1447 1868 Par.
1469 1834 1516 1870 Κ.

1081 1904 1263 1949 ylyvfivca]
1291 1904 1359 1948 ylv.
1384 1903 1485 1940 ἶίιιᾱ.
1508 1903 1583 1938 ΒΕ.

1701 1833 1741 1875 D

1080 1973 1310 2021 φιλοσοφία]
1345 1973 1403 2006 Ita
1431 1973 1611 2007 Bekkerus
1642 1984 1699 2007 se-

1034 2021 1179 2054 cundum
1202 2010 1283 2055 Par.
1309 2020 1418 2054 ΑΒΚ.
1445 2021 1531 2063 (tac.
1542 2019 1698 2064 Bipont.)

1033 2068 1119 2101 Ven.
1146 2067 1188 2101 C.
1212 2068 1293 2101 Vat.
1317 2067 1362 2101 H.
1387 2066 1510 2110 quibus
1534 2066 1699 2099 accedunt

1031 2113 1126 2147 Mon.
1151 2114 1191 2147 Β.
1218 2112 1317 2146 Vind.
1332 2113 1403 2146 EF.
1428 2111 1544 2145 Astius
1564 2111 1600 2144 in
1617 2115 1698 2145 tert.

1033 2163 1068 2192 et
1100 2158 1341 2193 Stallbaumius
1378 2158 1560 2192 secundum
1602 2158 1699 2192 Flor.

1030 2205 1108 2239 UV.
1132 2217 1194 2249 pro
1227 2204 1471 2248 φιλοσοφίας,
1507 2215 1596 2248 quae
1617 2204 1699 2237 reli-

1031 2263 1174 2296 quorum
1199 2256 1235 2285 et
1267 2251 1418 2295 priorum
1442 2250 1624 2284 editionum
1648 2250 1699 2283 lo·-

1032 2298 1099 2332 ctio
1123 2310 1188 2331 non
1212 2297 1365 2331 deterior
1389 2301 1452 2339 est,
1477 2296 1697 2341 scripserunt.

1031 2345 1121 2390 Ang.
1145 2345 1186 2378 B.
1214 2343 1443 2388 φιλοσοφίαν
1467 2343 1583 2377 habet.

1075 2410 1125 2446 τὰ
1155 2412 1336 2456 τοιαῦτα]
1371 2411 1534 2445 τοιαῦτα
1557 2413 1638 2448 Bas.
1661 2413 1696 2448 b.

1029 2459 1150 2492 ταῦτα
1174 2460 1274 2495 Vind.
1299 2458 1342 2492 E.
1376 2456 1423 2491 τὰ
1449 2458 1610 2492 τοιαῦτα
1633 2459 1696 2494 ad-

1029 2517 1149 2539 versus
1173 2502 1357 2540 τοῖναντία
1381 2504 1540 2550 positum.

1078 2572 1175 2656 ἶνές]
1203 2575 1280 2619 φῆς
1303 2574 1407 2609 Ἦ...]
1423 2573 1692 2610 F.Cf.V01.1.

1030 2630 1065 2666 p.
1115 2628 1126 2638 ⁹
1144 2646 1154 2663 ‚
1179 2632 1211 2655 a.

1078 2686 1143 2734 δὲ]
1172 2685 1215 2724 δ’
1240 2689 1341 2726 Vind.
1365 2689 1440 2724 BE.

1077 2755 1217 2805 ἀληθῆ]
1245 2756 1385 2803 ἄληθες
1407 2759 1492 2793 Lob.
1509 2757 1693 2793 Vind.BF.

1028 2805 1124 2841 Flor.
1148 2806 1192 2841 R„
1233 2803 1396 2850 τάληθές
1426 2806 1506 2841 Vat.
1528 2804 1572 2839 B.
1606 2805 1692 2840 Ven.
