1807 3219
482 184 820 227 CIVITAS
867 183 1098 225 LlB.VII.
1130 189 1197 223 537

1447 189 1528 229 341

146 293 336 346 τούτους
365 290 447 348 αὖ,
487 296 664 340 ἐπειδάν
701 296 754 340 τά
784 295 1022 349 τριάκοντα
1058 295 1129 351 ἔτη
1160 297 1442 351 ἐκβαίνωσιν,
1483 297 1529 340 ἐκ

146 367 236 406 τῶν
264 365 517 418 προκρίτων
547 364 903 419 προκρινάμενον
936 366 996 415 εἰς
1025 366 1198 419 μείζους
1230 379 1274 406 τε
1294 363 1422 418 τιμάς
1448 381 1527 407 κα-

146 430 355 475 1θιστάναι
383 433 457 476 καὶ
487 437 666 476 σκοπεῖν
693 436 748 490 τῇ
777 436 859 476 τοῦ
880 432 1157 488 διαλέγεσθαι
1182 431 1366 488 δυνάμει
1390 435 1529 488 βασα-

146 500 346 552 νίζοντα,
375 501 439 552 τίς
469 499 680 557 ὀμμάτων
711 501 786 544 καὶ
814 504 892 557 τῆς
921 500 1049 557 ἄλλης
1068 500 1314 585 αἰσθησεως
1339 502 1529 555 δυνατός

146 568 404 623 μεθιέμενος
432 569 496 613 ἐπ’
525 569 632 613 αὐτο
665 571 713 613 τὸ
743 568 796 612 ὂν
834 567 919 624 μἐτ
948 567 1157 626 ἀληθείας
1185 569 1308 614 ἰέναι.
1357 588 1431 614 και
1459 571 1528 615 ἐν-

112 631 115 635 ’
145 640 301 680 ταῦθα
322 638 375 693 δὴ
403 641 567 721 n‘omiffg
596 641 796 694 φυλακῆς
834 636 988 692 ε’ργον,
1029 639 1064 681 ὠ
1095 639 1244 692 ἑταῖρε

547 705 639 751 Οὐκ
682 707 876 759 ἐννοεῖς,
921 708 977 762 ἠν
1006 703 1050 749 δ’
1083 723 1190 761 εγω,
1228 707 1278 750 τὸ
1309 711 1398 751 νῦν
1426 709 1525 762 περὶ
1554 713 1587 752 F,

143 771 194 816 τὸ
235 772 513 829 διαλέγεσθαι
555 775 694 819 κακὸν
738 774 1000 831 γιγνόμενον
1039 773 1147 818 ὅσον
1185 777 1400 831 γίγνεται;

146 715 253 758 στα,-
297 707 322 761 ἡ
353 703 399 749 δ’
427 705 489 758 ὅς.

1310 641 1361 682 Τί
1401 639 1526 695 μάλι-

1465 778 1525 821 Τὸ

143 843 277 886 ποῖον
287 860 301 895 ,·
333 842 429 901 ἔφη.
491 845 782 901 Παρανομίας
809 860 921 896 που,
965 843 1077 899 ἔφην
1106 841 1214 899 ἐγώ,
1255 844 1523 900 ἐμπίπλαται.

187 1011 339 1056 μόνιμοι
368 1011 423 1060 δ’]
453 1025 490 1058 μ.
521 1011 561 1049 δὲ
595 1014 697 1050 Vind.
729 1015 800 1050 BF.

142 1058 235 1094 Mon.
261 1060 303 1094 C.

140 1151 171 1184 C
185 1104 257 1185 1101ιῆ
260 1106 473 1187 ἔῑοιςέοὲᾶΤ
476 1107 583 1187 γῩίῐιᾱ.
607 1108 681 1165 {31}
705 1107 800 1163 Mon.

174 1177 184 1186 .
300 1178 308 1186 .
509 1179 532 1193 .,
562 1166 625 1188 και
655 1166 694 1187 εν
722 1166 801 1193 τοις

137 1197 223 1231 Lob.
249 1198 350 1233 Vind.
376 1199 415 1233 F.
440 1199 535 1234 Mon.
559 1201 600 1233 B.
633 1201 730 1235 Flor.
754 1200 798 1234 U.

136 1255 212 1277 cum
245 1245 450 1279 editionibus
484 1250 563 1279 ante
593 1247 801 1288 Bekkerum,

135 1289 195 1334 qui
216 1291 251 1323 in
275 1303 392 1325 comm.
415 1290 478 1325 καὶ
496 1295 576 1331 τοῖς
598 1292 631 1325 in
655 1293 735 1326 Par.
756 1294 797 1326 A.

135 1337 221 1371 Ven.
244 1337 286 1372 Β.
310 1337 410 1372 Vind.
434 1339 476 1373 B.
505 1338 582 1372 Vat.
608 1338 650 1371 H.
675 1339 799 1381 omitti,

133 1382 168 1416 in
186 1383 346 1441 reliquis
379 1387 416 1417 et
461 1384 550 1428 apud
586 1385 798 1429 Stephanum

133 1427 198 1463 καὶ
218 1427 257 1463 ἐν
273 1432 354 1469 τοῖς
371 1429 440 1474 legi
459 1431 642 1464 scribens
633 1442 668 1464 1n
689 1431 797 1475 primi

129 1475 357 1510 adnotationis
379 1479 479 1521 parte
502 1477 590 1510 haud
616 1477 716 1510 dubie
741 1488 796 1509 ei-

130 1522 222 1555 ravit
253 1525 288 1555 et
322 1525 468 1567 quatuor
499 1522 576 1556 illos
599 1523 703 1556 libros
727 1534 795 1556 non

129 1569 215 1602 haec
237 1571 305 1602 tria
333 1568 522 1610 vocabula,
554 1569 615 1602 sed
647 1569 795 1602 medium

129 1625 246 1648 eorum
269 1614 426 1648 omittere
456 1626 562 1659 seque
592 1626 709 1648 eorum
733 1627 796 1649 au-

131 1661 325 1694 ctoritatem
372 1664 524 1695 secutum
561 1661 795 1695 demonstrare

130 1706 247 1740 voluit.

177 1750 356 1797 τούτους]

131 1797 280 1840 τούτοις
315 1799 400 1834 Lob.
432 1800 512 1834 vat.
549 1800 589 1833 B.
633 1801 719 1834 Ven.
751 1800 793 1836 C.

130 1846 211 1881 Par.
228 1846 273 1880 K.
296 1845 391 1880 Flor.
412 1845 520 1879 ACU.
545 1846 622 1880 Ald.
646 1846 728 1881 Bas.
737 1847 793 1881 ab.

130 1895 298 1927 etam.
331 1902 358 1925 5.
392 1892 553 1927 Mon.B.
589 1893 792 1938 (am.pr.

130 1935 320 1982 τούτους.)

176 1984 408 2039 προκρίτων]
435 1996 501 2019 om.
525 1985 618 2020 Mon.
643 1984 682 2018 B.

175 2028 500 2075 προκρινάμενον]
545 2029 793 2076 προκριναμέ-

131 2089 206 2112 νων
231 2077 330 2112 vind.
350 2078 391 2111 B.
418 2077 511 2111 Mon.
532 2078 573 2112 C.

175 2120 422 2168 καθιστάναι]
445 2123 673 2158 nocam-&voca
694 2123 792 2158 Vind.

129 2171 456 2261 Reocaoevigovvoe]
529 2215 794 2261 βασανίζονται

125 2262 228 2298 idem.
252 2262 522 2308 βασανίζοντας
537 2262 630 2296 Mon.
649 2262 690 2297 B.
713 2262 793 2297 Par.

125 2309 171 2389 Κὁ
196 2320 264 2344 sec.
288 2309 399 2346 Bekk.
423 2309 516 2343 Flor.
540 2308 586 2342 U.
609 2308 684 2342 Ald.
709 2309 790 2343 Bas.

122 2366 371 2480 ἶηύμμάτων]
408 2396 493 2444 ὄμμ.
515 2411 556 2435 τε
588 2399 688 2434 Vind.
713 2399 790 2436 EF.

121 2458 216 2527 ..1ξὲ
234 2447 583 2528 ssffffiss'akssffl·
612 2448 701 2491 ‘³¹¹3‘
726 2447 788 2491 ¹³³

158 2537 300 2573 δυνατὸ
306 2540 337 2583 ς]
348 2542 428 2585 post
434 2537 655 2583 μεθιέμενος
665 2539 788 2585 Steph.

120 2585 196 2620 Ast.
221 2597 274 2630 pr.
298 2597 367 2619 sec.

168 2629 400 2676 μεθιέμενος]
425 2628 634 2675 μετιέμενος
657 2631 734 2665 Bas.
753 2631 789 2666 b.

170 2687 228 2724 ἐπ’
248 2686 373 2734 αύτο]
401 2685 541 2723 ἐπαντὸ
566 2689 664 2724 Vind.
687 2689 733 2725 F.

170 2746 256 2792 καὶ]
281 2759 346 2782 om.
370 2749 458 2792 Ang.
478 2748 521 2782 B.

172 2817 334 2861 πολλῆς]
367 2816 467 2850 Prius
491 2817 511 2850 λ
544 2815 636 2851 Mon.
661 2815 701 2849 B.
725 2814 787 2851 int.

127 2874 218 2898 vers.
240 2875 262 2898 a
285 2875 327 2899 m.
348 2875 376 2899 s.
395 2863 510 2899 habet.

403 1755 482 1799 post
529 1745 582 1787 αὖ
626 1754 706 1788 Vat.
743 1753 792 1790 M.

905 1013 1066 1057 ἐννοεῖς]
1109 1013 1150 1047 In
1183 1013 1274 1048 Mon.
1301 1013 1341 1047 C.
1379 1014 1520 1048 alterum

857 1073 879 1096 ν
902 1062 965 1096 int.
989 1071 1079 1095 vers.
1103 1065 1166 1093 est.

903 1105 1041 1151 κακὸν]
1085 1104 1202 1140 καλὸν
1233 1106 1313 1141 Par.
1346 1107 1384 1140 A.
1422 1106 1522 1140 Vind.
1556 1108 1588 1147 E

856 1155 928 1188 BE.
956 1155 1047 1187 Mon.
1079 1153 1118 1186 C.
1143 1154 1224 1187 Vat.
1237 1153 1279 1185 H.
1306 1152 1398 1186 Flor.
1415 1153 1522 1187 ACV.

856 1201 926 1234 Sed
958 1199 1087 1232 ironiae
1119 1199 1173 1232 hic
1205 1210 1271 1232 non
1304 1204 1380 1232 erat
1417 1199 1523 1240 locus,

857 1254 892 1280 et.
922 1248 1083 1290 frequens
1120 1244 1190 1278 ista
1221 1245 1255 1278 in
1297 1245 1523 1279 deterioribus

855 1293 952 1326 libris
986 1292 1138 1325 confusio
1171 1294 1244 1331 es‚t
1277 1303 1376 1336 quam
1408 1290 1464 1324 hie
1487 1291 1522 1325 in

857 1339 1002 1392 optimo
1007 1339 1134 1371 factam
1156 1338 1318 1372 videmus.

899 1382 1136 1428 γιγνόμενον]
1164 1395 1232 1428 γιν.
1259 1384 1343 1417 Lob.
1369 1383 1461 1417 Mon.
1479 1383 1519 1418 C.

900 1431 1083 1474 γίγνεται]
1108 1430 1176 1486 γίν.
1204 1430 1295 1463 Mon.
1323 1429 1363 1462 C.

900 1475 1137 1520 ἐμπίπλαται]
1151 1473 1405 1518 ἐμπίπλασθαι
1418 1476 1518 1510 Vind.

854 1524 896 1556 E.
934 1527 968 1556 et
1000 1534 1117 1566 margo
1154 1508 1245 1556 lirion.
1270 1523 1311 1556 B.
1336 1522 1369 1555 in
1405 1535 1472 1567 quo
1498 1535 1520 1557 a

851 1569 1024 1603 111.5.σθ
1047 1580 1109 1613 pro
1134 1581 1176 1611 τ,
1224 1568 1313 1613 quod
1340 1572 1518 1603 contextus

851 1616 1004 1656 exhibet,
1029 1614 1196 1660 scriptum
1219 1618 1282 1648 est.
1314 1611 1523 1658 ἐμπίπλαν-’

850 1673 914 1695 ται
939 1661 1036 1694 Vind.
1062 1662 1102 1695 B.
1144 1661 1236 1695 Mon.
1273 1660 1314 1694 C.
1360 1662 1438 1696 Vat.
1472 1662 1516 1697 H.

850 1707 944 1743 Flor.
975 1707 1146 1741 ACRTV.
1193 1707 1296 1752 idque
1342 1707 1516 1741 Stallbau—

852 1753 939 1787 nlius
972 1755 1015 1787 ab
1048 1753 1146 1787 Astio
1180 1753 1213 1786 in
1241 1758 1321 1788 tert.
1346 1765 1514 1788 commen—

851 1800 966 1834 datum
993 1799 1123 1843 recepit
1158 1805 1193 1833 et
1218 1800 1247 1833 F
1250 1800 1329 1833 icini
1363 1801 1515 1834 auctori-

851 1849 923 1880 tate
947 1846 1108 1887 munivit,
1140 1846 1199 1891 qui
1230 1847 1412 1880 Socratem
1445 1848 1514 1881 lm·-

850 1893 984 1937 quitate
1007 1904 1150 1937 prorsus
1171 1894 1349 1927 abundant
1372 1904 1515 1937 respon·—

850 1940 986 1972 dentem
1010 1938 1101 1973 fecit.
1134 1939 1280 1972 Pluralis
1304 1939 1347 1972 ad
1361 1950 1513 1994 sequen—

847 1985 899 2019 tia
922 1988 959 2018 et
980 1985 1024 2019 ad
1048 1997 1232 2029 pronomen
1254 1981 1397 2024 αὐτοὺς
1423 1986 1514 2020 haud

850 2030 952 2065 dubie
982 2031 1093 2076 aptior
1133 2035 1187 2065 est
1217 2031 1404 2076 singulari,
1453 2033 1513 2066 sed

849 2077 958 2122 magis
993 2077 1207 2122 respicienda
1253 2083 1332 2112 sunt
1375 2081 1513 2112 antece—

849 2123 986 2165 dentia,
1019 2124 1055 2157 in
1079 2124 1200 2168 quibus
1223 2135 1323 2169 quum
1348 2124 1512 2159 Socrates

847 2169 899 2204 ita
922 2171 1056 2204 locutus
1082 2175 1193 2212 esset,
1227 2170 1326 2215 quasi
1348 2170 1413 2215 ipsi
1437 2170 1511 2204 dia—

847 2215 1000 2258 lecticae,
1018 2216 1297 2262 quemadmodmn
1314 2221 1394 2250 tune
1405 2228 1511 2261 opera

848 2261 880 2296 ei
902 2262 1063 2304 daretur,
1089 2274 1247 2306 magnum
1273 2263 1395 2296 malum
1420 2263 1511 2296 acci-

846 2307 965 2350 deret,
998 2314 1259 2342 consentaneum
1289 2312 1365 2342 erat
1387 2310 1511 2342 malum

847 2354 1037 2389 sciscitanti
1070 2355 1238 2388 Glauconi
1271 2355 1354 2388 item
1384 2360 1424 2389 ut
1457 2354 1509 2388 in—

846 2400 989 2434 haerens
1002 2400 1203 2435 dialecticae
1221 2401 1401 2435 ostendere
1417 2413 1509 2435 eam-

844 2459 914 2501 que
936 2447 1145 2493 iniquitatis,
1181 2459 1250 2493 qua
1274 2447 1511 2482 adolescentes

843 2492 1018 2538 impleret,
1064 2494 1173 2539 ipsam
1215 2493 1348 2539 plenam
1382 2493 1509 2528 dicere.

845 2538 1008 2573 ceterum
1033 2541 1098 2575 hoc
1130 2539 1318 2585 periculum
1341 2551 1410 2573 una
1433 2551 1508 2573 cum

843 2586 994 2620 remedio
1017 2585 1106 2621 infra
1129 2598 1163 2632 p.
1177 2587 1256 2621 539.
1276 2586 1316 2619 B.
1341 2597 1509 2619 commen-

844 2632 926 2666 dato
951 2632 1132 2677 aliquoties
1165 2631 1347 2666 secundum
1370 2632 1434 2666 hos
1457 2632 1507 2665 lo-

845 2689 904 2712 cos
945 2678 1146 2712 memoravit
1177 2679 1319 2711 Proclus
1351 2677 1386 2711 in
1418 2678 1507 2711 Par-

845 2735 931 2758 men.
956 2725 1001 2759 T.
1026 2725 1110 2759 IIII.
1134 2736 1167 2768 p.
1191 2724 1256 2759 41.
1291 2721 1360 2767 τὴν
1387 2724 1504 2758 διαλε

843 2768 971 2814 κτικὴν
999 2771 1177 2826 μηδαμῶς
1206 2769 1405 2825 προσήκειν
1435 2781 1505 2803 πα-

843 2817 1073 2873 ραδίδοσθαι
1091 2815 1211 2860 νέοις,
1237 2813 1288 2855 ὥς
1309 2813 1329 2851 ὁ
1352 2813 1504 2870 Σωκρά-

844 2875 910 2908 της
928 2860 968 2898 ἐν
989 2863 1164 2911 Πολιτεία
1183 2861 1288 2906 φησὶ,
1311 2860 1361 2906 μὴ
1381 2859 1502 2896 λάθω-
