1807 3219
311 198 368 237 46
757 195 789 236 P
818 195 852 236 L
880 195 924 236 A
951 194 989 236 Τ
1020 193 1060 237 O
1089 190 1127 237 N
1155 194 1175 237 I
1204 193 1233 234 S

311 311 395 356 θος
432 302 523 349 τῶν
558 304 711 362 γάμων
748 306 817 350 ἐπὶ
855 311 948 358 τοῖς
988 304 1173 363 ἄρχουσι
1211 306 1481 363 ποιήσομεν,
1538 302 1595 348 ἵν’
1635 322 1695 356 ως

311 374 502 430 μάλιστα
552 370 796 427 διασώζωσι
831 375 911 418 τὸν
954 372 1089 419 αὐτὸν
1129 374 1324 431 ἀριθμόν
1373 378 1460 418 τῶν
1505 371 1695 429 α’νδρῶν,

311 443 425 497 πρὸς
466 443 684 498 πολέμους
729 459 773 486 τε
812 444 886 486 καὶ
927 441 1091 495 νόσους
1131 445 1205 487 καὶ
1247 442 1392 487 πάντα
1429 441 1482 485 τὰ
1512 446 1697 486 τοιαῦτα

311 511 693 563 ἀποσκοποῦντες,
733 511 808 554 καὶ
837 511 942 568 μήτε
972 511 1134 570 μεγάλη
1164 512 1269 568 ἡμῖν
1297 511 1324 569 ἡ
1354 510 1479 561 πόλις
1508 509 1617 553 κατα
1647 510 1698 554 τὸ

313 579 506 623 δυνατὸν
536 578 642 636 μήτε
673 581 835 636 σμικροὶ
866 583 1076 638 γίγνηται.
1131 580 1331 636 Ὀρθῶς,
1372 580 1469 636 ἔφη.
1529 581 1699 634 Κλῆροι

314 646 369 704 δή
398 665 533 700 τινες,
583 647 727 704 οἶμαι,
775 649 971 707 ποιητέοι
1009 649 1198 706 κομψοὶ,
1249 648 1358 692 ὥστε
1398 648 1478 691 τόν
1523 652 1698 703 φαῦλον

314 716 485 761 ἐκεῖνον
527 715 754 760 αἰτιᾶσθαι
795 717 859 773 ἐφ’
898 716 1078 774 ἑκάστης
1117 717 1356 772 συνέρξεως
1391 714 1546 772 τύχην,
1589 713 1699 758 ἀλλὰ

252 793 288 834 Β
314 785 372 842 μή
404 784 509 836 τούς
540 784 764 841 ἄρχοντας.
825 786 913 829 Καὶ
944 785 1083 842 μάλα,
1116 786 1212 841 ἔφη.
1272 786 1361 828 Καὶ
1391 789 1483 834 τοῖς
1514 782 1699 838 ἀγαθοῖς

313 855 362 911 γέ
391 870 480 897 που
512 858 600 897 τῶν
627 853 739 898 νέων
769 855 817 898 ἐν
846 854 1019 912 πολέμῳ
1049 854 1077 910 ἢ
1108 853 1263 897 ἄλλοθί
1292 869 1380 897 που
1409 851 1516 908 γέρα
1547 851 1701 895 δοτέον

313 923 388 967 καὶ
419 918 536 966 ἆθλα
567 922 678 966 ἄλλα
706 939 751 966 τε
792 923 866 966 καὶ
909 922 1217 978 ἀφθονεστέρα
1246 921 1272 979 ἡ
1303 922 1478 974 ἐξουσία
1507 924 1582 976 τῆς
1611 924 1701 963 τῶν

314 994 541 1048 γυναικῶν
572 989 916 1048 ξυγκοιμήσεως,
959 993 1032 1034 ἵνα
1072 991 1146 1035 καὶ
1182 990 1269 1048 ἅμα
1297 990 1403 1047 μετὰ
1435 989 1701 1047 προφάσεως

360 1138 443 1184 ἐπὶ]
469 1138 531 1174 καὶ
557 1136 618 1174 ἐπὶ
643 1139 743 1174 Vind.
762 1140 804 1174 D.
853 1140 979 1174 Exem-

312 1187 371 1232 pla
395 1187 550 1220 dictionis
569 1189 692 1220 ποιεῖν
712 1184 772 1220 έπί
790 1198 873 1229 τινι,
892 1199 980 1231 quae

315 1233 557 1267 Stallbaumius
583 1232 615 1265 in
647 1237 804 1277 promptu
829 1244 894 1265 non
918 1234 981 1266 ha-

315 1280 442 1321 bebat,
480 1278 666 1311 Kfinoelius
706 1278 905 1322 suppeditat
936 1279 980 1313 ad

314 1324 504 1359 WVellerum
528 1324 594 1357 HI.
621 1325 652 1358 b.
678 1336 712 1370 p.
737 1324 817 1360 235.

360 1391 591 1437 ποιήσομέν]
639 1391 853 1437 ποιήσωμεν
894 1393 978 1427 Lob.

314 1441 400 1485 Ang.
427 1441 465 1473 B.
490 1441 582 1473 Flor.
606 1440 648 1473 R.

360 1506 541 1553 μάλιστα]
566 1506 742 1542 κάλλιστα
767 1507 865 1542 Vind.
889 1507 934 1542 E.

363 1575 571 1621 πολέμους]
616 1577 673 1610 Ita
704 1577 783 1610 Par.
815 1577 855 1610 A.
895 1577 981 1610 Ven.

315 1625 388 1659 BC.
421 1623 517 1657 Vind.
546 1624 621 1656 EF.
645 1624 730 1667 Ang.
755 1623 795 1656 Β.
831 1623 910 1656 Vat.
936 1623 980 1655 H.

316 1672 409 1705 Flor.
436 1669 608 1703 ACRTV.
635 1669 834 1712 πολεμίους
858 1668 984 1713 reliqui

288 1744 290 1747 f
317 1718 451 1751 codices
485 1715 655 1761 editique
667 1721 747 1749 ante
779 1715 982 1749 Bekkerum.

317 1764 433 1798 hostes
456 1762 529 1795 Fic.
898 1775 901 1780 .

331 1829 334 1832 ⁴
364 1833 426 1875 τε]
460 1831 536 1864 Ηοο
559 1829 594 1863 in
618 1829 764 1872 eisdem,
796 1829 828 1863 si
852 1841 873 1863 a
896 1829 982 1863 Ven.

320 1878 361 1911 C.
386 1877 602 1918 discesseris,
626 1876 721 1909 libris
747 1875 985 1920 perscriptum,

318 1923 377 1977 qui
403 1921 588 1965 πολέμους
621 1921 803 1963 exhibent,
837 1921 870 1954 in
903 1921 985 1954 reli—

319 1970 396 2015 quis
423 1974 534 2003 autem
558 1973 594 2001 et
623 1968 723 2011 vulgo
748 1967 904 2001 omissum
928 1979 986 2000 re-

320 2020 375 2050 ete
401 2014 642 2049 Stallbaumius
673 2014 709 2047 in
744 2025 812 2047 sec.
846 2013 898 2047 ed.
931 2025 985 2046 re-

319 2061 422 2106 cepit
471 2060 540 2101 Qui
565 2060 642 2093 dum
675 2064 823 2105 quatuor
852 2062 986 2094 tantum

319 2106 471 2142 Bekkeri
516 2107 650 2141 codices
703 2110 856 2140 secutum
909 2116 985 2139 esse

320 2153 489 2195 ostendit,
529 2153 605 2198 ipse
646 2163 781 2186 suarum
814 2151 986 2185 variarum

319 2200 521 2241 lectionum,
554 2199 588 2232 in
613 2198 734 2244 quibus
758 2209 798 2232 τε
821 2210 863 2232 ex
887 2197 985 2242 quin-

320 2258 388 2300 que
420 2245 626 2279 Florentinis
668 2244 815 2287 retulit,
861 2243 986 2278 oblitus

320 2292 470 2327 videtur.

368 2359 433 2396 καὶ
456 2358 603 2405 παντα]
629 2373 692 2394 om.
717 2359 816 2393 Vind.
841 2359 884 2393 Ε.

368 2427 502 2474 μέγαλη
538 2449 587 2455 —
620 2426 776 2473 σμικρὰ]
818 2427 987 2473 populosa

321 2477 424 2511 nimis
447 2497 492 2502 -—
516 2489 629 2510 vacua
652 2476 725 2509 Fic.
762 2475 817 2508 Cf.
842 2475 883 2508 L.
902 2473 987 2508 1111.

320 2533 356 2567 p.
382 2524 460 2559 423.
488 2522 529 2556 C.

369 2588 440 2635 δή]
466 2588 508 2625 δέ
543 2591 621 2625 Par.
645 2590 690 2624 Κ.
716 2588 854 2624 secund.
878 2588 987 2623 Bekk.

322 2637 409 2680 Ang.
436 2637 476 2671 Β.

370 2701 450 2750 ἐφ’]
476 2702 543 2749 ἀφ’
567 2705 660 2740 Flor.
684 2703 760 2739 Ac.

262 2781 300 2823 B
369 2771 434 2817 γέ]
463 2772 504 2808 τέ
528 2775 613 2808 Lob.
638 2775 718 2808 vat.
744 2774 792 2808 Μ.
832 2771 874 2808 δέ
898 2774 991 2807 Mon.

324 2818 484 2899 'BfUParn
520 2820 596 2854 DK.
634 2831 703 2854 sec.
738 2821 850 2855 Bekk.
896 2820 989 2854 F.lor

1082 1136 1200 1196 νέων]
1224 1136 1364 1182 γονέων
1387 1139 1482 1173 Flor.
1505 1139 1550 1174 T.

1081 1181 1105 1230 ἢ
1134 1182 1269 1220 ἄλλοθί
1295 1187 1393 1230 που]
1420 1198 1484 1220 om.
1507 1186 1539 1219 h.
1560 1185 1582 1220 l.
1608 1185 1702 1220 Flor.

1082 1274 1195 1322 γέρα]
1221 1274 1331 1321 γέρας
1354 1277 1442 1322 Ang.
1465 1278 1506 1311 B.
1532 1275 1623 1321 γέρα
1641 1290 1702 1312 no-

1036 1324 1232 1359 minativum
1257 1334 1333 1356 esse
1357 1335 1503 1380 sequens
1522 1323 1702 1358 nominati-

1036 1382 1099 1405 vus
1133 1366 1397 1413 αφθονέστέρα
1420 1366 1443 1414 ἡ
1470 1367 1618 1411 ἐξουσία
1643 1370 1704 1403 (10-

1039 1422 1112 1458 cet,
1160 1415 1213 1449 cui
1252 1427 1314 1461 per
1353 1416 1548 1459 enahagen,
1596 1416 1706 1461 qualis

1038 1462 1210 1496 Phaedon.
1249 1474 1282 1506 p.
1323 1464 1399 1497 107.
1434 1462 1475 1496 Β.
1519 1462 1554 1495 in
1591 1462 1706 1496 verbis

1038 1506 1107 1548 τάς
1131 1519 1168 1552 γε
1194 1504 1417 1563 ὑποθέσεις,
1449 1505 1519 1547 τὰς
1541 1505 1706 1563 πρώτας,

1039 1553 1104 1590 καὶ
1129 1554 1165 1588 εἰ
1186 1553 1314 1587 πισταὶ
1338 1551 1428 1610 υμῖν
1454 1553 1571 1597 εἰσὶν,
1607 1550 1706 1597 ὅμως

1041 1598 1275 1635 ἐπισκεπτέαι
1306 1597 1533 1644 σαφέστερον
1558 1601 1630 1634 sine
1654 1602 1707 1634 of„

1040 1648 1193 1682 fensione
1229 1646 1301 1688 fit,
1348 1652 1427 1691 post
1475 1646 1707 1681 accusativum

1040 1693 1215 1728 inferendo
1249 1693 1303 1726 hic
1342 1693 1476 1738 quidem
1511 1692 1593 1726 mhil
1618 1695 1706 1735 erat,

1041 1740 1131 1786 quod
1156 1738 1367 1772 occasionem
1385 1739 1468 1772 dare
1488 1742 1615 1793 posset.
1636 1739 1708 1772 Iam

1040 1797 1126 1821 vero
1147 1797 1211 1819 non
1238 1782 1391 1827 δοτέον,
1426 1785 1487 1818 sed
1511 1783 1625 1818 δοτέα
1652 1784 1707 1817 di-

1042 1832 1184 1866 cendum
1210 1831 1318 1865 fuisse
1340 1831 1486 1865 videtur.
1522 1831 1593 1864 Sed
1616 1831 1707 1865 idem

1041 1888 1218 1919 numerus,
1253 1877 1310 1922 qui
1344 1878 1450 1911 verbo
1485 1889 1559 1910 cum
1583 1880 1706 1911 neutro

1041 1923 1181 1968 pluralis
1215 1927 1411 1957 constructo
1445 1923 1613 1967 legitimus
1642 1928 1708 1964 est,

1040 1970 1095 2004 hic
1120 1969 1163 2003 ad
1186 1970 1325 2003 verbale
1349 1970 1577 2011 transfertur,
1616 1969 1707 2014 quod

1041 2015 1174 2050 omnino
1201 2017 1243 2048 ab
1269 2015 1512 2049 adiectivorum
1535 2015 1708 2048 mutabili-

1040 2067 1115 2096 tate
1147 2065 1311 2095 remotum
1343 2065 1406 2095 est.
1457 2061 1511 2094 Cf.
1553 2060 1705 2106 Sophist.

1042 2120 1076 2153 p.
1100 2101 1179 2142 223.
1214 2108 1261 2140 Β.
1302 2103 1326 2151 ἡ
1341 2104 1490 2161 τέχνης
1529 2106 1706 2141 οἰκειωτι-

1040 2154 1109 2197 πῆς
1131 2167 1178 2178 —·-
1193 2150 1393 2209 γιγνομένη
1413 2151 1532 2208 θήρα
1545 2163 1707 2197 προσρη-

1040 2198 1148 2238 τέον,
1174 2212 1225 2239 ως
1246 2196 1265 2233 ὁ
1285 2200 1355 2233 νῦν
1379 2196 1487 2254 λόγος
1509 2195 1599 2242 ἡμῖν
1619 2209 1707 2242 συμ-

1042 2225 1186 2301 βαίνέι,
1212 2242 1416 2301 σοφιστική.
1444 2246 1539 2278 Crat.
1560 2246 1638 2280 410.
1657 2245 1706 2279 C:

1042 2291 1083 2326 αἱ
1110 2289 1176 2335 μὲν
1198 2290 1243 2335 δὴ
1267 2291 1363 2347 (δραι
1380 2288 1563 2326 Ἀττικιστὶ
1588 2303 1640 2331 ως
1661 2290 1704 2326 τὸ

1041 2336 1203 2373 παλαιὸν
1228 2335 1372 2382 ῥητέον.

1092 2399 1221 2450 ἆθλα]
1257 2400 1362 2440 ἆθλα
1402 2404 1535 2440 δοτέον
1567 2403 1607 2440 δ’
1638 2402 1706 2440 αυ’

1043 2455 1122 2492 τοῖς
1157 2453 1241 2508 Ang.
1276 2454 1316 2487 B.
1377 2446 1481 2486 ἆθλα
1511 2448 1534 2495 ἢ
1571 2448 1708 2487 αλλοθί

1042 2510 1117 2533 που
1142 2497 1275 2533 δοτέον
1299 2495 1340 2533 δ’
1366 2495 1497 2538 αυτοῖς
1520 2498 1611 2532 Flor.
1637 2499 1681 2532 T.

1092 2541 1184 2579 ἄλλα
1207 2546 1260 2589 τε]
1286 2550 1320 2580 et
1345 2547 1417 2579 alia
1438 2546 1613 2600 permulta
1630 2545 1706 2579 Fic.

1092 2588 1385 2636 αφθονέστέρα]
1445 2587 1708 2635 ἄφθονέστερα

1045 2637 1131 2672 Lob.
1176 2637 1275 2671 Vind.
1299 2638 1339 2671 Β.
1377 2640 1413 2670 et
1444 2648 1465 2670 a
1499 2648 1541 2670 m.
1575 2648 1628 2683 pr.
1663 2637 1705 2671 F.

1049 2681 1304 2728 ἀφθονωτέρα
1327 2683 1420 2718 Mon.
1445 2683 1486 2716 B.
1510 2683 1602 2717 Flor.
1629 2683 1673 2722 U.

1091 2750 1383 2796 ξυγκοιμήσεως]
1419 2761 1517 2795 συγκ.
1542 2751 1638 2785 Vind.
1663 2751 1707 2786 F.

1074 2817 1354 2901 ιῷςΕπλέῖστοι]
1385 2821 1521 2865 plures,
1543 2832 1644 2866 quam
1668 2831 1708 2855 ex

1049 2879 1071 2901 a
1087 2879 1128 2902 tls
1182 2879 1222 2900 lc.
