1807 3219
251 1054 285 1098 C

245 2569 285 2612 D

307 129 391 169 198

761 124 1236 169 PLATONIS

307 235 482 293 ἐμπέσῃ.
509 234 680 279 τούτων
709 235 755 280 δὲ
786 237 951 291 πότερα
978 237 1186 294 γενέσθαι
1211 235 1242 293 ἢ
1274 233 1502 291 ἀμφότερα
1525 236 1584 288 ὥς
1605 235 1691 291 ἄρα

309 306 425 349 ἐστὶν
458 302 701 358 ἀδύνατον,
736 304 818 361 ἐγώ
848 305 928 362 μὲν
960 305 1117 350 οὐδένα
1149 305 1263 361 φημὶ
1291 304 1401 360 ἔχειν
1433 303 1578 360 λόγον.
1609 305 1693 350 οὕ-

308 389 368 416 τω
397 371 482 429 γάρ
514 371 570 416 ἂν
597 371 720 429 ἡμεῖς
750 375 930 425 δικαίως
958 372 1325 431 καταγελῴμεθα,
1363 371 1423 425 ὥς
1451 372 1590 426 ἄλλως
1619 373 1692 419 εὐ-

309 446 404 498 χαῖς
435 440 567 497 ὅμοια
596 441 806 496 λέγοντες.
855 441 884 498 ἢ
915 440 996 499 οὐχ
1034 441 1199 494 οὕτως;
1244 442 1406 494 Οὕτως.

1455 444 1512 485 Εί
1539 444 1694 486 τοίνυν

311 508 464 564 ἄκροις
497 511 556 561 εἰς
586 512 861 566 φιλοσοφίαν
889 510 1057 563 πόλεώς
1086 528 1151 562 τις
1182 508 1350 566 ἀνάγκη
1383 510 1695 568 ἐπιμεληθῆναι

311 577 341 633 ἢ
369 578 546 633 γέγονεν
576 579 623 622 ἐν
653 583 715 638 τῷ
746 577 911 639 ἀπείρῳ
941 584 1002 639 τῷ
1022 577 1345 635 παρεληλυθότι
1373 578 1541 636 χρόνῳ,
1575 579 1604 636 ἢ
1621 581 1696 624 καὶ

311 650 398 689 νῦν
435 646 553 690 ἐστὶν
592 646 641 691 ἔν
679 664 766 691 τινι
804 650 1062 704 βαρβαρικῷ
1100 646 1219 705 τόπῳ
1262 646 1420 703 πόῤῥω
1457 664 1545 693 που
1573 648 1696 700 ἐκτὸς

243 721 282 762 D
315 714 411 757 ὄντι
448 719 524 770 τῆς
562 713 774 772 ἡμετέρας
814 715 1040 770 ἐπόψεως,
1090 715 1119 773 ἢ
1160 716 1234 759 καὶ
1274 716 1419 759 ἔπειτα
1456 717 1697 775 γενήσεται,

309 784 409 838 περὶ
437 783 600 827 τούτου
629 784 796 841 ἕτοιμοι
824 789 886 843 τῷ
916 785 1031 844 λόγῳ
1072 782 1393 839 διαμάχεσθαι,
1432 785 1491 838 ὦς
1518 788 1697 843 γέγονεν

310 849 338 908 ἦ
370 852 572 908 εἰρημένη
609 856 805 897 πολιτεία
841 854 916 898 καὶ
956 854 1046 898 ἔστι
1083 854 1157 897 καὶ
1196 853 1421 910 γενήσεταί
1459 871 1530 910 γε,
1591 855 1698 899 ὅταν

312 919 423 977 αὕτη
454 919 480 978 ἡ
510 925 680 967 Μοῦσα
709 922 874 975 πόλεως
904 923 1112 980 ἐγκρατὴς
1136 923 1324 981 γένηται.
1364 921 1420 968 οὐ
1461 921 1545 978 γάρ
1586 920 1698 966 ἀδύ-

361 1043 401 1080 δε
427 1043 519 1080 πότε
522 1048 589 1092 ρα]
627 1045 667 1082 δ’
688 1046 854 1092 ὁπότερα
885 1048 980 1084 Μοη.

313 1093 354 1127 Β.
381 1091 421 1127 δὲ
443 1089 606 1136 ὁπότερα
630 1096 716 1130 Ven.
742 1096 784 1130 B.
817 1095 909 1128 Ξ·.Ιοι·
934 1095 980 1128 U.

311 1144 458 1173 etam.
484 1151 512 1172 s.
544 1141 626 1174 Vat.
652 1141 693 1174 Β.
729 1141 837 1185 (am.
860 1152 912 1185 pr.
940 1137 981 1175 δὲ

311 1185 370 1229 π.)
405 1196 480 1218 cum
523 1186 624 1220 editis
661 1189 741 1220 ante
773 1187 981 1229 Bekkerun1,

311 1232 601 1287 quemadmodum
616 1233 705 1266 infra
728 1245 761 1278 p.
784 1234 862 1268 509.
879 1234 919 1267 A.
946 1238 982 1267 et

311 1277 404 1311 alibi.
452 1278 522 1311 Sed
548 1276 711 1323 πότερον
731 1279 851 1313 eadem
874 1279 981 1323 signi-

310 1322 472 1357 ficatione
495 1324 565 1359 dici
583 1325 803 1359 Heindorfius
828 1325 872 1360 ad
885 1327 983 1360 The-

310 1373 378 1404 aet.
403 1382 437 1414 p.
465 1370 541 1406 145.
566 1371 606 1404 A.
632 1371 759 1404 docuit.

358 1412 469 1460 ἐστὶν]
495 1414 593 1451 ἔστιν
617 1417 703 1452 Lob.
732 1417 832 1453 Vind.
842 1417 886 1452 E.
903 1416 979 1451 Ald.

310 1462 472 1599 Βᾶἕᾲεξέ]
496 1513 577 1591 Ροῗξ
596 1507 714 1589 5.όῇον
737 1508 838 1546 Vind.
865 1509 909 1543 Ε.

356 1567 404 1588 αν
453 1568 508 1590 om
574 1568 594 1590 a

355 1599 670 1648 καταγελῴμεθα]
689 1599 979 1647 καταγελώμεθα

310 1646 434 1701 (Lob.)
460 1637 537 1682 Ald¹.
561 1649 642 1682 Bas.
664 1649 718 1681 ab.

357 1690 549 1738 λέγοντες]
589 1691 779 1738 λέγονταις
817 1693 910 1729 Mon.
935 1694 977 1729 B.

311 1743 391 1774 ante
416 1752 504 1774 corr.

361 1781 518 1840 Ου’τως]
546 1798 612 1820 om.
635 1785 734 1820 idem.

357 1827 508 1876 ἄκροις]
535 1828 605 1876 ἅκρ
630 1845 648 1872 ς
672 1832 771 1867 Vind.
796 1833 837 1866 B.

316 1879 440 1957 Ατις]
464 1890 504 1913 τε
528 1879 626 1913 Vind.
647 1879 690 1913 E.
712 1879 792 1913 Vat.
808 1879 854 1913 H.
879 1878 976 1913 Flor.

312 1925 604 2051 omaessffgffiffi
631 1967 796 2051 ῗάγέᾝν
814 1970 909 2050 ίῖἃΐ·
933 1970 978 2005 Κ·

359 2060 644 2107 ἐπιμεληθῆναι]
670 2059 880 2108 ἐπεμελήθη
898 2062 979 2098 Par.

311 2108 388 2143 DK.
413 2121 481 2143 sec.
506 2110 615 2145 Bekk.

359 2150 410 2198 ἢ]
435 2150 463 2198 ἡ
487 2156 567 2190 Bas.
592 2155 625 2191 b.

356 2201 410 2247 τῷ
429 2198 727 2246 παρεληλυθότι]
769 2201 825 2235 Cf.
847 2200 923 2237 Vol.
948 2199 978 2236 Ι.

311 2258 347 2293 p.
374 2235 452 2288 147,
478 2259 509 2281 a.
531 2249 564 2281 b.

357 2291 476 2337 ἐστὶν]
504 2290 600 2327 ἔστιν
633 2292 831 2335 Bekkerus‚
858 2293 979 2328 Astius

310 2339 345 2373 in
368 2343 447 2373 tert.
473 2344 508 2373 et
530 2339 653 2374 Stallb.
688 2339 758 2373 νῦν
781 2339 850 2373 vim
872 2340 979 2375 maio-

312 2396 386 2420 rem
408 2385 524 2420 habet.

356 2442 431 2465 που
453 2428 578 2476 ἐκτὸς]
606 2443 672 2466 om.
696 2430 782 2466 Lob.
807 2431 909 2468 Vind.
935 2432 977 2467 B.

311 2479 390 2512 Vat.
414 2478 494 2511 ΒΜ.
521 2474 625 2517 ἐκτὸς
648 2490 713 2513 om.
733 2479 818 2515 Ven.
834 2479 875 2512 B.
895 2478 980 2513 editi

318 2529 398 2558 aute
421 2524 628 2558 Bekkerum.

361 2568 448 2613 περὶ
471 2568 637 2614 τούτου]
664 2570 701 2604 in
722 2571 786 2605 hoc
815 2575 906 2605 certe
927 2582 983 2605 rc-

315 2628 392 2650 rum
411 2621 507 2649 statu
529 2617 605 2651 Fic.

361 2658 566 2716 εἰρημένη]
577 2659 740 2706 ἡμετέρα
763 2661 864 2697 Vind.
890 2662 935 2698 E.

362 2705 484 2750 αὕτη]
517 2705 612 2752 αὕτη
645 2708 726 2744 Par.
755 2709 795 2743 A.
830 2710 914 2743 Ven.
939 2709 982 2743 Β.

316 2753 417 2789 Vind.
443 2754 485 2787 Ε.
512 2755 592 2790 Vat.
589 2721 662 2787 η.Η
688 2755 781 2788 Flor.
806 2755 879 2789 AC.

362 2797 413 2844 ἢ]
443 2811 506 2833 om.
534 2799 631 2834 Vind.
657 2800 697 2834 F.
721 2802 808 2846 Ang.
826 2801 865 2835 Β.

1084 1046 1257 1104 γένηται]
1284 1046 1441 1083 εἶναιται
1463 1047 1560 1083 Vind.
1585 1047 1629 1081 Ε.

1085 1092 1298 1139 ἀδύνατος]
1325 1092 1516 1129 ἀδύνατον
1534 1093 1627 1127 Flor.
1649 1093 1695 1129 T.

1039 1143 1074 1174 et
1099 1141 1262 1175 editiones
1294 1147 1373 1175 ante
1404 1142 1613 1181 Bekkcrum‚
1637 1140 1698 1184 qui

1039 1187 1082 1221 de
1116 1187 1195 1221 Par.
1221 1188 1260 1220 A.
1294 1189 1379 1222 xen
1404 1189 1444 1222 Β.
1475 1189 1583 1227 ticet,
1615 1185 1698 1220 reli-

1038 1245 1124 1278 quos
1161 1230 1349 1273 ἀδύνατος
1383 1233 1505 1268 habere
1537 1235 1697 1266 testatur.

1037 1279 1176 1313 Ficinus
1208 1283 1321 1312 utrum
1353 1279 1491 1323 legerit,
1514 1278 1697 1321 incertum,

1038 1326 1100 1359 sed
1146 1326 1283 1359 videtur
1324 1322 1510 1360 αδύνατον
1551 1324 1698 1370 legisse:

1028 1373 1116 1427 fieri
1138 1378 1227 1406 certe
1248 1372 1286 1405 id
1306 1378 1428 1417 potest

1036 1414 1316 1498 F18⁹⁰1²37541²dm
1324 1418 1699 1509 20302053‘zusswzf33

1037 1520 1161 1544 comma
1185 1510 1386 1554 appositum.

1081 1553 1173 1599 Kal]
1201 1567 1266 1589 om.
1291 1556 1369 1590 vat
1394 1556 1436 1589 Β.

1081 1598 1160 1656 ὅτι]
1195 1613 1260 1636 om.
1283 1602 1357 1634 Ald.
1383 1602 1465 1635 Bas.
1491 1600 1547 1635 ab.
1574 1600 1658 1645 Step
1661 1599 1696 1634 h.

1077 1642 1197 1690 ἐρεῖς,·
1207 1648 1218 1691 ]
1244 1648 1301 1681 Ita
1324 1647 1426 1681 Vind.
1437 1647 1481 1682 E.
1505 1646 1583 1681 Ald.
1605 1646 1698 1680 Bek-

1033 1693 1157 1735 kerus,
1187 1673 1306 1727 ’Astius
1340 1693 1376 1727 in
1407 1697 1487 1727 tert.
1512 1697 1548 1727 et
1572 1692 1695 1727 Stallb.

1034 1736 1137 1783 ἐρεῖς.
1162 1739 1318 1794 reliquae
1343 1739 1517 1773 editiones.

1074 1783 1282 1829 κατηγόρει.
1294 1786 1306 1829 ]
1340 1783 1549 1829 κατηγόρει,
1575 1784 1695 1830 Steph.
1706 1789 1741 1830 E

1034 1829 1103 1865 Ast.
1120 1843 1171 1875 pr.
1191 1835 1271 1866 tert.
1297 1830 1515 1876 κατηγόρει·
1539 1832 1613 1865 Ast.
1626 1842 1695 1865 sec.

1078 1873 1231 1911 ἀλλοίαν
1259 1879 1344 1923 τοι]
1380 1879 1436 1912 Ita
1471 1878 1552 1912 Par.
1587 1877 1695 1911 ADK.

1029 1934 1098 1957 sec.
1124 1924 1234 1957 Bekk.
1260 1924 1345 1958 Ven.
1371 1925 1413 1958 C.
1438 1924 1531 1958 Mon.
1551 1924 1592 1958 B.
1618 1920 1696 1957 ἀλλ’

1031 1967 1117 2004 οἷαν
1140 1982 1200 2003 τοι
1235 1970 1333 2003 Vind.
1359 1970 1403 2004 F.
1434 1971 1515 2004 Bas.
1540 1971 1574 2004 b„
1620 1965 1696 2003 ἀλλ’

1031 2013 1069 2049 οἳ
1093 2012 1205 2049 αὐτοὶ
1225 2017 1327 2051 Vind.
1353 2017 1397 2050 Ε.
1424 2013 1500 2050 ἀλλ’
1526 2015 1612 2050 οἵαν
1638 2026 1698 2048 τοι

1030 2061 1116 2095 Lob.
1142 2062 1242 2096 Vind.
1264 2063 1305 2095 Β.
1334 2063 1443 2105 (Flor.
1464 2062 1698 2106 ACRTUV.)

1029 2107 1105 2141 Ald.
1130 2109 1211 2142 Bas.
1238 2120 1268 2142 a.
1294 2109 1413 2153 Steph.
1439 2109 1513 2142 Ast.
1539 2119 1592 2153 pr.
1611 2111 1696 2142 tert.

1029 2165 1147 2190 verum
1179 2155 1262 2199 quid
1294 2155 1368 2198 (eos
1392 2156 1597 2199 opinaturos
1625 2155 1698 2188 exi-

1029 2201 1170 2243 stimas)
1196 2201 1274 2234 Fic.
1306 2201 1360 2234 De
1383 2201 1521 2245 reliquis
1544 2200 1698 2234 Bekkeri

1028 2247 1202 2281 codicibus
1248 2258 1315 2280 non
1355 2250 1498 2280 constat.
1568 2246 1698 2279 Verum

1027 2293 1144 2327 Astius
1166 2293 1202 2327 in
1226 2304 1294 2327 sec.
1315 2292 1358 2327 de
1379 2292 1577 2327 coniectura
1600 2292 1696 2327 exhi-

1027 2339 1113 2372 buit.

1075 2382 1233 2429 ἕξουσιν]
1261 2382 1407 2429 ἔχουσιν
1429 2384 1516 2420 Lob.
1537 2384 1640 2419 Vind.
1650 2384 1694 2419 B.

1028 2432 1111 2468 Ven.
1140 2433 1180 2465 Β.
1206 2432 1302 2465 Flor.
1326 2432 1373 2465 T.

1074 2475 1165 2522 ἐοὶν]
1202 2478 1258 2511 Ita
1281 2478 1360 2512 Par.
1384 2478 1424 2512 A.
1449 2478 1529 2512 Vat.
1553 2476 1599 2510 H.
1625 2478 1696 2518 „et

1031 2524 1179 2559 fortasse
1210 2525 1295 2558 Ven.
1324 2524 1391 2558 C.“
1429 2521 1468 2557 ἐν
1491 2522 1614 2567 reliqui
1638 2534 1695 2556 co-

1032 2570 1125 2604 dices
1149 2574 1185 2604 et
1202 2571 1279 2604 Ald.
1302 2571 1382 2605 Bas.
1396 2571 1450 2605 ab.
1476 2569 1596 2614 Steph.
1618 2570 1694 2603 Ast.

1031 2627 1084 2671 pr.
1109 2620 1190 2650 tert.
1225 2617 1348 2651 Stallb
1370 2629 1422 2662 pr.
1471 2615 1506 2650 εἰ
1526 2617 1599 2649 Ast.
1624 2627 1693 2649 sec.

1032 2660 1100 2697 ἐὰν
1124 2663 1227 2697 etiam
1249 2663 1448 2697 scholiastes
1468 2661 1572 2717 legit,
1599 2661 1696 2695 cuius

1032 2709 1214 2764 explicatio
1239 2709 1325 2743 haec
1357 2713 1428 2743 est:
1462 2704 1521 2743 ὅτι
1542 2704 1694 2751 εὐμετά-

1031 2755 1145 2801 βολον
1172 2752 1215 2790 τὸ
1251 2755 1327 2789 τῶν
1355 2754 1502 2789 πολλῶν
1529 2753 1694 2809 πλῆθος,

1034 2802 1142 2846 δηλοῖ
1152 2800 1216 2836 καὶ
1225 2797 1391 2846 ’Ὅμηρος
1403 2797 1612 2842 ἀπεικάζων
1623 2798 1694 2844 τὴν
