1807 3219
246 534 281 574 E

255 2003 291 2044 E
342 1998 343 2001 ,

304 141 388 181 254
766 139 796 178 P
826 139 858 180 L
889 137 931 178 A
961 138 997 179 T
1027 138 1068 179 Ο
1099 137 1136 178 Ν
1163 136 1183 177 Ι
1213 136 1243 176 S

305 250 374 294 ὅτι
411 249 550 300 ἔστιν;
610 247 694 292 οὐκ
735 249 817 291 οἴει
867 248 1003 292 αὐτὸν
1049 247 1233 304 ἀπορεῖν
1269 264 1315 292 τε
1353 246 1410 291 ἂν
1455 249 1530 291 καὶ
1573 247 1688 304 ἡγεῖ..

307 323 414 362 σθαι
446 317 500 361 τὰ
538 316 635 361 τότε
676 316 879 373 ὁρώμενα
918 314 1210 374 ἀληθέστερα,
1258 315 1288 371 ἢ
1315 315 1368 359 τὰ
1396 320 1482 359 νῦν
1519 317 1688 361 δεικνύ-

309 403 444 442 μενα,·
478 384 603 429 Πολύ
636 384 698 441 γ’,
730 386 826 441 ἔφη.
859 384 1036 428 Ου’κοῦν
1065 383 1151 428 κᾶν
1179 385 1216 427 εἰ
1246 384 1357 439 πρὸς
1388 383 1496 428 αὐτὸ
1525 384 1574 428 τὸ
1596 390 1691 441 φῶς

305 453 544 509 ἀναγκάζοι
585 451 721 497 αὐτὸν
750 454 946 510 βλέπειν,
984 452 1131 509 ἀλγεῖν
1167 469 1212 496 τε
1245 452 1301 496 ἂν
1332 452 1384 496 τὰ
1415 452 1587 508 ὄμματα
1616 455 1754 501 καὶ481

307 521 491 579 φεύγειν
522 520 910 579 ἀποστρεφόμενον
937 522 1049 577 πρὸς
1078 522 1247 573 ἐκεῖνα,
1279 519 1308 564 ἂ
1338 519 1526 565 δύναται
1553 528 1690 567 uasto-

306 595 417 650 ρᾷν,
460 590 535 634 καὶ
575 593 768 654 νομίζειν
806 594 944 634 ταῦτα
983 594 1044 647 τῷ
1086 589 1180 633 ὄντι
1211 590 1457 645 σαφέστερα
1487 594 1576 633 τῶν
1605 593 1691 634 δει-

307 658 556 715 κνυμένων;
615 658 790 711 Οὕτως,
833 659 931 715 ἔφη.
979 659 1035 700 Εἰ
1066 656 1122 708 δ’,
1154 654 1209 715 ἦν
1251 656 1294 702 δ’
1334 658 1441 715 ἐγώ,
1485 658 1692 703 ἐντεῦθεν

307 726 427 771 ἕλκοι
465 744 529 778 τις
571 724 709 770 αὐτὸν
745 730 819 787 βίᾳ
860 728 931 772 διὰ
973 729 1174 784 τραχείας
1215 730 1291 782 τῆς
1331 726 1587 784 ἀναβάσεως
1617 729 1693 772 καὶ

307 792 526 847 ἀνάντους
549 795 623 838 καὶ
645 795 702 852 μή
728 793 875 853 ἀνείη,
895 797 1000 854 πρὶν
1025 794 1290 849 ἐξελκύσειεν
1308 797 1368 847 εἰς
1387 797 1437 839 τὸ
1455 801 1537 840 τοῦ
1560 796 1692 853 ἡλίου

356 966 477 1013 ἔστιν]
522 968 564 1002 In
594 968 680 1002 Lob.
717 973 752 1003 et
784 969 868 1004 Astii
901 981 970 1005 see.

310 1014 493 1048 encliticon
521 1019 597 1057 est,
623 1019 794 1058 oxytonon
818 1016 850 1049 in
870 1017 971 1051 Vind.

310 1060 384 1094 ΒΕ.
408 1061 502 1095 Mon.
529 1062 570 1095 C.
603 1061 722 1096 lambi.
760 1063 813 1097 ed.
848 1063 973 1097 Kiessl

313 1107 433 1151 Steph.
459 1108 534 1141 Ast.
552 1119 602 1150 pr.
653 1109 719 1141 Pro
744 1108 841 1152 signo
866 1109 974 1142 inter-

310 1153 452 1196 rogandi
494 1154 568 1186 Ald.
601 1154 679 1188 Bas.
717 1155 771 1188 ab.
814 1156 886 1189 Ast.
921 1166 974 1199 pr.

311 1210 379 1232 sec.
404 1199 484 1232 item
504 1199 678 1233 Iamblichi
703 1200 866 1235 editiones
884 1213 975 1235 com-

310 1255 366 1278 ma
389 1244 526 1280 habent.

359 1309 501 1358 αὐτόν]
543 1311 637 1349 αὐτὸ
679 1315 798 1349 Iambl.
832 1316 887 1351 ed.
919 1328 972 1362 pr.

308 1360 386 1394 Ald.
412 1361 494 1395 Bas.
520 1361 574 1394 ab.

353 1425 401 1461 τὰ
430 1426 542 1471 τότε]
573 1426 622 1462 τά
648 1441 687 1463 τε
719 1430 839 1466 Iambl.
874 1431 973 1466 codd.

308 1473 381 1509 Ciz,
407 1478 443 1508 et
465 1475 576 1510 Paris.

356 1539 614 1589 ἀληθέστερα]
651 1544 754 1579 Redit
785 1545 818 1580 h.
843 1546 864 1579 l.
890 1546 977 1581 Ven.

310 1588 351 1622 C.
401 1589 456 1624 Cf.
482 1590 525 1624 ad
556 1591 596 1626 L.
623 1591 682 1626 VI
715 1603 795 1637 pag.
821 1592 900 1627 507.
932 1592 977 1627 Ε.

309 1635 482 1669 monitum.

358 1700 407 1737 τά
424 1704 519 1749 νῦν]
546 1704 666 1739 τανῦν
691 1705 791 1739 Vind.
820 1706 858 1741 F.
883 1706 977 1741 Mon.

313 1749 353 1783 B.

361 1815 468 1852 Πολύ
495 1815 539 1862 γ’,
576 1815 675 1862 εφη]
713 1816 815 1853 πάνυ
847 1817 878 1864 γ’
908 1817 979 1864 ε’φη

315 1864 416 1897 Vind.
445 1866 485 1900 B.
510 1865 604 1900 Mon.
616 1865 657 1900 C.
681 1863 833 1907 πάντως
857 1864 980 1911 δήπου

1073 968 1141 1013 τῆς
1158 964 1400 1013 ἀναβάσεως]
1425 968 1523 1002 Haec
1546 968 1696 1014 respexit

1029 1015 1168 1118 {1⁰33}
1167 1026 1182 1047 S
1192 1015 1363 1104 ΕΕῗῃὲΒάει.
1389 1015 1497 1095 1138&V
1494 1015 1591 1104 {13³3
1597 1018 1694 1117 όῗτωδν

1030 1106 1092 1140 καὶ
1120 1107 1251 1160 σαφῶς
1281 1107 1359 1139 τῶν
1388 1103 1586 1164 Ελλήνων
1606 1120 1697 1142 ατυ-

1033 1166 1113 1197 φως
1137 1150 1319 1196 λεΙόντων
1340 1149 1542 1210 ἀναβασεις
1569 1150 1609 1187 ἐκ
1626 1154 1696 1187 τοῦ

1033 1200 1212 1254 σπηλαίου
1255 1198 1318 1232 καὶ
1350 1212 1444 1233 κατ(
1490 1197 1608 1244 βραχυ
1645 1199 1698 1239 εἰς

1031 1245 1130 1279 θέαν
1165 1242 1418 1297 ἀληθεστέραν
1448 1246 1591 1290 μᾶλλον
1635 1245 1699 1280 καὶ

1031 1292 1171 1336 μᾶλλον
1185 1288 1404 1334 προϊούσας.

1068 1380 1142 1416 καὶ
1181 1378 1369 1422 ἀνάντους
1386 1384 1400 1427 ]

1449 1381 1593 1426 αὐτοὺς
1638 1383 1702 1419 καὶ

1030 1429 1150 1464 Iambl.
1176 1428 1250 1461 cod.
1275 1429 1387 1465 Paris.

1082 1516 1208 1562 ἀνείη]
1257 1519 1313 1553 Ita
1345 1520 1424 1555 Par.
1447 1523 1488 1554 A.
1521 1533 1542 1556 a
1571 1533 1616 1558 m.
1648 1534 1702 1569 pr.

1036 1563 1137 1600 ἀνίοι
1162 1565 1260 1598 Vind.
1287 1566 1326 1600 Β.
1353 1567 1446 1600 Mon.
1470 1569 1510 1602 B.
1535 1568 1628 1602 Flor.
1657 1570 1700 1604 U.

1037 1610 1150 1656 ἀνίη,
1187 1623 1261 1655 sup.
1298 1624 1355 1654 οι,
1397 1613 1490 1648 Mon.
1525 1614 1569 1649 C.
1616 1611 1703 1659 ἀνίη

1037 1660 1124 1693 Lob.
1165 1657 1266 1691 Vind.
1290 1659 1365 1693 EF.
1401 1658 1522 1694 Iambl.
1557 1661 1610 1695 ed.
1644 1673 1698 1707 pr.

1034 1705 1111 1738 Ald.
1136 1704 1216 1738 Bas.
1241 1705 1296 1739 ab.
1325 1701 1411 1749 ἀνίῃ
1436 1706 1556 1750 Steph.
1581 1711 1698 1741 tacen-

1035 1751 1127 1784 tibus
1151 1750 1351 1794 Bipontinis.
1383 1751 1479 1784 Idem
1502 1753 1538 1785 in
1561 1753 1702 1799 reliquis

1037 1797 1129 1830 Flor.
1157 1800 1192 1829 et
1215 1795 1249 1828 in
1274 1797 1426 1829 Bekkeri
1449 1798 1632 1842 codicibus,
1658 1800 1702 1833 de

1039 1843 1160 1888 quibus
1199 1841 1282 1875 nihil
1314 1843 1506 1887 significat,
1541 1857 1604 1878 nec
1635 1857 1704 1879 non

1037 1889 1073 1923 in
1096 1889 1176 1921 Par.
1201 1889 1242 1921 Α.
1269 1900 1290 1922 a
1323 1900 1368 1922 m.
1393 1900 1420 1923 s.
1455 1891 1620 1936 scriptum
1649 1891 1702 1924 vi-

1038 1935 1150 1968 detur.
1200 1946 1247 1966 αν
1273 1933 1344 1968 οἴει
1375 1935 1491 1970 Iambl.
1524 1938 1599 1970 cod.
1622 1937 1703 1973 Par.

1040 1977 1088 2014 ἂν
1113 1980 1169 2023 εἴη
1204 1980 1277 2015 Ciz.
1303 1993 1345 2014 ex
1377 1993 1442 2025 quo
1474 1995 1590 2016 verum
1615 1984 1704 2016 eruit

1039 2026 1283 2070 Kiesslingius‚
1314 2027 1402 2059 idem
1424 2028 1458 2060 in
1482 2028 1624 2062 Platone
1647 2041 1704 2063 re·-

1039 2073 1119 2117 poni
1152 2073 1283 2107 iubens.
1343 2073 1475 2107 Contra
1509 2075 1705 2120 Stephanus

1037 2118 1319 2162 significationem
1342 2122 1471 2153 tantum
1497 2132 1620 2175 cufans
1644 2133 1706 2155 ne-

1040 2177 1108 2210 que
1140 2164 1275 2197 modum
1307 2165 1491 2210 respiciens
1518 2163 1589 2212 ἀνῇ
1617 2168 1704 2201 scri—

1039 2210 1185 2245 bendum
1219 2212 1394 2244 statuebat
1427 2218 1542 2247 annot.
1577 2225 1611 2258 p.
1646 2216 1704 2248 24.

1041 2257 1096 2290 cui
1126 2256 1162 2289 in
1195 2267 1248 2310 pr.
1280 2256 1332 2290 ed.
1374 2258 1554 2292 obsecutus
1586 2260 1706 2293 Astius

1040 2303 1076 2336 in
1107 2314 1174 2336 sec.
1211 2297 1317 2346 ἀνείη
1350 2304 1394 2336 de
1427 2304 1623 2339 coniectura
1652 2317 1708 2339 re-

1043 2348 1165 2383 stituit.
1212 2360 1319 2392 'neque
1360 2352 1574 2393 permitteret
1614 2353 1708 2396 quic-

1044 2407 1147 2439 quam
1172 2396 1325 2439 aspicere
1348 2395 1422 2429 Fic.

748 2450 988 2496 δυκνυμένων

314 1911 434 1948 Iambl.

366 2000 550 2045 δύναται]
590 1999 774 2037 δύνανται
809 2004 908 2038 Vind.
940 2005 981 2039 Β.

319 2049 413 2083 Mon.
440 2050 480 2083 C.
506 2049 584 2082 Vat.
610 2049 655 2084 H.
690 2049 780 2083 Flor
806 2050 877 2084 AC.
904 2055 939 2083 et
962 2063 983 2085 a

396 2107 447 2141 pr.
486 2096 570 2128 Ven.
603 2095 644 2129 B.
687 2096 807 2130 Iambl.
842 2097 895 2132 ed.
928 2109 981 2143 pr.

316 2107 394 2177 Α1(1.
418 2142 497 2175 Bas.
520 2142 575 2176 ab.

366 2209 419 2255 τῷ
438 2207 534 2255 ὄντι]
560 2207 696 2245 τωόντι
720 2210 812 2244 Mon.
828 2211 869 2246 C.
884 2211 981 2245 Vind.

319 2256 365 2291 E.

366 2322 599 2370 σαφέστερα]
642 2322 859 2369 σαφέστατα
891 2325 985 2360 Μοη.

322 2370 362 2404 C.
391 2376 471 2404 ante
495 2382 583 2406 corr.

367 2448 615 2494 δεικνυμένων
647 2451 661 2496 ]

320 2496 420 2532 Vind.
445 2497 488 2531 E.

370 2560 526 2609 Οὕτως,
551 2563 651 2610 ἔφη]
676 2579 741 2602 om.
769 2566 888 2602 Iambl.

372 2645 423 2680 Εἰ
444 2643 484 2679 3'
495 2647 507 2690 ]
535 2645 570 2680 εἰ
587 2645 627 2680 δε
652 2647 751 2681 Vind.
770 2647 875 2681 BEF.
895 2647 988 2682 Mon.

326 2691 371 2725 C.
397 2695 432 2725 et
455 2692 682 2748 lamblichus,
718 2694 777 2740 qui
812 2694 991 2739 sequentia

324 2731 374 2783 ἦν
398 2734 441 2772 δ’
459 2735 527 2782 ἐγώ
556 2739 679 2775 omisit.

373 2803 437 2841 διὰ
454 2807 647 2854 τραχείας]
674 2808 794 2853 διατρ.
819 2808 921 2844 Vind.
945 2808 989 2844 F.

1091 2478 1166 2529 ἀρα
1197 2482 1281 2530 ου’χὶ
1309 2483 1543 2531 οδυνᾶσθαί]
1577 2498 1623 2520 ov
1643 2485 1707 2521 δύ-

1042 2534 1186 2567 νασθαι
1216 2533 1334 2567 Iambl.
1360 2534 1434 2568 cod.
1459 2533 1534 2567 ciz.
1570 2529 1708 2567 ὀδυνᾶ-

1045 2579 1138 2612 σθαι
1172 2578 1206 2611 in
1238 2591 1298 2613 suo
1332 2580 1448 2613 codice
1485 2579 1591 2612 sohun
1613 2580 1708 2613 inve-

1045 2625 1138 2658 nisse
1164 2624 1301 2658 videtur
1323 2625 1486 2659 Arcerius
1520 2618 1594 2669 ἀρα
1624 2622 1709 2669 οὐχὶ

1045 2683 1065 2704 e
1088 2671 1230 2704 Platone
1260 2671 1433 2705 addidisse
1462 2671 1708 2705 demonstrans.

1046 2713 1105 2763 ἀρ’
1134 2713 1220 2772 ου’χὶ
1239 2714 1306 2751 ὄδ.
1338 2717 1438 2751 Vind.
1470 2718 1515 2752 F.
1543 2718 1635 2763 Ang.
1667 2718 1709 2752 Β.

1047 2762 1095 2820 ἀρ
1125 2759 1210 2806 ου’χι
1240 2760 1296 2798 οδ.
1331 2763 1431 2798 Vind.
1455 2764 1500 2798 Ε.
1532 2763 1608 2808 ἄρα
1639 2761 1710 2798 ουκ

1048 2806 1106 2844 0'3.
1130 2809 1229 2844 Vind.
1254 2811 1294 2845 Β.
1318 2810 1411 2844 Mon.
1437 2810 1480 2843 C.
