1807 3219
328 194 386 234 98

781 190 1258 234 PLATONIS

328 303 520 359 γένοιτο,
569 301 705 347 πάντ’
738 302 793 347 ἄν
825 305 890 360 εἴη
929 301 1079 360 ἀγαθοὶ
1108 301 1229 347 πόλει
1266 296 1295 359 ᾗ
1332 299 1529 358 γένοιτο,
1579 303 1653 346 καὶ
1687 302 1716 346 ὁὶ

267 379 305 419 D
333 369 387 414 σύ
415 374 709 426 παραλείπεις,
741 370 823 427 ἐγώ
855 372 978 428 λέγω,
1011 371 1077 416 ὅτι
1105 371 1178 416 καὶ
1207 377 1301 422 τοῖς
1332 371 1554 424 πολεμίοις
1579 367 1713 425 ἄριστ’

329 437 386 482 ἂν
424 438 633 495 μάχοιντο
673 443 735 497 τῷ
771 439 927 496 ἥκιστα
968 439 1221 484 ἀπολείπειν
1257 438 1502 496 ἀλλήλους,
1553 438 1715 492 γιγνώ-

331 507 507 559 σκοντές
554 523 599 550 τε
637 508 709 550 καὶ
757 505 1078 559 ἀνακαλοῦντες
1115 512 1254 551 ταῦτα
1290 507 1344 551 τὰ
1386 505 1583 562 ὀνόματα
1614 505 1715 549 «ξανη

327 574 454 626 τοὺς,
486 572 727 630 ἀδελφοὺς,
763 576 973 632 πατέρας,
1002 578 1136 628 υἱεῖς·
1168 577 1203 619 εἰ
1234 576 1279 620 δὲ
1309 575 1383 619 καὶ
1412 574 1461 618 τὸ
1492 579 1610 630 θῆλυ
1640 587 1718 618 συ-

330 642 628 697 στρατεύοιτο,
661 644 742 687 εἴτε
771 645 845 687 καὶ
874 644 921 688 ἐν
951 648 1003 701 τῇ
1038 643 1149 700 αὐτῇ
1179 644 1296 696 τάξει
1325 645 1407 686 εἴτε
1433 644 1506 686 καὶ
1528 642 1715 687 ὄπισθεν

329 711 682 767 ἐπιτεταγμένον,
716 711 869 767 φόβων
897 729 941 756 τε
972 714 1098 756 ἕνεκα
1127 717 1222 762 τοῖς
1252 712 1428 767 ἐχθροῖς
1447 712 1521 756 καὶ
1549 714 1590 755 εἴ
1611 712 1716 756 ποτέ

328 795 393 831 τις
429 778 599 836 ἀνάγκη
647 781 853 835 βοηθείας
888 781 1087 838 γένοιτο,
1148 778 1252 831 οἶδ’,
1305 779 1372 823 ὅτι
1400 779 1538 838 ταύτῃ
1569 779 1715 836 πάντη

373 924 504 982 πάντ’]
531 939 656 961 παντα
679 928 765 963 Lob.
789 929 890 964 Vind.
919 930 994 964 BD

329 971 429 1016 πάν,
452 974 575 1007 omisso
594 971 624 1007 τ’
645 978 680 1008 et
699 977 917 1021 sequentibus
935 987 997 1010 sex

329 999 489 1061 vocilius,
513 1022 599 1064 Ang.
619 1021 659 1053 B.

378 1065 462 1121 εἰη]
492 1065 562 1099 οἴει
590 1067 686 1101 Flor.
709 1067 750 1101 C.

377 1107 506 1154 αγαθα
545 1110 672 1156 πόλει]
718 1109 845 1156 α’γαθή
887 1111 996 1153 πόλις

329 1158 430 1193 Vind.
451 1158 525 1211 BD.
573 1158 613 1190 In
640 1159 722 1191 Lob.
743 1162 777 1191 et
805 1160 883 1192 Vat.
905 1159 994 1203 ΜΛ]

330 1215 434 1259 super
454 1215 476 1235 α
497 1206 532 1236 et
551 1215 582 1242 ις
601 1215 704 1247 super
727 1216 757 1237 ει
777 1205 993 1248 adscriptum.

331 1245 463 1303 αγαθα
477 1246 619 1289 πόλεως
645 1251 725 1284 Vat.
746 1251 786 1282 B.

375 1295 398 1340 ᾑ
421 1292 592 1339 γένοιτο]
631 1308 696 1329 om.
726 1297 824 1329 Stob.
861 1296 933 1329 cod.
952 1297 992 1331 A.

330 1342 371 1375 In
401 1342 491 1374 Mon.
511 1341 551 1374 B.
582 1342 718 1386 punctis
750 1345 829 1375 sunt
865 1346 992 1376 notata.

330 1388 472 1421 Ficinus
502 1387 534 1419 h.
565 1387 586 1421 1.
616 1400 684 1421 non
708 1389 829 1421 dnbito
851 1389 990 1430 addens,

331 1434 451 1467 deinde
478 1428 546 1476 ἐγω
569 1430 658 1477 λέγω
679 1434 837 1467 omittens
858 1446 991 1468 sensum

331 1491 397 1513 non
424 1479 511 1512 male
541 1480 700 1512 1eddidit.
748 1480 861 1524 Atque
892 1481 994 1513 etiam

328 1526 363 1559 in
390 1525 537 1559 Graecis
568 1527 731 1566 verbum,
768 1537 833 1570 quo
873 1522 931 1560 ὅτι
955 1538 995 1570 γε

331 1575 396 1606 ete.
418 1574 598 1615 spectent
619 1571 702 1604 1111111
731 1583 817 1613 11011,
842 1576 880 1605 ut
898 1573 994 1605 Astio

330 1621 365 1652 et
385 1617 627 1658 Stassbaumio,
652 1617 832 1659 omissum,
857 1618 916 1651 sed
932 1630 995 1663 per

329 1662 556 1698 anacoluthon
575 1643 739 1696 unitatum
761 1664 907 1704 videtur,
932 1676 994 1708 pro

332 1707 497 1752 ὁμολογῶ
518 1709 573 1743 vel
596 1709 662 1742 alio
685 1708 803 1743 similis
822 1691 995 1753 significa-

328 1755 431 1789 tionis
451 1755 543 1789 ill‘ito
566 1753 676 1798 λέγω,
702 1756 791 1800 quod
819 1768 921 1801 quum
952 1757 994 1789 ob

329 1801 561 1846 praepositum
603 1799 670 1844 ἐγώ
711 1801 795 1835 nihil
837 1803 993 1855 amplius,

329 1858 431 1902 quam
465 1847 730 1891 supplementum
758 1848 938 1881 verborum
969 1844 992 1881 ἃ

330 1903 374 1926 συ
400 1893 637 1946 παραλείπεις
666 1894 828 1926 exhibere
862 1899 897 1926 et
929 1905 993 1938 per

330 1939 485 1984 copulam
511 1939 561 1972 eis
589 1939 802 1973 coniunctum
823 1951 899 1973 esse
932 1941 992 1973 de-

328 1986 445 2026 beret,
471 1985 597 2018 omissa
616 1985 992 2040 copnla‚quemad1no—

330 2031 409 2064 dum
434 2030 470 2063 in
494 2034 612 2065 contra
630 2031 749 2086 positis
767 2031 853 2064 solet
872 2032 993 2074 omitti,

330 2078 365 2111 in
385 2077 493 2110 locum
512 2077 606 2110 verbi
628 2078 796 2130 ομολογῶ
816 2079 991 2112 suecessit.

330 2123 496 2156 Similiter
518 2123 641 2156 Latine
662 2124 692 2156 si
706 2124 818 2156 dicas:
837 2136 917 2156 nam
929 2126 993 2166 fn-

329 2175 444 2204 turum
463 2181 551 2211 esse,
575 2175 633 2211 ut,
661 2170 746 2202 haec
765 2171 794 2203 si
823 2171 993 2204 exstiterit

329 2216 381 2248 rei
399 2217 556 2260 publicae
565 2217 708 2258 forma,
731 2217 762 2248 ei
781 2216 937 2257 civitati,
958 2218 994 2249 in

331 2274 400 2305 qua
427 2263 617 2302 exstiterit,
654 2263 768 2295 omnia
797 2264 885 2295 bona
914 2274 994 2296 con-

330 2308 494 2351 tingant,
520 2308 625 2340 etiam
651 2319 738 2351 quae
769 2314 807 2341 tu
833 2314 992 2352 praeter-

330 2354 457 2395 mittis,
493 2365 558 2398 ego
590 2354 685 2387 edico
707 2379 716 2394 ‚
746 2355 992 2399 exspectationi

329 2399 445 2433 verbis
478 2399 597 2444 primis
652 2403 764 2433 motae
807 2403 993 2433 extremum

331 2446 427 2480 edico
446 2449 616 2490 utcunque
631 2445 833 2480 satisfaciat.
869 2446 992 2492 Itaque

331 2502 459 2524 comma
475 2496 553 2535 post
571 2491 810 2535 παραλείπεις
830 2504 849 2525 a
872 2504 992 2526 recen-

330 2536 474 2570 tioribus
507 2538 665 2571 omissum
692 2538 837 2571 restitui.
886 2539 991 2572 Stall-

330 2583 486 2616 baumius
512 2583 547 2617 in
572 2595 641 2617 sec.
675 2584 727 2616 ed.
761 2585 868 2618 verba
899 2579 922 2617 α’
946 2582 990 2618 σύ

331 2628 571 2671 παραλείπεις
588 2625 655 2673 ἔγω
671 2626 761 2673 λέγω
773 2630 869 2664 1111815
882 2634 996 2664 trans-

331 2675 438 2708 versis
466 2676 509 2708 ab
535 2676 667 2747 reliqua
685 2676 837 2710 oratione
855 2688 996 2722 separa-

335 2720 396 2754 vit.

380 2763 586 2810 μάχοιντο]
633 2764 788 2810 μάχοιτο
825 2768 923 2802 Vind.
950 2769 992 2802 E.

334 2813 414 2847 Vat.
425 2812 468 2846 H.
498 2812 589 2845 Flor.
610 2813 747 2848 ACTV.
765 2814 862 2848 Stob.
886 2816 992 2849 Gesn.

334 2858 408 2892 Ald.
433 2859 512 2892 Bas.
531 2859 585 2893 ab.

1097 929 1173 985 τῷ]
1199 926 1243 963 τὸ
1271 929 1370 964 Vind.
1390 928 1434 961 F.
1460 930 1539 963 Vat.
1557 929 1602 962 H.

1102 964 1349 1020 απολείπειν]
1387 971 1582 1008 απολίπειν
1614 975 1715 1011 Vind.

1100 1064 1386 1110 γιγνώσκοντές]
1435 1063 1581 1109 γινώσκ.
1630 1066 1717 1100 Lob.

1053 1114 1152 1146 Vind.
1167 1114 1240 1145 BD.
1255 1112 1346 1145 Mon.
1360 1113 1718 1157 ss.(F10r.ACTUV.)

1054 1160 1151 1192 Stob.
1176 1158 1252 1191 Ald.
1278 1158 1357 1191 Bas.
1380 1160 1433 1191 ab.
1460 1159 1578 1202 Steph.
1601 1163 1718 1195 taeen-

1053 1206 1143 1238 tibus
1165 1205 1241 1249 Bip.
1290 1206 1333 1239 V.
1361 1205 1402 1237 ad
1434 1216 1466 1248 p.
1485 1206 1563 1238 472.
1585 1205 1625 1237 A.
1661 1217 1718 1238 co—

1051 1263 1092 1296 gv
1081 1256 1254 1284 v’zoscentes
1269 1261 1304 1284 se
1322 1251 1466 1284 invicem
1487 1263 1558 1284 esse
1572 1253 1718 1296 propin-

1052 1309 1133 1342 quos
1163 1296 1236 1329 1⁴10.

1096 1342 1158 1398 τε]
1187 1354 1250 1374 om.
1271 1341 1373 1376 Vind.
1396 1341 1439 1375 D.

1096 1386 1275 1431 εαυτοὺς]
1304 1388 1356 1420 Ita
1375 1387 1455 1421 Par.
1477 1388 1517 1422 A.
1551 1389 1651 1423 Vind.
1673 1389 1717 1423 E.

1050 1435 1128 1468 Vat.
1152 1434 1195 1466 H.
1222 1434 1318 1466 Flor.
1340 1434 1512 1468 ALR'I'V.
1535 1436 1717 1469 Stob.cod.

1050 1481 1090 1514 A.
1125 1476 1341 1518 ἑαυτοῖςούς
1377 1480 1462 1523 Ang.
1494 1481 1532 1513 B.
1571 1479 1720 1520 ἑαυτοῖς

1052 1526 1176 1570 reliqui
1215 1527 1372 1566 codices,
1419 1527 1516 1560 Stob.
1546 1528 1652 1561 Gesn.
1685 1533 1722 1560 et

1051 1573 1133 1605 editi
1149 1576 1228 1605 ante
1248 1572 1464 1613 Bekkermn‚
1489 1584 1572 1617 quos
1602 1574 1720 1615 sequi-

1050 1622 1106 1651 tur
1127 1618 1294 1651 Matthiae
1315 1629 1454 1661 gramm.
1473 1630 1507 1661 p.
1528 1620 1606 1653 770.
1632 1620 1717 1653 Mihi

1053 1665 1269 1697 accusativus
1289 1675 1389 1708 quum
1410 1664 1451 1696 ob
1466 1664 1598 1698 codices
1620 1677 1719 1709 prae-

1050 1711 1230 1751 ferendus,
1275 1713 1347 1742 tum
1378 1710 1420 1743 ad
1457 1708 1719 1752 γιγ1ώσκοντες

1050 1756 1245 1789 concinnior
1278 1760 1314 1788 et
1351 1767 1414 1800 per
1449 1767 1486 1788 58
1516 1758 1720 1802 exquisitior

1048 1801 1585 1847 ν1(181;111·.(10111.118111118111)1
1621 1808 1716 1847 synt.

1049 1859 1071 1892 p
1098 1889 1309 1936 ἀδελφούς]
1339 1889 1477 1936 δελφυς
1508 1895 1607 1929 Vind.
1631 1894 1671 1928 F.

1095 1938 1413 1983 συστρατεύοιτο]
1480 1939 1719 1984 στρατεύοιτο

1049 1985 1148 2020 Vind.
1168 1986 1209 2018 E.
1239 1986 1313 2018 Vat.
1335 1986 1378 2019 H.
1405 1986 1497 2019 Flor.
1520 1988 1592 2020 AC.

1096 2028 1217 2086 αυτῇ]
1247 2027 1346 2076 αυτῇ
1368 2031 1443 2064 Am,
1468 2032 1546 2066 Bas.
1562 2034 1616 2066 ab.

1098 2074 1279 2133 ὄπισθεν]
1308 2077 1368 2110 int.
1386 2089 1475 2110 vers.
1499 2079 1596 2112 Vind.
1616 2079 1659 2111 F.

1098 2120 1310 2166 ἓπιτεταγμε
1307 2120 1394 2178 ’νον]
1417 2120 1719 2168 επιτετταγμένον

1050 2169 1150 2203 1(18111.
1177 2167 1275 2202 ε’πιτε
1278 2180 1460 2212 ταγμενου
1485 2171 1576 2204 Μοη.
1596 2172 1637 2205 Β.

1097 2213 1252 2260 φόβων]
1291 2215 1386 2248 Vind.
1418 2216 1456 2249 I«.
1484 2227 1505 2249 ν
1534 2218 1596 2252 int.
1625 2228 1717 2253 vers.

1051 2262 1200 2296 additum
1230 2262 1346 2295 habet.
1395 2259 1540 2306 φόβου
1551 2264 1652 2299 Vind.
1674 2263 1716 2297 D.

1049 2308 1080 2341 Ι
1064 2308 1144 2341 lor.
1170 2309 1215 2341 R.

1095 2352 1211 2409 ποτέ]
1239 2352 1341 2388 πωτέ
1362 2354 1461 2390 Vind.
1484 2354 1527 2388 F.

1094 2398 1212 2445 ταύτῃ
1238 2399 1389 2444 πάντη]
1426 2413 1464 2434 π.
1494 2414 1525 2434 τ.
1556 2403 1642 2445 Aug.
1675 2401 1715 2435 B.

1046 2447 1142 2479 Flor.
1160 2448 1202 2480 R.
1293 2459 1356 2481 ..π
1380 2459 1489 2481 ταυτι
1504 2448 1564 2492 (ex
1586 2448 1714 2483 emend.

1047 2490 1174 2547 ταυτι)
1199 2472 1362 2527 Ὺ111(1.Ε“.

1095 2534 1251 2582 ἄμαχοι]
1281 2535 1423 2582 ἄμαχον
1442 2539 1542 2574 Vind.
1560 2539 1603 2573 F.

1101 2585 1216 2629 οἴκοι]
1246 2585 1329 2628 οἵκη
1349 2586 1448 2619 1(18111.

1098 2632 1157 2675 γε]
1193 2643 1231 2665 τε
1261 2632 1348 2664 Lob.
1388 2630 1488 2664 Vind.
1518 2631 1591 2664 BF.
1635 2632 1713 2667 Vat.

1052 2676 1131 2710 ΒΜ.
1158 2679 1242 2712 Ven.
1272 2678 1311 2711 C.
1346 2677 1425 2710 Pan.
1448 2676 1524 2710 DK.
1558 2677 1650 2711 Mon.
1672 2678 1712 2711 B.

1051 2723 1146 2756 Flor.
1173 2724 1250 2757 RU.

1100 2781 1124 2802 α
1145 2770 1424 2814 παραλείπεται]
1449 2770 1545 2803 Haec
1566 2769 1713 2814 Stephaae

1051 2827 1133 2856 nus,
1168 2816 1225 2860 qui
1255 2815 1289 2849 in
1306 2819 1407 2849 textu
1441 2827 1536 2849 cum
1545 2815 1715 2871 prioribus

1051 2841 1216 2896 nominatae
1235 2865 1315 2907 post
1337 2874 1387 2906 γε
1404 2863 1496 2896 facto
1523 2865 1601 2906 post
1623 2858 1712 2905 ἄγα-
