1807 3219
269 172 298 212 4
729 131 1207 206 PLATONIS

273 276 318 322 δ’
352 275 413 328 ὃς.
443 272 553 319 ἄλλα
582 274 631 319 τὸ
664 273 812 331 ὀρθῶς
839 278 971 319 τοῦτο
1003 274 1144 328 ὥσπερ
1174 269 1308 318 τᾶλλα
1335 273 1471 328 λόγου
1502 273 1652 322 δεῖται,

273 346 337 396 τίς
367 342 390 387 ὁ
420 343 583 398 τρόπος
619 347 694 398 τῆς
733 344 992 394 κοινωνίας·

1051 344 1207 386 πολλοὶ
1245 342 1330 398 γὰρ
1362 340 1417 384 ἂν
1445 341 1652 396 γένοιντο.

210 410 248 450 D
274 411 332 468 μὴ
367 406 449 455 οὖν
478 414 620 468 παρῇς
649 409 800 454 ὅντινα
830 410 884 454 σύ
913 409 1059 466 λέγεις.
1105 408 1165 461 ὥς
1201 408 1324 467 ἡμεῖς
1361 407 1496 452 πάλαι
1531 424 1652 462 περι-

271 480 458 535 μένομεν
491 477 686 534 οἰόμενοί
725 477 770 520 σε’
811 494 900 521 που
941 479 1274 534 μνησθήσεσθαι
1302 477 1581 526 παιδοποιίας
1609 491 1654 518 τε

270 547 388 601 πέρι,
431 550 523 596 πῶς
564 545 983 601 παιδοποιήσονται,
1028 546 1101 589 καὶ
1129 546 1390 602 γενομένους
1425 547 1518 593 πῶς
1548 543 1654 597 θρέ-

271 623 430 667 ψουσι,
470 614 543 657 καὶ
573 612 681 668 ὅλην
709 612 874 669 ταύτην
909 612 965 669 ἣν
995 613 1129 669 λέγεις
1160 615 1399 657 κοινωνίαν
1427 613 1654 668 γυναικῶν

271 699 317 726 τε
347 683 421 725 καὶ
451 683 646 724 παίδων·
687 680 794 736 μέγα
832 680 917 737 γάρ
958 699 997 724 τι
1038 680 1223 738 οἰόμεθα
1264 681 1415 737 φέρειν
1443 678 1518 722 καὶ
1549 677 1654 721 ὅλον

272 753 334 802 εἰς
364 750 587 793 πολιτείαν
618 747 767 803 ὀρθῶς
802 749 832 805 ἢ
862 749 920 805 μὴ
948 749 1097 804 ὀρθῶς
1126 748 1398 805 γιγνόμενον.
1438 751 1524 790 νῦν
1557 741 1655 798 οὖν,

272 818 416 875 ἐπειδὴ
446 818 578 874 ἄλλης
607 817 876 875 ἐπιλαμβάνῃ
904 820 1143 871 πολιτείας,
1184 817 1288 871 πρὶν
1319 820 1456 860 ταῦτα
1494 817 1656 866 ἱκανῶς

323 940 432 988 ἀλλὰ]
459 939 559 976 Ἀλλόι
585 943 706 998 Steph.

312 989 459 1043 τᾶλλα]
508 986 546 1022 τ’
586 985 679 1022 ἄλλα
724 989 822 1024 Vind.
861 989 934 1023 EF.

272 1031 389 1069 τᾶλλα
422 1034 520 1067 Vind.
544 1034 617 1068 BD.
659 1035 751 1069 Mon.
777 1036 816 1070 B.
852 1035 936 1069 editi

272 1087 352 1115 ante
375 1081 577 1114 Bekkerum.

320 1124 431 1170 λόγον
466 1126 608 1170 δεῖται]
649 1125 681 1159 δ.
708 1127 737 1159 λ.
773 1125 869 1159 Vind.
894 1125 934 1158 F.

274 1174 361 1213 Ang.
387 1173 425 1205 B.
450 1172 542 1204 Flor.
566 1171 611 1206 R.

321 1216 392 1262 ἒὶν]
419 1230 482 1251 om.
516 1218 601 1250 Lob.
632 1216 733 1250 Vind.
757 1216 828 1250 BD.
857 1217 935 1249 Vat.

273 1265 353 1298 ΒΜ.
375 1282 422 1289 —-
445 1264 496 1296 Ab
521 1263 671 1307 omnibus
692 1263 743 1295 his
762 1263 869 1296 modis
883 1262 936 1295 di-

272 1322 392 1344 versus
416 1315 452 1342 et
475 1309 605 1342 alienus
630 1320 650 1342 a
674 1309 825 1342 Platonis
850 1308 936 1342 civi—

272 1360 346 1389 tate
367 1356 397 1389 is
421 1360 493 1395 est,
528 1365 628 1399 quem
660 1354 815 1387 Clemens
840 1354 935 1387 Alex.

273 1402 400 1435 Strom.
436 1401 475 1434 L.
502 1400 564 1434 ΙΙΙ.
598 1412 676 1445 pag.
700 1401 778 1434 514.
804 1401 936 1441 statuit,

273 1459 340 1489 quo
365 1447 438 1480 loco
458 1447 702 1491 Carpocratem
718 1446 842 1502 arguit
866 1446 935 1479 τοῦ

274 1490 478 1531 Πλάτωνος
509 1489 788 1546 παρακηκοέναι
818 1489 857 1525 ἐν
863 1491 936 1540 τῇ

274 1538 450 1595 Πολιτείᾳ
485 1535 656 1581 φαμένου
689 1536 819 1577 κοινὰς
843 1534 939 1570 εἶναι

273 1583 342 1623 τὰς
377 1586 555 1639 γυναῖκας
589 1582 767 1625 πάντων,
808 1582 939 1622 κοινὰς

273 1642 339 1674 μεν
361 1628 429 1669 τὰς
453 1627 525 1673 πρὸ
552 1629 622 1662 τοῦ
647 1641 766 1673 γαμον
785 1630 860 1662 τῶν
883 1629 939 1662 αἰ-

274 1677 423 1710 τεῖσθαι
442 1673 661 1731 μελλόντων,
679 1673 853 1719 καθάπερ
876 1673 939 1708 καὶ

274 1720 318 1756 τὸ
346 1721 512 1765 θέατρον
544 1719 673 1755 κοινὸν
697 1721 774 1754 τῶν
797 1719 939 1764 θεωμέ-

274 1780 370 1809 νων,
396 1766 626 1823 φάσκοντος,
660 1767 728 1800 τοῦ
753 1778 940 1823 προκατα-

275 1811 458 1870 λαβόντος
501 1809 540 1868 δέ
580 1809 739 1869 ἓκαστην
783 1810 938 1847 εκάστου

275 1862 371 1893 εἰναι
394 1858 457 1892 καὶ
482 1855 552 1892 οὐκ
578 1870 630 1892 ετι
646 1857 776 1902 κοινὴν
793 1857 862 1902 τὴν
883 1870 939 1902 γε·

273 1902 496 1949 γαμημένην.
545 1905 639 1938 Idem
662 1904 703 1937 L.
729 1905 788 1937 VI.
815 1917 846 1949 p.
858 1906 939 1939 751.

273 1951 474 1995 Euripidem
509 1962 529 1983 a
553 1951 696 1984 Platone
730 1950 817 1984 hanc
849 1962 939 1983 com-

273 1997 460 2030 munionem
493 1996 668 2040 accepisse
705 2001 740 2030 et
774 1997 940 2052 probasse

274 2042 466 2086 significat:
500 2039 704 2080 Πλάτωνός
730 2053 768 2076 τε
799 2039 837 2075 ἐν
863 2043 937 2075 Πο-

274 2088 390 2121 λιτεία
415 2085 585 2142 εἰπόνξος
608 2086 743 2143 κοινὰς,
758 2085 853 2121 εἶναι
870 2086 938 2127 τὰς

275 2138 454 2188 γυναῖκας
483 2130 692 2177 Εὐριπίδης
727 2130 765 2168 ἐν
791 2135 937 2190 Πρωτε-

276 2178 389 2235 σιλοίῳ
422 2177 577 2223 γράφει·
606 2178 737 2214 κοινὸν
771 2178 841 2223 γὰρ
874 2178 936 2213 ειν’

277 2222 352 2269 ἄρα
378 2225 442 2260 καὶ
466 2227 517 2270 (f.
539 2225 622 2270 δεῖ)
646 2229 857 2270 γυναικεῖον
881 2224 937 2260 λέ-

275 2283 349 2316 ἵθς·

324 2315 385 2362 σὺ]
412 2329 475 2351 om.
500 2316 601 2350 Vind.
625 2317 668 2351 E.
692 2317 784 2351 Flor.
811 2317 852 2350 C.

217 2371 257 2412 D
326 2361 602 2407 περιμένομεν]
682 2362 940 2408 περιεμένομεν

279 2410 372 2444 Mon.
397 2410 437 2442 B.
460 2409 551 2442 Flor.
576 2409 622 2442 U.

323 2452 619 2498 μνησθήσεσθαι]
634 2455 940 2498 μνησθῆνσεσθαι

279 2513 355 2535 cum
388 2512 427 2533 αι
461 2512 563 2545 super
595 2511 633 2534 σε
667 2501 752 2535 Ven.
780 2502 818 2534 C.
851 2513 939 2544 μνη-

279 2547 419 2590 σθῆναι
450 2546 535 2580 Lob.
572 2546 668 2580 vind.
701 2548 741 2581 B.
781 2547 871 2580 Mon.
898 2548 937 2580 B.

280 2593 359 2626 Vat.
384 2592 461 2625 ΒΜ.
487 2592 567 2625 Par.
591 2593 667 2626 DK.
690 2593 783 2627 Flor.
803 2593 847 2625 U.
874 2604 940 2626 non

278 2638 412 2672 vitiose.
469 2637 523 2670 Cf.
557 2638 707 2672 Lobeck.
741 2639 784 2672 ad
815 2639 940 2683 Phry).

281 2696 314 2728 p.
339 2684 418 2718 751.
452 2683 547 2716 cuius
579 2690 693 2718 tamen
721 2684 756 2718 in
781 2685 942 2739 exemplis

280 2730 374 2763 locus
398 2729 437 2762 L.
464 2728 542 2761 ΠΙΙ
568 2741 600 2774 p.
627 2730 704 2765 442.
731 2731 781 2765 E:
806 2727 874 2764 τίν’
892 2742 940 2763 αν

283 2774 355 2809 οιει
388 2773 569 2818 οἰηθῆναι
609 2780 750 2820 propter
793 2777 942 2811 additum

284 2817 333 2855 ἂν
359 2821 463 2855 minus
482 2826 582 2865 aptus
604 2821 751 2856 sudetur.

993 944 1092 1023 Βτε]
1119 955 1184 977 οπι.
1208 942 1305 976 Vind.
1322 942 1361 975 F.
1386 942 1472 985 Ang.
1494 941 1535 974 B.
1562 939 1654 973 Flor.

1038 1032 1136 1077 πέρι]
1162 1032 1246 1076 περὶ
1271 1032 1346 1065 Ald.
1372 1032 1453 1065 Bas.
1473 1032 1528 1065 ab.
1553 1030 1656 1064 Com-

993 1092 1047 1114 ma
1082 1084 1159 1124 post
1190 1077 1276 1121 πέρι
1300 1078 1440 1111 delexit
1483 1077 1655 1110 Stallbau-

993 1127 1100 1167 mius,
1133 1125 1230 1170 quasi
1253 1136 1342 1170 quae
1376 1128 1564 1168 sequuntur
1588 1134 1654 1155 non

994 1171 1225 1216 epexegesin,
1282 1170 1342 1203 sed
1389 1170 1655 1215 supplementum

994 1217 1221 1271 proximorum
1245 1216 1450 1250 contineant.

1037 1260 1257 1306 θρέψουσι]
1292 1259 1545 1305 διαθρέψονσι
1576 1261 1656 1294 Vat.

1041 1350 1154 1398 ὅλην]
1183 1349 1279 1392 ὅλως
1299 1353 1390 1387 Flor.
1415 1353 1460 1386 T.

1038 1399 1108 1444 γάρ
1132 1401 1185 1443 τι]
1221 1411 1291 1453 ,αρ
1327 1412 1362 1432 τι
1395 1396 1497 1442 οἶμαι
1526 1410 1656 1432 κοινω-

994 1446 1067 1480 νία.
1104 1445 1166 1479 καὶ
1198 1443 1290 1489 μέγα
1323 1458 1357 1478 τι
1395 1445 1473 1478 Par.
1507 1445 1550 1477 K.
1585 1456 1654 1477 sec.

994 1493 1070 1537 Bip.
1120 1492 1311 1525 Secundum
1354 1491 1548 1525 Bekkerum
1591 1501 1657 1523 non

993 1539 1057 1571 hoc
1081 1537 1174 1578 loco,
1212 1538 1272 1571 sed
1295 1548 1400 1582 supra
1421 1542 1502 1585 post
1524 1536 1658 1570 παιδο-

990 1583 1122 1627 γποιίας
1152 1583 1281 1617 inserta
1316 1584 1420 1616 habet
1457 1586 1561 1624 οἰμαι
1584 1594 1659 1615 κοι-

995 1630 1112 1663 νωνία
1158 1628 1221 1662 καὶ
1267 1628 1361 1672 μέγα
1398 1639 1437 1662 τε
1478 1626 1658 1672 οἰόμενοι,

995 1676 1085 1721 quod
1109 1675 1167 1708 vix
1192 1675 1362 1708 credibile.

1043 1718 1226 1765 οἰόμεθα]
1263 1718 1323 1755 οἷό
1358 1718 1519 1763 οἰόμεθα
1560 1718 1658 1752 Vind.

995 1768 1034 1802 B.
1061 1768 1112 1811 (in
1136 1767 1204 1800 fine
1228 1772 1264 1800 et
1285 1766 1380 1800 initio
1404 1766 1557 1810 versus.)

1041 1813 1254 1856 πολιτείαν]
1286 1811 1354 1856 τὴν
1380 1814 1461 1846 πολ.
1487 1811 1589 1845 Vind.
1614 1811 1658 1845 E.

997 1861 1074 1894 Vat.
1099 1859 1143 1892 Η.
1168 1859 1261 1892 Flor.
1286 1859 1393 1892 ACT.

1040 1901 1066 1948 ἤ
1091 1903 1139 1948 μὴ
1169 1902 1308 1948 ὀρθῶς]
1335 1917 1398 1938 om.
1424 1901 1524 1937 Vind.
1550 1903 1593 1937 Ε.

1042 1949 1286 1996 ἐπιλαμβάνῃ]
1307 1947 1547 1994 ἐπιλαμβάνει
1569 1948 1660 1984 Asti-

996 2008 1057 2039 us,
1083 1997 1258 2030 Bekkerus
1283 2003 1318 2030 et
1341 1996 1593 2030 Stallbaumius.

1040 2041 1141 2097 πρὶν]
1168 2041 1255 2085 πρὶν
1274 2038 1321 2075 ὃέν
1344 2042 1442 2075 Wind.
1461 2042 1501 2074 B.
1519 2042 1597 2074 Vat.
1608 2040 1659 2075 M.

1041 2087 1086 2123 τό
1113 2090 1174 2132 σε]
1214 2089 1268 2121 Ita
1306 2088 1394 2121 Lob.
1430 2087 1525 2120 Vind.
1550 2087 1593 2120 D.
1625 2090 1662 2120 et

996 2146 1069 2168 cum
1093 2146 1113 2177 γ
1137 2145 1237 2188 super
1263 2144 1283 2167 6
1307 2134 1347 2167 F.
1380 2131 1424 2167 τό
1443 2133 1483 2167 δε
1508 2133 1585 2166 Par.
1614 2132 1660 2167 K.

995 2193 1064 2214 sec.
1090 2180 1162 2223 Bip.
1189 2177 1277 2213 τόδε
1301 2191 1369 2213 sec.
1394 2179 1504 2212 Bekk.
1543 2190 1594 2222 πη
1620 2189 1660 2212 σε

995 2226 1152 2306 fflffi'sss'
1199 2224 1242 2259 τὸ
1270 2235 1307 2259 σε
1342 2225 1440 2259 Vind.
1476 2225 1552 2259 ΒΕ.
1585 2236 1661 2258 cum

1042 2340 1177 2384 ταῦτα]
1203 2339 1317 2373 τοῦτο
1342 2339 1421 2373 Par.
1445 2339 1489 2373 K.

1657 2347 1727 2382 450

1042 2406 1189 2451 πάντα]
1215 2421 1280 2443 om.
1303 2408 1394 2441 Flor.
1419 2408 1464 2442 T.
1489 2411 1567 2452 post
1590 2402 1659 2440 ιιῗσ-

996 2466 1065 2497 περ
1091 2455 1215 2487 habent
1250 2455 1334 2488 Lob.
1378 2453 1475 2487 Vind.
1501 2454 1542 2486 D.
1578 2453 1659 2486 Vat-

995 2501 1076 2535 ΒΜ.
1102 2501 1186 2533 Ven.
1208 2500 1247 2533 C.
1273 2507 1352 2533 ante
1384 2497 1534 2543 διέλθῃς
1558 2499 1657 2532 vind.

995 2547 1036 2580 B.
1068 2546 1159 2579 Mon.
1185 2547 1223 2579 B.
1267 2546 1345 2579 Par.
1378 2545 1453 2578 DK.
1493 2546 1586 2578 Flor.
1610 2545 1655 2578 U.

996 2592 1086 2626 Nam
1110 2593 1199 2636 quod
1223 2592 1462 2625 Stallbaumius
1493 2591 1526 2624 in
1550 2591 1658 2635 prima

997 2639 1050 2671 ed.
1083 2636 1208 2671 πάντα
1244 2638 1277 2671 in
1313 2639 1391 2671 Par.
1416 2637 1459 2670 K.
1494 2637 1585 2670 Flor.
1610 2636 1654 2670 U.

994 2690 1073 2728 post
1106 2682 1258 2729 διέλθῃς
1295 2684 1493 2717 collocatum
1527 2683 1658 2724 scribit,

995 2731 1085 2763 haud
1119 2730 1218 2764 dubie
1249 2731 1452 2774 typothetae
1481 2733 1657 2773 acceptum

996 2777 1232 2817 referendum,
1257 2786 1456 2821 quamquam
1479 2775 1513 2808 in
1537 2786 1657 2808 secun-

997 2822 1041 2857 da
1067 2822 1109 2856 de
1133 2834 1174 2856 ea
1198 2833 1236 2856 re
1260 2828 1364 2857 tacet.
