1807 3219
296 185 380 226 100

742 171 1219 219 PLATONIS

299 287 678 349 στραγγευομένῳ·
702 289 809 340 ἴσως
824 286 909 344 γάρ
929 285 1012 331 οὐκ
1027 283 1175 338 οἶσθα,
1194 282 1262 328 ὅτι
1279 280 1407 340 μόγις
1423 297 1498 338 μοι
1517 280 1577 325 τω
1595 281 1676 326 δύο

299 415 397 450 Idem
429 413 652 455 Eustathius,
693 411 750 458 qui
778 409 965 456 γιγνώσκω

299 463 424 495 rectius
446 464 482 493 et
500 460 623 493 Atticis
651 463 850 503 usurpatum
869 457 965 498 dicit,

297 509 442 542 alterum
458 509 495 540 et
517 505 652 539 suavius
680 516 802 538 sonans
821 508 856 538 et
878 504 965 537 anti—

298 554 395 607 quius
411 556 445 585 et
454 553 604 586 Homero
625 552 878 595 frequentatum
890 554 962 583 sta-

299 600 367 632 tuit
395 598 438 632 ad
466 597 507 630 Il.
537 598 581 631 T.
601 596 667 629 III.
699 608 777 640 pag.
797 597 886 637 327,
905 597 962 630 32.

299 645 394 699 Lips.
425 640 478 678 Τὸ
504 640 544 676 δὲ
570 642 741 696 γίνωσκε
751 641 813 675 καὶ
836 638 963 680 ἁπλῶς

299 688 342 725 τὰ
360 687 550 743 γινώσκειν
572 687 608 721 οὶ
631 686 697 731 μὲν
715 683 884 742 ν’στερον
894 685 961 720 Ἀτ-

299 735 395 771 τικοὶ
423 731 514 779 μετά
540 733 603 768 καὶ
617 733 826 791 δευτέρου
838 730 963 788 γάμμα

299 780 511 837 γιγνώσκειν
537 778 670 824 φασὶν,
697 792 748 818 ως
767 778 831 813 καὶ
855 776 874 814 ὁ
894 791 962 813 κω-

300 825 408 872 μικὸς
430 827 558 871 δηλοῖ,
583 822 688 881 noctise}
712 824 773 859 καὶ
800 822 843 859 τό
870 825 963 880 γίνε-

302 876 395 909 σθαι
420 873 629 928 γίγνεσθαι.
651 868 817 915 Όμηρος
836 871 964 926 μέντοι

301 917 578 976 οἲρχαὶκώτερον
605 914 732 972 οὶγνοεῖ
751 917 813 951 καὶ
835 915 873 951 ἐν
896 914 962 972 οἷμ

302 969 392 1009 φοῖν
412 962 456 999 τὸ
476 962 651 1019 δεύτερον
671 961 821 1019 γάμμα.
829 961 904 997 ἔστι
924 959 963 996 δὲ

302 1010 403 1056 ὅμως
426 1007 705 1067 ακριβέστερον
708 1022 750 1043 το
769 1021 845 1043 των
860 1005 965 1042 ν’στε-

299 1070 393 1115 ρον,
419 1056 454 1090 εἰ
470 1055 534 1090 καὶ
555 1053 812 1099 εὐφωνότερον
829 1052 872 1088 τὸ
894 1054 964 1088 τοῦ

299 1101 475 1159 Ομήρου.
519 1102 645 1135 Moeris
665 1105 776 1135 autem
795 1101 966 1142 Atticista,

300 1150 364 1206 qui
402 1148 564 1192 γίγνεται
595 1145 758 1186 Ἀττικῶς
779 1173 789 1190 ,
826 1147 966 1200 γίνεται

300 1192 516 1238 Ελληνικῶς
539 1193 604 1226 dici
635 1194 816 1234 observat,
851 1193 892 1225 de
921 1193 966 1226 si-

303 1242 373 1276 mili
399 1242 488 1273 inter
517 1236 701 1282 γιγνώσκω
733 1244 768 1272 et
800 1236 966 1282 γινώσκω

301 1287 532 1321 intercedente
552 1285 744 1320 discrimine
762 1289 864 1318 tacet.
897 1285 968 1318 De-

303 1334 404 1378 nique
434 1332 477 1366 ad
517 1332 685 1364 rationem
714 1331 805 1376 quod
832 1331 968 1372 attinet,

302 1391 385 1414 vera
401 1378 488 1411 haud
508 1377 610 1413 dubie
633 1377 821 1421 meritoque
840 1389 861 1410 a
884 1378 914 1411 V
917 1377 964 1410 al-

303 1423 464 1460 ckenario
491 1423 534 1456 ad
563 1423 683 1467 Eurip.
715 1423 963 1457 Phoen.1396.

301 1472 449 1516 probata
487 1472 540 1502 est
580 1468 771 1502 Heraclidis
812 1469 966 1502 doctrina

303 1517 393 1562 apud
427 1515 642 1549 Eustathium
680 1516 723 1548 ad
750 1515 816 1548 Od.
849 1515 893 1547 T.
918 1514 964 1547 II.

302 1575 338 1609 p.
360 1563 416 1604 25,
437 1564 469 1596 6.
488 1573 563 1616 sqq.
598 1561 720 1604 prioris
742 1572 763 1603 γ
796 1560 828 1593 111
847 1560 964 1603 γίγνο-

302 1621 370 1653 μαι
391 1614 426 1642 et
445 1605 630 1651 γιγνώσκω
662 1606 825 1650 originem
851 1607 893 1639 ab
917 1608 965 1639 al-

302 1661 378 1689 tero
405 1653 578 1697 duplicato
598 1652 786 1697 repetentis
807 1653 966 1686 alterum-

304 1713 372 1746 que
390 1700 533 1745 proinde
552 1710 710 1732 necessa1
712 1710 778 1731 111111
798 1704 832 1732 et
852 1698 965 1742 primi-

303 1748 409 1781 tivum
442 1744 647 1786 statuentis3
683 1747 718 1778 et
755 1747 868 1778 tamen
904 1744 967 1778 hoc

305 1793 450 1827 alterum
474 1804 496 1835 γ
527 1790 690 1835 temporis
720 1802 904 1834 progressu
929 1791 966 1823 in

304 1842 452 1883 utroque
476 1837 582 1870 verbo
617 1836 789 1880 paullatim
818 1838 871 1870 vel
907 1848 968 1869 eu·-

303 1885 450 1938 plioniae
470 1883 582 1926 gratia
599 1882 654 1915 vel
674 1882 813 1925 originis
832 1883 969 1927 ignora-

305 1930 398 1964 tione
429 1929 622 1963 oblitterari
648 1932 802 1981 coeptum
833 1929 994 1963 tandein

305 1987 446 2022 prorsus
464 1974 642 2008 evanuisse
668 1975 869 2008 recentioris
894 1974 970 2008 aevi

305 2026 520 2056 monumenta
558 2021 800 2053 demonstrant.
858 2020 970 2060 Quum

305 2068 412 2113 igitur
443 2068 485 2101 de
511 2069 604 2100 certo
632 2066 776 2111 quodam
806 2066 973 2112 sciiptore

306 2113 507 2168 quaeritur,
539 2116 652 2145 utrum
674 2118 823 2145 veterem
847 2125 889 2146 an
916 2124 971 2145 re-

307 2159 493 2194 centiorem
523 2158 799 2192 consuetudinem
834 2162 971 2192 secutus

308 2218 385 2240 esse
401 2205 575 2246 videatur,
599 2204 628 2238 si
649 2204 782 2238 codices
805 2205 889 2238 satis
910 2217 971 2239 ve-

307 2251 394 2286 tusti
412 2251 550 2302 fideque
572 2250 665 2294 digni
698 2254 901 2295 supersunt,
927 2251 970 2284 ad

308 2309 368 2332 eos
387 2308 459 2331 rem
480 2296 593 2329 redire
615 2300 776 2341 apparet3
788 2308 970 2342 eorumque

307 2343 499 2378 testimonio
518 2342 616 2377 Plato
628 2342 776 2386 γίνομαι
788 2354 969 2395 nunquam,

307 2387 476 2442 γινώσκω
497 2388 678 2429 interdum,
701 2389 760 2422 sed
781 2400 860 2422 raro
882 2389 966 2423 scri-

308 2435 422 2488 psisse
438 2435 622 2469 censendus
644 2440 705 2468 est.
756 2434 889 2475 Quibus
915 2438 967 2468 ta·

308 2493 386 2516 men
412 2481 449 2515 in
477 2481 561 2515 locis
590 2481 787 2525 scripserit,
819 2480 969 2514 Bekkeri

309 2527 410 2571 culpa
443 2528 570 2561 factum
607 2530 682 2568 est,
718 2530 757 2559 ut
789 2526 970 2562 diiudicari

308 2573 455 2608 nondum
474 2573 599 2618 possit.
619 2576 746 2613 nostro,
767 2584 969 2618 quamquam

308 2620 390 2655 vat.
410 2619 455 2652 H.
477 2620 618 2653 alterum
647 2631 668 2662 γ
689 2619 835 2660 babeat,
867 2630 968 2664 quum

310 2676 372 2699 sex
400 2664 466 2698 mei
488 2666 695 2709 totidemque
716 2664 905 2698 Florentini
934 2667 969 2698 et

310 2712 390 2746 Vat.
409 2711 451 2744 B.
468 2714 503 2744 et
519 2711 700 2744 secundum
713 2711 967 2754 Bipontinorurn

309 2755 478 2792 silentium
497 2757 577 2790 Par.
599 2757 642 2790 K.
662 2759 697 2790 et
726 2756 890 2790 editiones
909 2768 967 2790 an-

309 2803 433 2855 tiquae
453 2801 490 2836 id
517 2803 694 2843 omittant,
719 2807 812 2836 certe
831 2814 897 2838 non
915 2807 966 2837 te-

312 2860 404 2883 mere
423 2847 513 2883 idem
533 2848 656 2884 secisse
671 2859 808 2892 arguar.

1068 405 1394 461 στραγγευομένῳ]
1440 408 1537 441 Hanc
1577 409 1621 441 ab
1649 408 1677 442 Ι.

1023 456 1125 500 Casp.
1149 455 1277 489 Orellio
1299 454 1334 487 in
1352 455 1451 498 epist.
1475 455 1551 488 crit.
1576 454 1677 487 Conr.

1021 501 1140 535 Orellii
1160 500 1329 534 Memnoni
1349 501 1503 545 additap
1506 497 1615 534 ‚334
1637 511 1679 533 ex

1019 547 1216 581 coniectura
1251 547 1486 591 propositam,
1525 558 1546 579 a
1575 545 1681 579 Stal'-

1018 593 1151 627 baumio
1170 593 1204 625 in
1222 604 1275 637 pr.
1291 593 1343 626 ed.
1361 593 1551 636 probatam,
1574 592 1609 625 in
1626 603 1678 625 se-

1018 640 1128 673 cunda
1146 644 1317 681 receptam
1334 639 1510 672 lectionem
1522 638 1682 681 vulgatae

1019 681 1315 728 στρατευομένῳ,
1342 696 1430 729 quae
1460 684 1495 717 in
1527 684 1679 718 omnibus

1019 731 1191 765 codicibus
1216 734 1347 771 exstat,
1373 742 1393 763 a
1412 741 1513 763 manu
1542 730 1682 775 antiqua

1019 781 1052 811 in
1072 777 1172 812 Vind.
1189 776 1233 809 F.
1261 776 1487 820 subscriptam
1514 776 1613 810 huius
1638 775 1681 808 li-

1018 823 1072 857 bri
1089 823 1293 856 auctoritate
1313 823 1356 855 ad
1386 822 1493 866 ipsius
1520 822 1680 866 probabi-

1018 869 1149 903 litatem
1160 869 1344 902 accedente
1366 867 1463 901 alteri
1485 870 1680 913 praeferen-

1019 915 1096 949 dam
1119 914 1237 958 putavi
1261 925 1463 959 quamquam
1482 918 1517 948 et
1538 914 1603 958 ipsi
1626 918 1679 946 to-

1019 961 1163 994 lerabili.
1219 960 1363 993 Poterat
1399 960 1485 993 enim
1520 960 1682 992 Socrates

1021 1018 1157 1051 operam
1180 1006 1215 1039 in
1236 1005 1459 1039 describenda
1479 1017 1517 1039 re
1544 1004 1683 1039 militari

1020 1052 1168 1098 positam
1198 1063 1272 1085 cum
1295 1052 1399 1095 ipsius
1429 1052 1572 1085 militiae
1588 1052 1683 1085 labo-

1020 1099 1116 1132 ribus
1145 1109 1342 1141 comparans
1372 1098 1560 1139 licentiam,
1594 1109 1683 1143 quae

1020 1144 1180 1177 militibus
1192 1143 1225 1177 in
1247 1144 1515 1187 expeditionibus
1532 1143 1684 1189 permitti

1022 1190 1129 1231 solet,
1154 1190 1220 1223 sibi
1238 1194 1418 1234 negatam,
1440 1190 1494 1223 vel
1515 1190 1593 1223 dum
1607 1190 1684 1234 ipse

1021 1236 1101 1270 belli
1127 1247 1247 1269 caussa
1271 1247 1415 1280 peregre
1441 1237 1599 1278 abesset,
1631 1236 1683 1268 in-

1022 1282 1210 1316 cursionem
1227 1281 1262 1314 in
1282 1293 1361 1315 suos
1381 1282 1467 1315 fines
1489 1283 1614 1315 factam
1632 1282 1683 1315 io-

1022 1340 1101 1362 cose
1125 1328 1304 1372 conqueri,
1346 1328 1401 1361 vel
1431 1327 1686 1372 defatigationis

1022 1386 1105 1407 suae
1123 1374 1286 1407 rationem
1308 1385 1373 1407 non
1392 1374 1540 1407 habitam
1558 1374 1684 1415 dolere,

1022 1420 1187 1464 quomodo
1229 1420 1370 1454 Ficinus
1409 1418 1684 1465 στρατευομένῳ

1021 1466 1263 1510 interpretatus
1301 1470 1353 1499 est
1384 1468 1532 1500 militiae
1557 1468 1686 1500 labori-

1023 1513 1081 1545 bus
1104 1514 1175 1545 iam
1203 1513 1346 1554 defesso.
1394 1514 1521 1548 Verum
1540 1524 1687 1557 sequen-

1021 1557 1070 1591 tia
1097 1558 1219 1592 docent
1245 1570 1380 1600 eorum,
1406 1571 1493 1603 quae
1517 1559 1687 1592 militanti

1021 1604 1151 1647 ignosci
1170 1608 1229 1638 aut
1247 1605 1428 1638 condonari
1445 1605 1610 1646 debeant,
1635 1604 1687 1637 ui-

1022 1650 1069 1683 hil
1095 1662 1169 1684 eum
1198 1650 1240 1683 de
1268 1663 1304 1683 se
1337 1651 1686 1684 eonfite1i:cuncta-

1022 1698 1110 1730 tiom'
1142 1703 1177 1730 et
1210 1698 1328 1731 timori
1358 1708 1418 1730 suo
1448 1697 1686 1752 ignoscendum

1023 1742 1128 1789 fuisse
1144 1742 1244 1784 dicit,
1271 1739 1329 1776 ὅτι
1357 1741 1507 1781 εἰκότως
1533 1738 1625 1796 ἄρα
1634 1738 1682 1776 ώ-

1023 1786 1136 1822 κνουν
1176 1800 1215 1822 τε
1250 1787 1314 1822 καὶ
1347 1785 1546 1822 ἐδεδοικειν
1585 1784 1686 1822 ου’τω

1023 1832 1240 1878 παράδοξον
1270 1832 1386 1878 λέγειν
1417 1833 1538 1879 λόγον.
1578 1832 1687 1875 Quae

1024 1882 1074 1915 ita
1093 1884 1289 1925 comparata
1308 1884 1407 1923 sunt,
1426 1885 1465 1914 ut
1486 1880 1683 1926 explicatio-

1024 1939 1099 1960 nem
1132 1928 1229 1961 verbi
1261 1937 1410 1971 στραγγε
1397 1907 1549 1961 ’cossam
1577 1927 1686 1961 conti-

1024 1985 1107 2007 nere
1130 1973 1320 2007 videantur.
1368 1974 1424 2007 Cf.
1441 1972 1686 2008 Valckenarius

1028 2019 1194 2053 animadv.
1213 2019 1255 2053 ad
1276 2021 1425 2053 Ammon.
1448 2019 1489 2053 L.
1506 2020 1552 2052 II.
1578 2031 1607 2052 c.
1629 2019 1683 2054 13.

1027 2065 1086 2099 ubi
1104 2065 1226 2098 inscius
1248 2065 1346 2099 huius
1367 2066 1436 2099 loci
1462 2066 1685 2110 interpretem

1027 2116 1063 2145 et
1092 2111 1248 2144 lectionis
1276 2115 1414 2144 nostrae
1440 2115 1620 2156 patronum
1649 2123 1685 2144 e-

1027 2157 1103 2210 git:
1138 2157 1222 2191 adeo
1252 2157 1380 2196 omnia,
1405 2169 1492 2202 quae
1521 2158 1563 2190 de
1587 2156 1687 2191 verbi

1026 2203 1186 2247 origine,
1229 2202 1502 2246 significatione,
1535 2214 1619 2245 11511,
1650 2203 1706 2247 in‘

1025 2249 1141 2294 primis
1158 2249 1200 2282 de
1214 2249 1291 2282 eius
1310 2253 1478 2294 perpetua
1499 2253 1533 2283 et
1555 2229 1686 2283 tantum

1025 2307 1090 2329 non
1111 2295 1220 2329 ubixis
1241 2296 1333 2329 facta
1356 2307 1430 2329 cum
1452 2296 1559 2329 altero
1578 2306 1686 2340 στρα-

1024 2339 1201 2375 τεύεσθαι
1241 2342 1491 2386 permutatione
1523 2342 1702 2386 disputat‚'

1024 2389 1090 2421 huc
1127 2388 1339 2422 conveniunt.
1372 2407 1419 2413 —-
1449 2388 1563 2422 Astius
1587 2398 1686 2432 στρε-

1026 2432 1176 2479 φομένῳ
1205 2434 1430 2481 conficiebat,
1454 2434 1544 2478 quod
1574 2434 1615 2467 ad
1641 2433 1686 2467 si-

1025 2480 1276 2534 gnificationem
1299 2492 1365 2514 non
1395 2480 1531 2513 multum
1556 2480 1686 2521 differt,

1025 2527 1068 2560 ad
1091 2526 1286 2561 mutationis
1303 2526 1501 2561 facilitatem
1521 2537 1595 2559 cum
1627 2525 1686 2560 illo

1025 2584 1090 2606 non
1109 2572 1371 2627 comparandum
1387 2575 1461 2627 ‚zest

1073 2615 1141 2652 οὐκ
1174 2616 1313 2662 οἶσθα]
1350 2614 1477 2660 ουκοῖ,
1513 2617 1549 2650 111
1578 2629 1684 2661 marg.

1024 2667 1162 2709 vulgata
1188 2677 1210 2699 a
1238 2675 1337 2698 111.5.
1368 2643 1559 2708 adscripta,
1593 2664 1685 2698 Mon.

1069 2756 1151 2800 μοι]
1194 2756 1330 2800 punctis
1366 2758 1519 2789 notatum
1553 2759 1606 2789 est
1650 2756 1686 2788 iu

1023 2802 1115 2836 Mon.
1138 2803 1178 2835 B.

1069 2846 1164 2893 δυό]
1202 2848 1258 2883 Ita
1283 2848 1368 2885 Ven.
1398 2848 1439 2882 Β.
1481 2847 1579 2883 Vind.
1607 2847 1684 2883 DE.
