1807 3219
325 109 410 150 200

786 104 1262 148 PLATONIS

326 214 437 261 ἄλλα
467 215 822 272 ἄποκρινεῖσθαις
853 216 881 274 ἢ
911 218 994 260 ο’ίει
1022 216 1121 260 τινὰ
1150 216 1424 272 χαλεπαίνειν
1452 220 1512 273 τῷ
1541 219 1601 276 μὴ
1628 238 1707 277 χα-

326 289 442 344 λεπῷ
470 282 499 341 ἢ
522 290 709 340 φθονεῖν
738 289 798 343 τῷ
820 285 878 342 μὴ
909 288 1120 342 φθονερῷ
1151 284 1361 341 ἄφθονόν
1385 301 1430 329 τε
1458 286 1529 330 καὶ
1559 292 1707 342 πρᾶον

329 351 460 403 ὄντας
492 351 575 408 ἐγώ
606 354 685 410 μὲν
713 353 798 411 γάρ
830 366 876 398 σε
906 351 1172 408 προφθάσας
1202 353 1333 409 λέγω,
1374 352 1441 398 ὅτι
1469 354 1515 397 ἐν
1543 353 1708 412 ὀλίγοις

329 422 444 464 τισὶν
472 420 690 478 ἡγοῦμαι,
740 421 836 466 ἀλλ’
870 419 956 465 οὐκ
993 422 1041 465 ἐν
1079 425 1140 480 τῷ
1179 421 1336 480 πλήθει
1373 425 1562 480 χαλεπὴν
1592 425 1707 469 οὕτω

266 495 302 537 Β
333 489 472 546 φύσιν
508 491 751 546 γίγνεσθαι.
812 490 901 534 Καὶ
949 489 1032 546 ἐγώ
1073 488 1253 546 ἀμέλει,
1303 490 1416 547 ἔφη,
1466 494 1706 550 ξυνοίομαι.

331 555 511 602 Οὐκοῦν
539 558 613 602 καὶ
644 557 754 602 αὐτὸ
785 563 914 602 τοῦτο
948 559 1132 611 ξυνοίει,
1164 562 1246 602 τοῦ
1273 562 1465 615 χαλεπῶς
1493 562 1604 616 πρὸς
1633 580 1708 619 φι-

327 628 549 683 λοσοφίαν
577 624 683 677 τούς
721 626 914 678 πολλοὺς
954 629 1200 671 διακεῖσθαι
1231 626 1425 679 ἐκείνους
1455 629 1621 682 αἰτίους
1649 629 1710 674 εἶ-

329 711 405 739 ναι
433 694 539 746 τούς
569 694 730 747 ἔξωθεν
762 694 816 739 οὐ
855 699 1085 751 προσῆκον
1126 693 1575 753 ἐπεισκεκωμακότας,
1617 705 1712 744 λοι-

329 762 635 819 δωρουμένους
677 780 721 807 τε
766 763 916 816 αὑτοῖς
969 764 1044 807 καὶ
1095 764 1486 821 φιλαπεχθημόνως
1536 767 1712 823 ἔχοντας
1768 826 1773 830 ἵ

328 831 402 875 καὶ
432 829 499 875 ἀεὶ
516 833 615 887 περὶ
634 830 884 888 ἀνθρώπων
902 831 1008 884 τούς
1029 831 1189 888 λόγους
1211 832 1526 890 ποιουμένους,
1556 834 1713 893 ἥκιστα

328 980 516 1026 philosophi
542 981 654 1026 imago
673 982 920 1025 ostenderetur,
934 995 995 1029 pro

328 1030 423 1061 certo
446 1028 740 1071 pronuntiaverat,
764 1029 812 1064 ita
836 1030 996 1064 Adiman—

328 1077 405 1114 tus,
431 1073 532 1107 etiam
556 1074 585 1107 si
608 1085 725 1108 veram
746 1075 925 1119 imaginem
944 1076 998 1110 vi-

329 1119 452 1161 deant,
498 1119 603 1152 nihilo
638 1121 750 1154 minus
791 1122 894 1155 aliter
935 1122 997 1164 eis,

328 1169 433 1209 atque
457 1165 621 1199 Socrates
651 1169 789 1209 speret,
822 1168 930 1202 visum
954 1168 998 1202 iri

328 1211 563 1245 affirmaturus
585 1212 688 1246 simili
705 1213 912 1248 confidentia
933 1211 996 1247 οἷλ-

328 1256 435 1290 λοίαν
469 1268 527 1290 τοι
558 1255 674 1300 δόξαν
709 1256 895 1302 λήψονται
933 1259 997 1294 καὶ

329 1298 423 1336 ἄλλα
446 1299 743 1346 ἀποκρινοῦνται
763 1305 878 1340 dicere
894 1305 996 1350 idque

327 1361 407 1384 num
430 1350 584 1383 facturus
607 1350 662 1392 sit,
685 1362 705 1384 a
721 1352 867 1385 Socrate
889 1352 995 1386 inter-

330 1395 446 1440 rogari
468 1398 617 1440 poterat.
644 1396 745 1437 Quae
768 1397 994 1443 interrogatio

328 1452 432 1487 quum
456 1441 650 1485 negationis
675 1442 743 1476 vim
766 1443 904 1487 habeat,
929 1456 995 1478 non

327 1490 528 1532 exspectato
563 1499 726 1532 responso
771 1491 882 1524 altera
914 1491 997 1524 item

327 1534 489 1577 negativa
507 1532 686 1567 adiicitur:
710 1529 820 1579 ἢοῖἐι
841 1541 906 1570 etc.
929 1537 995 1570 Ce-

326 1583 438 1614 terum
461 1591 504 1613 ne
527 1579 679 1625 reliquae
711 1581 847 1626 quidem
878 1582 996 1617 lectio-

329 1637 390 1660 nes
405 1653 412 1667 ,
438 1637 581 1671 quarum
606 1626 747 1660 alteram
771 1627 996 1663 Schleierma-

328 1673 472 1714 cherus,
505 1672 650 1706 alteram
674 1673 917 1708 Stallbaumius
941 1686 995 1708 se-

329 1721 428 1751 cutus
452 1721 525 1760 est,
549 1717 593 1751 ad
618 1719 822 1752 sententiam
845 1719 994 1765 ineptae,

328 1763 391 1799 sed
413 1775 579 1810 perquam
602 1764 785 1810 languidae
801 1766 972 1801 videntur.

377 1828 503 1875 οὕτω]
529 1829 634 1867 αὐτῶ
660 1833 760 1868 Vind.
785 1834 825 1868 F.
854 1837 940 1880 Ang.
953 1836 992 1869 Β.

327 1878 428 1958 gigig
448 1879 554 1959 13:01³.
582 1875 678 1914 αὐτό
702 1880 798 1916 Flor.
823 1882 867 1916 T.
893 1879 994 1917 αὐτὰ

374 1993 457 2039 τοι]
491 2005 532 2028 τε
564 1996 652 2040 Ang.
677 1995 717 2029 B.
752 1995 996 2032 Stallbaumius

327 2040 363 2074 in
387 2051 455 2074 sec.
481 2041 648 2086 probante
669 2042 996 2086 Schleierinachero‚

328 2086 425 2121 cuius
456 2090 569 2120 tamen
601 2088 727 2122 rationi
759 2100 819 2122 τοι
849 2101 917 2123 non
947 2090 998 2124 ita

329 2135 369 2166 ut
393 2132 616 2167 Stallbaumio
646 2135 817 2168 obstabat.
866 2137 997 2170 Serva-

329 2178 375 2212 tis
398 2190 480 2213 vero
503 2180 617 2213 verbis
642 2176 666 2225 ἢ
686 2179 750 2215 καὶ
777 2181 842 2215 hoc
863 2194 998 2228 quoque

327 2225 531 2258 servandum
574 2237 651 2260 esse
694 2230 851 2272 apparet.

327 2271 460 2305 frustra
503 2270 638 2306 codices
685 2273 787 2306 etiam
825 2273 884 2319 qui
922 2285 999 2308 clun

329 2317 414 2361 Ang.
450 2317 491 2351 Β.
526 2318 643 2352 facere
675 2319 804 2361 solent,
845 2320 881 2355 id
913 2320 998 2355 reti-

329 2366 419 2397 nent.

376 2429 689 2477 ἀποκρινεῖσθαι]
727 2430 999 2478 ἀποκρίνεσθαι

330 2478 410 2512 Par.
446 2479 486 2512 A.
525 2480 605 2513 vat.
641 2480 686 2513 H.
735 2481 834 2513 Conf.
870 2481 944 2516 Vol.
970 2482 1000 2515 Ι.

330 2536 366 2569 p.
386 2525 441 2564 52,
456 2525 490 2558 b.
517 2525 673 2567 collecta,
698 2526 881 2560 secundum
900 2539 1002 2572 quae,

330 2570 362 2603 si
385 2582 472 2603 unus
496 2574 532 2604 et
555 2571 643 2604 alter
674 2572 765 2606 illius
788 2572 937 2607 familiae
959 2574 1000 2607 li-

330 2617 393 2650 ber
426 2617 647 2659 accessisset,
689 2629 854 2663 praesens
893 2619 1000 2665 recipi

330 2665 478 2717 poterat.

376 2705 400 2751 η’
421 2707 514 2753 οἴει]
540 2721 587 2742 απ
606 2721 741 2753 censes,
766 2712 906 2755 inquam
924 2711 997 2746 Fic.

379 2771 581 2822 ἄφθονον]
618 2778 866 2814 Antiatticistes
890 2779 998 2816 Bekk.

920 2228 998 2263 Nec
1046 2207 1076 2239 Ε

1052 993 1131 1028 pag.
1158 985 1223 1024 81,
1246 985 1314 1021 29:
1349 980 1547 1028 ἄφθονον·
1571 983 1637 1021 τὸν
1659 986 1709 1031 μὴ

1053 1029 1290 1073 φθονοῦντα.
1326 1029 1486 1065 Πλάτων
1518 1033 1712 1073 Πολιτείας

1052 1073 1229 1121 τετάρτῳ.
1253 1078 1346 1121 quod
1371 1079 1413 1112 ad
1435 1083 1584 1112 nostrum
1601 1079 1711 1112 locum

1052 1122 1224 1167 pertinere
1252 1128 1345 1167 puto.

1099 1165 1169 1212 γάρ
1195 1169 1256 1213 σε]
1281 1167 1352 1214 γὰρ
1372 1167 1409 1204 σὲ
1433 1170 1524 1204 Vina.
1549 1169 1592 1203 Ε.
1616 1170 1711 1204 Bek-

1053 1213 1178 1256 kerus,
1207 1214 1322 1249 Astius
1355 1216 1390 1250 in
1423 1215 1521 1250 tertia
1546 1220 1581 1249 et
1605 1217 1711 1250 Stall-

1053 1260 1228 1302 baumius,
1252 1261 1351 1306 quasi
1375 1263 1530 1297 Socrates
1555 1259 1622 1306 ἐγώ
1645 1260 1711 1305 μὲν

1052 1305 1168 1340 dicens
1192 1318 1257 1340 non
1283 1308 1414 1342 omnino
1439 1307 1506 1343 allis
1522 1333 1531 1350 ,
1557 1309 1617 1342 sed
1629 1309 1711 1343 Adi-

1052 1355 1167 1386 manto
1191 1352 1254 1385 soli
1275 1365 1353 1388 sese
1379 1367 1421 1399 op
1450 1358 1571 1388 oneret.

1099 1398 1312 1446 γίγνεσθαι]
1344 1401 1515 1445 γενεσθαι
1540 1401 1640 1437 Vind.
1665 1402 1711 1437 E.

1100 1464 1246 1511 οἷμέλει]
1274 1481 1339 1504 οπι.
1363 1470 1436 1504 Fic.
1480 1469 1658 1505 Bekkerus
1676 1474 1713 1505 et

1052 1513 1294 1548 Stallbaumius
1326 1517 1486 1550 commate
1518 1528 1539 1550 a
1567 1528 1713 1561 praece-

1053 1559 1152 1593 dente
1171 1556 1240 1603 ἐγώ
1268 1564 1447 1606 separant,
1472 1574 1538 1606 quo
1563 1563 1713 1597 admisso

1052 1616 1116 1639 non
1138 1605 1204 1639 iam
1230 1606 1404 1649 adverbii,
1436 1609 1497 1641 sed
1519 1607 1713 1653 imperativi

1053 1651 1118 1685 vim
1142 1652 1269 1686 habere
1300 1654 1516 1688 statuendum
1549 1658 1619 1696 est,
1658 1655 1714 1689 cui

1050 1708 1131 1730 usus
1162 1702 1342 1743 repugnat.
1392 1700 1448 1735 Cf.
1483 1701 1713 1736 Schneiderus

1051 1744 1095 1778 ad
1119 1743 1245 1790 Cyrop.
1271 1746 1312 1780 V.
1335 1747 1382 1789 2,
1407 1747 1461 1782 13.

1094 1811 1253 1858 ξυνοίει]
1279 1813 1429 1857 ξυνοίου
1453 1815 1545 1850 Mon.
1556 1816 1596 1850 B.
1619 1816 1758 1868 Hor-B

1049 1857 1093 1893 U.
1140 1859 1180 1893 In
1197 1860 1273 1894 Ald.
1298 1862 1389 1896 nulla
1412 1861 1653 1908 interpunctio,
1677 1864 1714 1898 in

1050 1905 1126 1940 Bas.
1153 1906 1207 1939 ab.
1233 1908 1356 1952 Steph.
1380 1908 1613 1954 interrogandi
1630 1914 1714 1945 nota

1048 1951 1208 1996 apposita
1233 1957 1295 1986 est.

1092 1997 1186 2042 τοῦ]
1211 1996 1254 2033 τὸ
1281 1999 1380 2034 Vind.
1404 2001 1446 2035 Β.

1094 2066 1329 2113 διακεῖσθαι]
1361 2069 1598 2105 διακοεῖσθαι
1624 2069 1710 2105 Lob.

1047 2117 1126 2146 ante
1151 2124 1238 2146 corr.

1094 2155 1277 2205 ἐκείνους]
1317 2164 1397 2206 post
1431 2160 1578 2203 αἰτίους
1611 2161 1711 2198 Vind.

1096 2246 1164 2295 οὔ]
1202 2249 1255 2291 ὦς
1275 2250 1324 2297 μὴ
1351 2253 1445 2288 Mon.
1469 2255 1510 2287 B.
1546 2252 1642 2287 Flor.
1665 2253 1710 2287 U.

1047 2297 1129 2332 Par.
1139 2297 1183 2331 K.
1204 2296 1250 2332 οὐ
1269 2298 1319 2346 μὴ
1341 2300 1418 2334 Ald.
1431 2300 1511 2333 Bas.
1523 2300 1576 2333 ab.
1591 2300 1712 2344 Steph.

1048 2343 1142 2377 Idem
1167 2356 1188 2377 a
1209 2357 1252 2378 m.
1278 2357 1306 2380 s.
1334 2346 1367 2379 in
1391 2346 1472 2379 Par.
1497 2346 1541 2380 D.
1564 2346 1714 2390 positum

1049 2390 1205 2432 videtur,
1228 2403 1328 2435 quem
1351 2392 1532 2426 Bekkerus
1556 2403 1577 2425 a
1594 2404 1638 2425 111.
1657 2403 1711 2436 pr.

1050 2432 1097 2469 ου’
1121 2437 1312 2482 προσῆκον
1332 2449 1407 2472 cum
1427 2438 1566 2484 reliquis
1584 2438 1715 2473 habere

1049 2485 1208 2517 testatur.

1096 2547 1485 2596 ἐπεισκεκωμακότας]
1510 2549 1712 2587 ἐπεισκεκω

1050 2595 1239 2642 μακότας,
1264 2610 1338 2643 sup.
1365 2612 1413 2643 ω,
1439 2600 1540 2633 Vind.
1565 2600 1608 2633 E.

1094 2644 1430 2689 λοιδορουμένους]
1478 2642 1713 2689 λοιδορουμέ-

1050 2701 1128 2729 νοις
1152 2691 1251 2727 Vind.
1277 2692 1321 2726 F.
1345 2689 1609 2736 λοιδορουμένη
1632 2691 1711 2725 Par.

1099 2778 1252 2829 αὐτοῖς]
1294 2784 1404 2830 Vulgo
1441 2780 1590 2827 αὐτοῖς,
1624 2783 1714 2830 quod
