1807 3219
275 208 420 234 xxxw
700 192 1230 233 PRAEFATIO

274 312 392 364 primi
413 315 592 364 optatum
612 312 727 351 nobis
748 312 953 364 intelligat,
980 317 1025 352 ut
1047 313 1229 352 omnibus
1250 326 1271 351 a
1289 312 1473 351 Bekkero
1497 310 1649 350 collatis

274 392 480 431 codicibus
493 391 703 443 aliquando
725 394 953 432 retractatio
970 393 1213 433 adhibeatur.
1234 392 1395 431 Interim
1410 404 1650 431 consensum

273 470 577 512 vindobonensi
605 476 646 512 et
665 471 904 513 Monacensi
925 486 1015 512 cum
1041 475 1123 512 suis
1141 474 1300 524 utrique
1318 473 1505 512 affinibus
1525 473 1648 511 inter-

272 553 483 592 cedentem
514 552 648 605 paullo
687 554 834 592 certius
866 566 971 592 nunc
1000 566 1076 592 nec
1098 554 1297 593 minimam
1326 539 1480 605 partem
1510 551 1649 590 ortho-

270 632 553 684 graphicorum
588 633 756 672 istorum
785 647 866 686 ope
897 633 1138 673 declaratum
1171 634 1387 680 laetemur,
1424 633 1651 672 Bekkerum

268 725 364 751 vero
385 715 592 752 teneamus
614 726 666 753 ne
691 714 740 752 iis
767 714 926 766 quidem
955 715 997 753 in
1028 713 1153 767 locis,
1184 728 1285 766 quos
1316 714 1430 753 aliter
1456 727 1502 752 ac
1531 711 1649 764 vulgo

269 793 506 832 scribendos
535 794 839 842 existimaverit,
883 795 1059 834 omnium
1100 808 1264 834 suorum
1297 795 1488 834 librorum
1518 804 1650 831 veram

267 873 417 924 ubique
451 873 515 912 vel
563 874 755 914 habuisse
795 875 859 914 vel
899 875 1118 915 lectoribus
1152 875 1419 927 impertivisse
1458 873 1649 919 notitiam,

268 952 378 1004 quod
397 966 517 1004 quum
537 953 652 1002 alibi,
673 958 758 994 tum
776 953 821 994 L.
844 952 891 994 V.
919 969 961 1007 p.
982 955 1080 994 469.
1099 955 1145 994 Β.
1168 952 1283 1006 (243,
1303 952 1378 1004 18)
1407 952 1471 992 Vl.
1486 951 1580 990 501.
1601 952 1648 990 Β.

269 1031 385 1084 (305,
405 1032 479 1084 12)
512 1030 593 1073 VH.
616 1033 713 1074 532.
735 1035 782 1075 A.
806 1033 920 1087 (358,
948 1031 1019 1088 13)
1042 1038 1231 1087 apparet3
1260 1033 1431 1073 eundem
1451 1044 1648 1084 praecon-

269 1116 387 1164 cepta
427 1114 616 1165 opinione
648 1114 811 1154 ductum
853 1116 1063 1163 nonnulla,
1109 1127 1211 1165 quae
1244 1113 1405 1153 codices
1441 1126 1460 1151 a
1494 1111 1650 1163 vulgata

268 1193 444 1233 lectione
463 1194 731 1246 discrepantia
750 1194 966 1243 haberent,
991 1199 1035 1234 ut
1060 1181 1223 1234 falsa'et
1240 1194 1370 1233 futilia
1392 1192 1649 1244 praeterisse,

270 1277 409 1312 contra
430 1273 625 1312 diversam
648 1275 829 1314 eiusdem
856 1276 1015 1327 generis
1029 1304 1040 1323 ,
1079 1287 1196 1326 quam
1215 1274 1305 1325 ipse
1330 1273 1540 1324 probaret,
1577 1285 1648 1311 co-

267 1354 400 1392 dicum
421 1354 658 1405 scripturam
688 1355 915 1406 diligentius
942 1355 1193 1406 significasse
1224 1365 1350 1403 eaque
1368 1354 1524 1392 ratione
1548 1352 1647 1391 effe-

267 1434 394 1481 cisse,
425 1437 469 1472 ut
488 1433 602 1473 elisio
631 1448 667 1474 e.
691 1448 724 1474 c.
756 1438 796 1474 et
823 1435 953 1474 littera
977 1435 998 1481 ξ
1019 1448 1100 1473 non
1119 1434 1209 1474 fere
1233 1433 1394 1482 eadem,
1417 1439 1461 1473 ut
1482 1447 1549 1473 res
1573 1438 1648 1481 est,

266 1513 340 1552 sed
359 1509 491 1552 multo·
508 1514 710 1563 firmiore,
748 1528 865 1567 quam
884 1515 1016 1554 hiatus
1039 1519 1079 1553 et
1097 1515 1226 1553 littera
1249 1527 1294 1561 6,
1319 1515 1554 1553 auctoritate
1578 1515 1648 1553 niti

264 1593 514 1640 viderentur3
557 1596 674 1634 tertio
713 1597 754 1634 in
792 1608 930 1635 manus
961 1596 1162 1634 secundae
1190 1595 1480 1646 significatione
1508 1607 1647 1646 parum

264 1675 495 1712 constanter
515 1678 716 1713 versatum
739 1675 787 1714 ab
812 1689 859 1714 ea
878 1675 1064 1727 profecta
1085 1688 1209 1727 saepe
1230 1676 1387 1714 silentio
1410 1676 1645 1726 praetermi-

266 1755 372 1792 sisse
397 1756 590 1792 ettamen
616 1767 898 1806 nonnunquam
928 1755 1161 1806 simpliciter
1184 1755 1297 1806 quasi
1329 1769 1351 1794 a
1374 1769 1492 1795 manu
1519 1756 1645 1808 prima

265 1840 304 1873 et
327 1835 415 1873 sine
438 1833 519 1873 ulla
540 1834 655 1874 litura
672 1838 738 1874 aut
758 1836 1037 1875 emendatione
1064 1837 1197 1887 posita
1219 1835 1424 1875 codicibus
1442 1836 1645 1882 tribuisse,

264 1915 376 1953 cuius
406 1914 467 1952 rei
501 1914 686 1966 exemplo
724 1919 816 1953 sunt
845 1916 926 1955 loci
957 1915 1003 1954 L.
1027 1915 1075 1956 V.
1109 1930 1150 1968 p.
1171 1916 1268 1957 458.
1292 1916 1337 1955 C.
1358 1912 1475 1970 (232,
1498 1911 1574 1970 17)
1606 1919 1646 1955 et

263 1994 358 2033 463.
385 1993 431 2033 G.
461 1990 577 2048 (242,
595 1993 641 2045 2)
664 2009 754 2034 cum
773 1995 871 2034 474.
891 1996 936 2034 B.
959 1992 1077 2050 (262,
1097 1992 1146 2050 7)
1183 2001 1224 2036 et
1242 1997 1339 2036 478.
1361 1995 1408 2036 D.
1433 1996 1547 2048 (27⁰,
1570 1993 1643 2050 19)

265 2074 423 2121 collati3
455 2074 628 2125 denique
652 2087 788 2113 ansam
806 2076 1041 2127 praebuisse
1063 2077 1296 2128 suspicioni,
1315 2089 1367 2116 ne
1382 2077 1562 2116 confusis
1583 2077 1644 2115 vel

264 2155 391 2206 ipsius
414 2154 477 2192 vel
496 2154 734 2206 typothetae
753 2168 890 2195 errore
910 2157 1020 2209 siglis
1042 2157 1092 2196 ad
1115 2156 1233 2196 alium
1251 2156 1441 2196 nonnulla
1460 2157 1644 2196 codicem

264 2235 410 2282 relata,
438 2236 480 2273 in
507 2235 583 2273 alio
615 2238 776 2287 reperta
795 2237 842 2275 ab
878 2251 928 2276 eo
953 2239 1056 2285 sint,
1087 2240 1132 2275 ut
1163 2250 1282 2288 quum
1307 2236 1354 2276 L.
1377 2234 1458 2275 Vll.
1483 2250 1524 2288 p.
1547 2236 1642 2275 531.

266 2316 311 2354 C.
334 2312 449 2369 (357,
473 2313 546 2365 15)
567 2311 747 2364 ἀνιᾶσιν,
768 2316 863 2356 533.
885 2317 935 2359 Ε.
955 2316 1068 2369 (361,
1090 2314 1163 2368 19)
1186 2314 1419 2369 περίσκεψις
1435 2318 1475 2355 ἰιι
1491 2316 1580 2355 Par.
1593 2316 1639 2356 K.

264 2397 413 2448 scripta
442 2395 664 2447 perhibet,
707 2396 758 2434 (lc
792 2395 906 2436 Vind.
939 2397 984 2436 B.
1015 2398 1055 2436 in
1090 2410 1168 2448 quo
1200 2397 1339 2436 eadem
1372 2401 1485 2445 sunt,
1523 2401 1642 2442 tacet.

264 2490 341 2527 qua
363 2488 411 2514 ex
432 2488 497 2523 re,
535 2488 656 2526 quum
675 2476 879 2527 Bipontini
898 2481 1036 2516 contra
1057 2478 1108 2516 de
1128 2477 1216 2517 Par.
1239 2477 1288 2515 K.
1312 2481 1489 2529 taceant,
1525 2477 1638 2516 dubi-

260 2557 455 2596 tationem
476 2557 570 2594 oriri
588 2569 759 2596 necesse
782 2561 865 2605 est,
898 2571 946 2596 an
977 2557 1213 2597 Parisiensis
1246 2558 1333 2597 libri
1359 2559 1516 2609 signum
1549 2555 1639 2607 (K)

261 2650 335 2688 pro
365 2633 425 2684 Φ,
459 2650 537 2687 quo
560 2635 911 2677 vindobonensem
945 2639 1130 2687 denotat,
1157 2639 1304 2678 inscius
1334 2643 1373 2677 et
1404 2639 1544 2677 invitus
1568 2651 1635 2677 ex-

261 2717 446 2756 hibuerit.
520 2717 631 2767 Quae
652 2720 781 2759 omnia
810 2723 925 2759 caute
944 2719 1131 2759 utendum
1154 2720 1325 2759 Bekkeri
1345 2719 1637 2759 commentariis

264 2810 356 2837 csse
383 2797 542 2836 docent.
