1807 3219
418 155 758 200 CIVITAS
807 157 930 201 LIB.
961 157 1015 200 V.
1044 159 1113 198 476
1390 158 1473 198 121

84 268 163 322 τάς
190 282 234 311 τε
259 268 397 320 καλὰς
425 268 578 325 φωνὰς
614 267 884 323 ἅσπαζονται
912 269 986 313 καὶ
1016 267 1152 325 χρόας
1181 268 1256 312 καὶ
1279 266 1478 325 σχήματα

83 340 161 385 καὶ
190 336 336 382 πάντα
364 337 417 381 τά
453 337 501 382 ἐκ
541 341 630 381 τῶν
657 337 873 382 τοιούτων
903 335 1309 394 δημιουργούμενα,
1343 334 1481 379 αὐτοῦ

86 409 134 453 δὲ
175 410 258 451 τοῦ
302 409 445 450 καλοῦ
483 403 701 457 ἀδύνατος
741 403 890 449 αὐτων
929 406 958 463 ἦ
1001 405 1179 450 διάνοια
1221 421 1304 461 την
1343 401 1485 461 φύσιν

88 478 199 521 ἰδεῖν
229 490 274 519 τε
303 476 380 519 καὶ
410 472 707 518 ἀσπάσασθαι.
755 472 872 530 ’Έχει
901 474 985 530 γάρ
1022 469 1104 518 οὖν
1133 475 1207 531 δὴ,
1248 473 1355 530 ἔφη,
1397 471 1486 517 οὕ-

87 562 187 598 τως.
251 545 307 588 Οἱ
335 544 381 588 δὲ
410 541 464 600 δή
494 541 558 586 ἐπ’
591 540 699 586 αὐτό
735 541 786 585 τὸ
815 542 954 587 καλὸν
985 543 1167 587 δυνατοὶ
1195 540 1308 586 ἰέναι
1337 558 1382 585 τε
1411 540 1486 585 καὶ

90 614 202 674 ὁρᾷν
233 609 340 658 καθ’
381 610 492 655 αὑτὸ
537 605 626 666 ἆρα
669 608 723 654 οὐ
764 610 944 655 σπάνιοι
975 610 1031 655 ἂν
1067 610 1180 664 εἶενς
1231 610 1319 654 Καὶ
1349 608 1480 665 μάλα.
1517 617 1549 659 C

85 683 137 729 Ὃ
165 677 250 728 οὖν
286 679 400 726 καλὰ
429 680 519 737 ’μὲν
555 677 790 735 πράγματα
826 681 1044 736 νομίζων,
1090 678 1202 724 αὐτὸ
1242 681 1289 724 δὲ
1327 679 1486 730 κάλλος

91 751 198 809 μήτε
227 751 418 807 νομίζων
447 747 576 806 μήτε,
612 746 668 791 ἄν
696 764 761 800 τις
793 747 950 805 ἡγῆται
989 748 1059 791 ἐπὶ
1097 747 1178 805 τὴν
1208 753 1375 805 γνῶσιν
1407 746 1490 797 αὐ-

92 824 199 874 τοῦ,
236 816 486 875 δυνάμενος
515 817 724 868 ἕπεσθαι,
765 814 876 871 ὄναρ
905 816 935 873 ἢ
972 817 1090 873 ὕπαρ
1133 809 1257 862 δοκεῖ
1287 829 1357 862 σοι
1388 821 1491 875 ζῇν,·

95 888 248 935 σκόπει
277 885 419 932 δέ.τὸ
455 883 732 942 ὀνειρώττειν
760 880 849 941 ἆρα
879 883 932 929 οὐ
961 884 1061 929 τόδε
1092 886 1235 937 ἐστὶν,
1268 885 1346 930 {viv
1377 884 1412 929 τ’
1445 885 1493 928 ἐν

94 958 221 1018 ὕπνῳ
263 973 328 1008 τις
365 955 443 1000 ἐάν
480 971 525 999 τε
565 953 815 1041 ἐγρηγορώς

274 1023 497 1040 ’’’’’

858 954 907 998 τὸ
952 953 1112 1011 ομοιόν
1141 972 1202 1013 τῳ
1219 954 1290 1037 μὴ
1320 970 1490 1010 ομοιον,

99 1096 240 1152 φαίην
279 1093 553 1149 ὀνειρώττειν
589 1093 668 1137 τὸν
715 1097 935 1138 τοιοῦτον.
1011 1094 1064 1136 Τί
1108 1091 1176 1142 δές
1218 1091 1242 1136 ὁ
1281 1088 1493 1135 τάναντία

98 1163 275 1209 τούτων
314 1161 562 1224 ἡγούμενός
611 1161 656 1206 τέ
700 1177 743 1205 τι
801 1159 911 1205 αὐτὸ
952 1161 1089 1205 καλὸν
1125 1161 1202 1205 καὶ
1246 1159 1493 1216 δυνάμενος

99 1236 309 1290 καθορᾷν
347 1231 421 1276 καὶ
463 1227 569 1273 αὐτὸ
610 1230 685 1273 καὶ
727 1228 780 1274 τοὶ
819 1231 990 1282 ἐκείνου
1021 1228 1255 1286 μετέχοντα
1285 1230 1358 1273 καὶ
1388 1226 1491 1273 οὔτε
1514 1235 1554 1277 D

100 1301 155 1347 τὰ
175 1300 416 1360 ,μετέχοντα
445 1297 554 1344 αὐτὸ
587 1298 689 1344 οὔτε
730 1297 841 1344 αὐτὸ
875 1299 928 1343 τὰ
964 1298 1199 1355 μετέχοντα
1234 1295 1496 1354 ἡγούμενος,

149 1450 245 1487 ἰδεῖν
261 1461 300 1485 τε
325 1449 390 1485 καὶ
410 1444 687 1491 ασπᾶσασθαι]
712 1452 770 1483 at-
874 1443 942 1481 ἐάν
969 1459 989 1481 τ
990 1444 1026 1490 ’]
1075 1443 1143 1481 ἐοῖν
1180 1456 1220 1480 τε
1258 1445 1346 1481 Lob.
1394 1444 1499 1479 Vind.

101 1499 240 1554 tingere
259 1498 334 1531 Fic.
371 1508 412 1530 τε
438 1509 503 1531 om.
507 1496 630 1532 l§2Vind.
655 1496 699 1530 D.
725 1513 773 1521 —-
828 1491 1335 1529 BDEF.F10r.ACRT.‘

103 1542 340 1586 ἀσπάζεσθαι
363 1543 464 1576 Vind.
491 1543 534 1577 Ε.

151 1587 206 1625 ἐπ’
228 1587 342 1635 αὐτὸ]
368 1587 508 1625 ἒπαυτὸ
528 1589 628 1624 Vind.
639 1589 681 1623 F.
707 1585 773 1623 ὑπ’

104 1635 199 1673 αὐτὸ
224 1637 320 1671 Mon.
341 1637 384 1671 B.

149 1702 251 1741 καθ’
278 1702 401 1750 αὐτὸ]
425 1702 524 1740 καθ’
546 1703 657 1740 ἑαυτὸ
684 1705 771 1740 Lob.

105 1753 208 1788 Vind.
238 1753 310 1786 BD.
334 1753 428 1786 Mon.
453 1754 493 1786 Β.
517 1753 605 1797 Ang.
623 1752 664 1787 Β.
694 1754 772 1787 Vat.

105 1800 156 1835 M.
179 1797 372 1834 καθεαυτὸ
401 1799 501 1833 Vind.
526 1799 567 1833 F.

155 1861 255 1914 ἆρα]
281 1863 358 1913 ἄρα
381 1867 467 1902 Lob.
492 1867 595 1905 Vind.
613 1867 654 1902 F.
680 1867 774 1903 Flor.
807 1882 815 1890 ·

108 1915 188 1950 RU.

154 1957 334 2004 Ιςςποίνιοι]
358 1959 461 1994 Prius
484 1971 500 1995 ι
521 1959 616 1996 Mon.
643 1960 686 1995 Β.
712 1959 775 1994 int.

107 2019 196 2043 vers.
221 2008 338 2042 habet.

158 2073 228 2121 ἂν]
254 2089 320 2111 om.
345 2075 432 2110 Lob.
459 2075 558 2110 Vind.
584 2076 658 2111 BD.
682 2076 777 2111 Mon.

110 2123 152 2158 B.
175 2124 256 2158 Par.
282 2122 358 2157 DK.
383 2123 464 2157 Vat.
489 2122 539 2158 M.

60 2197 95 2241 C
165 2188 260 2238 εἶεν]
300 2184 380 2227 εἶεν
402 2192 481 2226 Ald.
516 2188 594 2226 οῗεν
617 2191 699 2226 Bas.
725 2191 782 2227 ab.

163 2247 259 2286 αὐτὸ
282 2248 322 2285 δὲ
340 2247 499 2294 κᾶλλος]
524 2245 621 2284 αὐτο
642 2247 683 2284 δὲ
697 2247 783 2283 κάλ-

116 2299 180 2338 λος
203 2297 304 2333 Vind.
324 2298 366 2331 B.

164 2352 226 2390 ἐπὶ
247 2353 318 2400 τὴν
342 2353 479 2398 γνῶσιν
497 2351 645 2399 αὐτοῦ]

670 2354 788 2396 „Pos-

117 2406 198 2437 sunt
220 2403 307 2436 haec
330 2401 439 2435 verba
462 2400 517 2434 vel
548 2400 789 2446 praecedenti-

116 2450 182 2483 bus
206 2448 262 2482 vel
285 2446 507 2493 sequentibus
530 2446 646 2491 iungi,
670 2447 789 2481 eodem

118 2499 279 2530 manente
321 2505 433 2528 sensu.
436 2495 459 2512 “
507 2494 630 2538 steph.
672 2497 786 2528 annot.

118 2553 153 2588 p.
178 2543 234 2576 22.
282 2541 329 2574 At
357 2540 435 2585 ipsa
471 2540 652 2573 verborum
684 2539 789 2575 collo-

119 2587 212 2622 catio
239 2586 381 2628 indicat,
407 2585 495 2620 utris
511 2585 684 2630 iungenda
707 2586 788 2621 sint.

165 2652 271 2702 ὕπαρ
288 2655 412 2700 δοκεῖ]
426 2649 600 2699 ’ὅπαρδος
619 2657 678 2690 κεῖ
689 2656 789 2691 V'md.

169 2746 231 2794 δέ]
266 2748 380 2796 igitur
402 2747 481 2781 Fic.
524 2745 565 2782 δὲ
589 2747 662 2783 sine
684 2748 792 2784 inter-

123 2795 314 2852 punctione
329 2793 406 2828 Ald.
431 2794 511 2828 Bas.
539 2795 594 2828 ab.

169 2835 264 2888 ἆρα]
290 2837 368 2887 αρα
389 2839 491 2877 Vind.
511 2839 551 2875 F.
575 2840 672 2875 Flor.
687 2841 791 2878 Acv

833 1570 835 1573 “
876 1563 955 1608 τις]
982 1559 1079 1597 ἐστὶν
1103 1563 1183 1597 Par.
1204 1562 1284 1596 ΒΚ.

879 1643 918 1666 τε
947 1629 1184 1689 ἕνρηιορώς]
1229 1643 1270 1666 τε
1299 1629 1504 1688 yenyoocfis

833 1690 921 1713 corr.
948 1676 979 1713 τ’
998 1676 1014 1713 ε’
1016 1691 1070 1723 γ.ρ
1097 1679 1198 1713 Vind.
1224 1678 1267 1713 D.
1293 1689 1333 1712 τε
1355 1674 1504 1722 ἐγρηγό-

832 1737 907 1770 ρως
930 1725 1031 1759 Vind.
1060 1725 1103 1760 F.

879 1807 931 1839 τῳ
953 1792 1018 1840 μὴ]
1045 1791 1089 1829 τὸ
1113 1792 1162 1838 μὴ
1190 1805 1264 1827 cum
1281 1792 1419 1840 'punctis
1438 1793 1502 1826 sub

833 1839 877 1876 τὸ
905 1841 999 1875 Mon.
1024 1842 1066 1876 B
1090 1853 1141 1897 μη
1163 1838 1207 1875 τὸ
1234 1841 1315 1874 Par.
1340 1839 1385 1873 K.

834 1883 1114 1968 ΕΙῆγῆΞιὲἐὛ
1090 1890 1236 1932 ηγεῖται
1283 1886 1382 1920 Vind.
1429 1885 1503 1920 BD.

880 1945 918 1967 01·

881 1973 936 2038 ω]
963 1976 985 2014 ὃ
1010 1983 1091 2015 V.at
1114 1981 1159 2014 H.

881 2015 979 2084 Εγώ
999 2028 1137 2084 γοῦν]
1155 2023 1223 2070 ἐγω
1253 2022 1290 2073 γ’
1307 2017 1376 2059 οὖν
1399 2023 1504 2057 Vind.

836 2074 913 2109 EF.
960 2071 1061 2118 ἔγωγ’
1089 2085 1159 2108 ουν
1190 2073 1275 2106 Lob.
1307 2071 1407 2105 Vind.
1431 2071 1505 2104 BD.

838 2121 933 2155 Mon.
959 2121 999 2154 B.
1039 2119 1265 2173 (Florentini)
1300 2130 1374 2151 cum
1407 2116 1508 2151 editis

839 2172 920 2201 ante
944 2167 1159 2209 Bekkmum,
1195 2165 1252 2211 qui
1284 2164 1390 2199 tacito
1415 2160 1506 2206 Ἐγώ

840 2213 934 2269 γοῦν
959 2213 1106 2270 scripsit.
1157 2213 1213 2246 Cf.
1240 2212 1365 2247 Vol.1.
1391 2223 1425 2256 p.
1450 2211 1509 2245 30.

889 2257 1053 2315 τὸν]τό
1081 2261 1160 2293 Par.
1184 2258 1230 2292 Κ.
1256 2270 1325 2292 sec.
1351 2257 1461 2291 Bekk.

891 2303 958 2350 δέ]
994 2303 1035 2340 δ’
1064 2305 1164 2342 Vind.
1190 2305 1263 2338 BD.
1300 2301 1340 2338 δὲ
1365 2302 1512 2338 sinein-

844 2352 1083 2408 tex-Punctione
1108 2352 1186 2386 Ald.
1208 2353 1288 2385 Bas.
1316 2351 1370 2384 ab.

891 2410 1102 2442 ηγουμενος
1130 2396 1172 2432 τέ
1197 2410 1234 2431 τι
1259 2393 1354 2431 αὐτὰ
1380 2393 1512 2439 καλὸν]

843 2441 1064 2490 ἡγούμενος.
1102 2444 1138 2479 τί
1165 2440 1377 2478 αὕτοκαλὸν
1409 2443 1512 2479 Vind.

844 2493 918 2526 BD.
944 2492 1019 2536 (hic
1044 2487 1139 2525 αυτὸ
1170 2488 1318 2535 καλὸν.)
1352 2501 1391 2524 τε
1415 2489 1514 2523 omit-

845 2538 891 2572 tit
914 2539 1018 2572 etiam
1040 2539 1120 2573 Vat.
1147 2538 1196 2571 M.
1233 2542 1269 2570 et
1301 2532 1515 2570 αὕτοκαλὸν

846 2596 910 2630 pro
941 2596 1008 2618 uno
1041 2584 1182 2618 exhibet
1220 2583 1319 2619 Vind.
1354 2583 1395 2616 F.
1440 2583 1516 2627 (qui

848 2637 971 2665 contra
1000 2631 1147 2675 affectus
1179 2630 1256 2674 est)
1283 2630 1516 2676 intelligitque

848 2679 931 2723 quid
950 2679 1061 2722 ipsum
1076 2678 1259 2723 pulchrum
1282 2676 1357 2711 Fic.

895 2745 959 2780 καὶ
986 2757 1074 2780 ουτε
1096 2765 1143 2770 -
1173 2741 1407 2801 ἦγουμενος]
1445 2756 1511 2778 om.
1535 2741 1576 2784 D

848 2793 949 2827 Vind.
962 2792 1004 2826 B.
1028 2791 1093 2826 καὶ
1116 2796 1197 2826 ante
1222 2788 1309 2826 οὔτε
1329 2804 1394 2827 om.
1409 2790 1511 2826 Vind.

849 2839 925 2874 DE.
951 2840 1032 2876 vat.
1055 2839 1100 2874 H.
1126 2838 1219 2874 Flor.
1243 2839 1316 2873 AC.
