1807 3219
450 159 790 202 CIVITAS
835 159 956 201 LIB.
982 159 1035 201 V.
1067 161 1135 198 462
1442 160 1499 199 59

114 274 263 327 μεῖζον
287 263 466 327 ἀγαθόν
493 274 577 315 τοῦ
607 270 634 315 ὃ
663 269 719 314 ἂν
751 272 888 327 ξυνδῇ
915 287 961 315 τε
990 271 1075 314 καὶ
1093 272 1201 326 ποιῇ
1230 269 1357 324 μίαν;
1405 267 1502 312 Οὐκ

116 331 295 396 ἔχομέν.
339 338 526 383 Ὀὐκοῦν
557 337 586 396 ἦ
617 338 696 394 μὲν
734 339 899 396 ἡδονῆς
927 355 973 383 τε
1010 338 1084 382 καὶ
1119 337 1259 393 λύπης
1289 338 1503 380 κοινωνία

116 411 284 462 ξυνδεῖ,
318 407 423 453 ὅταν
454 407 519 452 ὅτι
548 402 735 463 μάλιστα
758 408 924 468 ,πάντες
955 409 999 452 οἱ
1030 410 1206 451 πολῖται
1235 410 1324 450 τῶν
1357 405 1508 450 αὐτῶν

115 476 385 534 γιγνομένων
423 492 468 520 τε
508 477 582 520 καὶ
624 474 938 531 ἀπολλυμένων
977 475 1288 531 παραπλησίως
1323 476 1509 530 χαίρωσι

115 548 191 590 καὶ
219 550 466 595 λυπῶνταις
496 544 765 607 Παντάπασι
796 545 875 601 μὲν
906 543 1010 598 οὖν,
1043 545 1140 601 ἔφη.
1197 541 1255 585 Ἠ
1280 542 1326 585 δέ
1350 559 1398 598 γε
1419 546 1510 586 τῶν

117 615 333 659 τοιούτων
373 615 544 664 ἰδίωσις
580 607 756 657 ’διαλύει
776 646 788 665 ,
837 614 945 657 ὅταν
977 615 1020 656 οῖ
1048 613 1127 669 μὲν
1155 615 1424 666 περιαλγεῖς,
1468 612 1512 654 οἱ

118 683 164 726 δὲ
193 687 437 739 περιχαρεῖς
477 683 712 738 γίγνωνται
751 681 820 725 ἐπὶ
862 687 955 733 τοῖς
995 680 1148 732 αὐτοῖς
1177 679 1409 736 παθήμασι
1438 682 1512 735 τῆς

116 750 284 802 πόλεώς
311 767 355 794 τε
385 750 459 794 καὶ
487 755 577 794 τῶν
605 750 652 794 ἐν
681 753 735 806 τῇ
759 749 927 801 πόλεις’
955 752 1008 794 Τί
1039 749 1084 794 δ’
1111 748 1190 803 οὕς
1233 743 1319 803 Ἆρ’
1351 744 1435 810 οὖν
1465 748 1512 791 ἐκ

115 821 252 865 τοῦδε,
274 818 324 863 τὸ
349 816 525 877 1τοιόνδε
551 820 771 875 γίγνεται,
814 818 922 862 ὅταν
951 817 1007 876 μὴ
1035 817 1125 874 ἅμα
1155 817 1435 873 φθέγγωνται
1464 815 1512 859 ἐν

116 891 170 945 τῇ
209 885 339 932 πόλει
373 885 429 931 τοὶ
464 887 614 932 τοιάδε
655 885 853 944 ῥήματα,
911 886 961 931 τό
1001 901 1047 930 τε
1088 885 1196 943 ἐμόν
1233 885 1310 930 καὶ
1345 883 1395 928 τὸ
1427 881 1512 928 οὐκ

117 1038 200 1072 Par.
222 1038 265 1072 A.
302 1039 406 1072 ποιεῖ
427 1037 527 1073 Vind.
550 1038 595 1073 F.
626 1039 713 1074 Ven.
738 1038 780 1073 C.
836 1037 889 1072 ius
914 1036 1156 1072 enuntiationis
1172 1038 1283 1071 forma
1307 1035 1427 1070 eadem
1445 1038 1512 1078 est,

116 1085 197 1119 Vat.
221 1083 265 1118 H.
288 1084 384 1118 Flor'.
410 1085 516 1119 ACV.
541 1085 639 1118 Stob.
675 1087 784 1119 ποιοῖ

117 1130 215 1173 (Par.
239 1129 283 1164 D.
306 1131 403 1165 Flor.
428 1131 473 1165 T.
476 1132 504 1174 )’
519 1131 594 1166 Α1(1.
619 1132 701 1166 Β35.
726 1132 781 1165 ab.

116 1176 239 1221 Steph.
262 1177 335 1210 Ast.
353 1188 407 1221 pr.
429 1196 476 1201 ——-
500 1177 700 1211 Aristoteles
715 1178 783 1210 Po-

116 1221 166 1257 lit.
191 1222 232 1256 L.
254 1221 300 1258 ΙΙ.
333 1233 363 1257 0.
391 1225 422 1257 1.
453 1233 538 1277 pag5
559 1225 615 1257 28.
652 1223 783 1258 Goettl.

118 1265 190 1311 ε’χει
214 1265 262 1324 δὴ
287 1268 499 1323 δυσχερείας
515 1264 627 1308 ἀλλοις
639 1281 678 1303 τε
696 1271 784 1302 πολ-

118 1312 186 1353 λάς
208 1311 252 1348 τὸ
279 1312 430 1349 πάντων
453 1312 548 1348 εἶναι
567 1313 636 1355 τὰς
656 1318 784 1359 γυναῖ-

117 1372 187 1400 κας
199 1359 363 1418 κοινὰς,
397 1360 461 1395 καὶ
494 1357 541 1395 δι’
574 1357 623 1406 ἣν
659 1362 785 1418 αἰτίαν

118 1405 228 1461 φησὶ
243 1406 323 1440 δεῖν
356 1409 685 1463 νενομοθετῆσθαι
716 1406 785 1443 τὸν

117 1449 262 1497 τρόπον
286 1454 427 1487 τοῦτον
453 1450 473 1487 6
496 1451 784 1511 Σωκράτης,οὗ

118 1499 294 1556 (petiverat
328 1499 535 1557 συμβαῖνον
561 1497 599 1534 ἐκ
625 1501 700 1534 τῶν
725 1498 786 1534 λό-

116 1557 204 1590 γων.
239 1543 291 1589 ἔτι
325 1544 365 1580 δὲ
395 1543 494 1590 πρὸς
526 1545 569 1581 τὸ
604 1545 731 1602 τέλος,
765 1542 788 1581 ὅ

118 1600 210 1647 φησι
221 1592 287 1648 τῇ
322 1590 430 1627 πόλει
466 1592 546 1626 δεῖν
589 1589 785 1648 υπάρχειν,

118 1650 171 1677 ως
193 1649 260 1693 μεν
283 1637 428 1683 εἴρηται
449 1639 543 1682 νῦν,
581 1637 786 1694 ἀδύνατον,

117 1683 201 1723 πῶς
224 1681 264 1718 δὲ
289 1685 350 1718 δεῖ
371 1685 524 1727 διελεῖν,
562 1681 673 1719 ου’δεν
699 1682 787 1718 διιό-

118 1739 252 1787 ρισται.
286 1728 377 1775 λέγω
409 1728 452 1765 δὲ
486 1729 530 1769 τὸ
567 1731 658 1787 μίαν
692 1728 788 1764 εἶναι

118 1774 189 1832 τὴν
211 1774 328 1811 πόλιν
359 1777 508 1819 πᾶσαν,
557 1789 610 1816 ως
634 1773 787 1834 ἄριστον

121 1818 181 1857 σ’τι
203 1820 382 1879 μάλιστα·
407 1820 588 1879 λαμβάνει
596 1821 679 1878 γὰρ
697 1820 787 1857 ταύ-

119 1879 188 1914 την
209 1865 396 1903 νπόθεσιν
422 1866 442 1903 6
470 1866 686 1914 Σωκράτης.

165 1913 320 1971 ξυνδεῖ]
345 1915 473 1956 ξυνδεῖ
495 1915 531 1949 εἰ
552 1917 631 1951 vat.
659 1917 701 1951 Β.

167 1956 228 1996 ὅτι
258 1959 419 2017 μάλιστα
487 1959 647 2005 μάλιστα
687 1961 785 1996 Stob.

88 2032 93 2039 .
120 2007 194 2042 cod.
217 2008 259 2042 B.
296 2004 359 2042 ότε
381 2009 543 2051 μαλιστα
565 2009 646 2043 Bas.
669 2009 705 2042 b.

165 2055 340 2098 πολῖται]
375 2054 526 2088 πολίται
556 2054 642 2089 Lob.
681 2054 784 2089 Vind.

119 2100 164 2135 F.
190 2099 282 2134 Mon.
306 2100 349 2134 B.
373 2101 471 2135 Stob.
496 2101 580 2144 (non
605 2101 738 2144 Gaisf.)

167 2146 382 2190 λυπῶνται]
409 2147 593 2180 λυπῶνται
616 2148 787 2181 Stobaeus

120 2191 242 2226 Trinc.

143 2237 327 2282 ἰδίωσις]
371 2237 607 2272 Antiatticista
637 2238 789 2271 Bekkeri

122 2284 242 2318 anecd.
265 2295 299 2328 p.
321 2286 398 2326 100,
417 2286 480 2318 21
509 2284 669 2323 ἰδίωσις·
685 2282 786 2318 Πλά-

120 2341 196 2364 των
242 2327 404 2374 τετάρτῳ
446 2331 664 2364 Πολιτικῶν.
697 2331 787 2376 quod

121 2377 188 2410 huc
217 2375 377 2420 pertinet.
434 2376 490 2410 Cf.
525 2372 717 2416 ἀλλοίωσις
751 2380 787 2411 et

124 2419 347 2511 ὁμὲἑῗῖἷςρ
319 2467 360 2501 In
383 2420 485 2503 [6366.
488 2422 553 2503 CF.
577 2467 689 2513 prima
718 2468 788 2513 syl-

122 2515 203 2549 laba
227 2514 351 2547 deleta.

167 2559 385 2615 γίγνωνται]
410 2559 598 2603 γίγνονται
621 2559 723 2595 Vind.
742 2560 786 2596 F.

122 2604 396 2661 γιγνώσκωντοιι
419 2606 518 2640 Stob.
542 2606 662 2641 Trinc.

123 2651 401 2734 Τπαθήμασι]
447 2649 646 2696 μαθήμασι
690 2652 788 2688 Stob.

159 2710 232 2732 rme

82 2748 115 2790 C
168 2744 258 2789 τῆς]
282 2745 362 2783 τοῖς
389 2743 491 2779 Vind.
515 2744 559 2779 F.

170 2791 242 2836 τῇ]
267 2803 332 2825 om.
366 2791 445 2825 Vat.
469 2791 515 2825 H.
562 2790 646 2824 Post
680 2787 787 2825 πόλει

125 2837 226 2881 vulgo
258 2839 418 2882 punctum
440 2837 582 2872 faciunt.
629 2836 700 2871 Sed
723 2837 786 2871 hu

838 1097 926 1131 quae
950 1084 1139 1141 proximae.

889 1128 998 1165 Τίδ’
1027 1126 1095 1169 06·
1106 1131 1118 1174 ]
1158 1129 1196 1163 τί
1246 1126 1314 1173 ὴνε
1338 1127 1440 1162 Vind.
1464 1127 1509 1162 D.

860 1174 983 1221 Αρ]
1038 1173 1097 1220 ἄρ’
1130 1141 1244 1210 Υἰηόμ
1246 1142 1307 1209 η·]Ξ“
1350 1174 1442 1209 Mon.
1467 1175 1510 1208 Β.

841 1223 919 1268 (qui
955 1223 991 1256 in
1004 1222 1256 1278 „superioribus
1289 1233 1424 1278 qupque
1448 1220 1512 1253 311-

840 1269 971 1314 quoties
997 1265 1054 1313 ἄρ’
1081 1269 1220 1303 exhibet
1241 1278 1303 1313 pro
1319 1265 1511 1310 029³.)Flor

840 1316 919 1350 RU.
945 1316 1043 1349 Stob.
1065 1315 1183 1348 Trinc.
1208 1317 1316 1348 Gesn.
1337 1313 1412 1347 Ald.
1429 1313 1511 1347 Bas.

840 1363 874 1396 b.
901 1357 974 1405 ’Ἆρ’
1002 1363 1084 1395 Β35.
1105 1373 1136 1395 3.
1161 1363 1216 1394 Ex
1237 1361 1300 1394 hoc
1326 1365 1512 1393 autem—-

841 1408 917 1442 Fic.
944 1408 1036 1440 Idem
1057 1407 1253 1452 Stephanus
1272 1409 1384 1439 annot.
1404 1417 1437 1458 p.
1454 1407 1512 1441 21.

842 1454 876 1487 in
901 1453 968 1488 alia
992 1454 1080 1495 ista,
1114 1463 1214 1497 quam
1248 1453 1386 1485 tandem
1417 1452 1513 1485 inve-

843 1500 936 1534 nisse
959 1499 1054 1541 dicit,
1078 1499 1176 1532 huius
1200 1498 1265 1531 loci
1289 1498 1435 1531 lectione
1440 1510 1517 1553 po-

845 1550 946 1580 sitiun
969 1545 1077 1579 fuisse
1101 1544 1270 1584 ostendit,
1296 1556 1361 1578 11011
1389 1541 1448 1588 ἄρ’
1474 1548 1513 1578 ut

845 1592 891 1626 sit
933 1592 1169 1636 interrogatio.
1240 1591 1380 1624 Scilicet
1423 1590 1515 1635 apud

847 1637 1213 1679 Corna1·i1un‚cuius
1257 1637 1383 1681 eclogis
1421 1637 1513 1669 illam

844 1684 1023 1718 lectionem
1074 1684 1248 1724 debebat,
1306 1694 1388 1739 pag.
1431 1684 1512 1718 774.

847 1727 906 1774 ἄρ’
932 1741 1132 1775 expressum
1155 1733 1227 1770 est,
1265 1731 1326 1763 sed
1362 1741 1409 1773 αρ
1453 1740 1513 1762 vo-

844 1777 949 1809 luisse
984 1775 1182 1809 Cornarium
1217 1787 1259 1808 ex
1298 1776 1369 1809 eius
1404 1775 1514 1808 inter-

846 1821 1041 1867 pretatione
1070 1824 1231 1867 apparet.
1269 1822 1446 1866 Numquid
1471 1833 1511 1855 ex

843 1868 995 1902 Ιιοο--Ῡ

888 1911 1051 1970 τοιόνδε]
1072 1913 1247 1947 τοιοῦτον
1264 1913 1362 1948 Stob.
1383 1913 1455 1948 cod.
1470 1915 1509 1948 A.

889 1972 937 1994 τα
966 1960 1092 1993 τοιαδε
1113 1957 1275 2003 ῥήματα,
1300 1958 1344 1994 τό
1362 1971 1400 1993 τε
1419 1957 1510 2003 ἐμὸν

843 2005 929 2050 καὶ]
955 2006 1009 2039 bis
1033 2006 1203 2062 deinceps
1218 2006 1348 2051 scripta
1371 2010 1450 2040 sunt
1474 2005 1510 2039 in

842 2052 944 2087 Vind.
969 2053 1013 2086 F.
1060 2052 1129 2085 Pro
1161 2050 1208 2085 τὰ
1243 2053 1341 2087 Stob.
1368 2053 1441 2087 cod.
1466 2053 1508 2086 B.

864 2099 1039 2142 72‚habet
1075 2110 1114 2132 τε
1138 2098 1171 2131 in
1197 2098 1296 2133 Vind.
1320 2099 1396 2132 DE.
1424 2099 1509 2134 Veu.

841 2111 886 2179 By
907 2146 987 2179 Vat.
1012 2145 1058 2179 H.
1083 2144 1178 2178 Flor.
1204 2145 1276 2179 AC.
1304 2145 1412 2179 deest.
1436 2145 1512 2178 Re-

844 2194 1029 2235 spexerunt
1053 2191 1117 2223 huc
1140 2190 1342 2224 Plutarchus
1367 2195 1402 2224 et
1421 2191 1512 2224 Iam-

844 2237 975 2270 blichus
1009 2237 1092 2270 locis
1136 2237 1179 2270 ab
1211 2238 1308 2270 Astio
1343 2241 1379 2270 et
1402 2237 1512 2270 Stall-

843 2283 977 2316 baumio
1001 2282 1165 2323 laudatis,
1199 2283 1403 2316 Plutarchus
1426 2295 1511 2318 mor.

844 2341 877 2374 p.
905 2328 981 2363 140.
1006 2329 1058 2362 D·
1086 2325 1106 2363 6
1134 2327 1292 2362 Πλάτων
1317 2328 1431 2378 φησὶν
1452 2326 1512 2363 εὕ-

845 2375 1038 2421 δαίμονα
1031 2374 1094 2408 καὶ
1117 2375 1305 2418 μακαρίαν
1325 2372 1421 2409 εἶναι
1441 2373 1504 2410 πό-

846 2422 923 2475 λιν,
950 2419 988 2455 εά
1012 2421 1035 2466 ᾐ
1062 2418 1104 2455 τὸ
1134 2419 1224 2464 ἐμὸν
1248 2420 1310 2455 καὶ
1336 2419 1404 2455 οὐκ
1407 2419 1516 2476 ε’μὸν

845 2448 979 2511 ἥκιστα
1020 2468 1288 2522 φθεγγομένων
1319 2465 1515 2503 οἷκούουσι.

845 2513 926 2548 484.
950 2515 1000 2547 B:
1025 2511 1188 2569 μάλιστα
1210 2525 1277 2556 μεν
1302 2525 1354 2555 ως
1372 2510 1393 2548 6
1415 2512 1517 2548 Πλά-

845 2572 919 2594 των
955 2557 1115 2604 παρήνει
1148 2561 1230 2598 τοῖς
1265 2561 1435 2599 πολίταις
1468 2559 1511 2595 τὸ

846 2603 937 2648 εμὸν
969 2597 1126 2661 ἐξαιρεῖν
1149 2605 1224 2661 Ἷκαὶ
1246 2603 1290 2640 τὸ
1317 2618 1386 2640 ονκ
1411 2604 1513 2649 ἐμόν.

845 2654 924 2687 767.
948 2652 996 2685 D.
1023 2652 1051 2698 ιῤ
1079 2648 1118 2685 6'
1144 2647 1191 2685 ὃὶν
1215 2647 1341 2696 ’Έρως
1365 2650 1513 2707 ἐπισκή-

877 2710 900 2744 ῃ
924 2697 988 2731 καὶ
1012 2687 1234 2743 ἐπιπνεύσῃ,
1269 2709 1422 2751 πρωτον
1445 2710 1512 2754 μεν

845 2756 883 2778 εκ
898 2744 984 2800 τῆς
998 2745 1281 2802 Πλατωνικῆς
1290 2743 1433 2784 πόλεως
1463 2742 1507 2779 τὸ

845 2787 935 2833 ε’μόν
961 2786 1029 2834 οὐχ
1053 2788 1124 2832 ἕξει
1156 2789 1218 2824 καὶ
1241 2788 1284 2825 τὸ
1315 2787 1384 2825 ov’n
1408 2788 1509 2834 εμόν.

843 2835 1044 2872 lamblichus
1067 2837 1111 2872 de
1134 2837 1209 2872 vita
1230 2837 1378 2883 Pythag.
1402 2848 1432 2873 0.
1449 2838 1506 2873 30.
