1807 3219
456 156 796 202 CIVITAS

118 268 373 327 ἀπῳκίσθαι
381 287 393 320 3
445 268 630 326 Ἀληθῆ,
671 271 771 328 ἔφη.

840 159 962 202 LlB.
983 158 1077 201 Vll.
1108 165 1176 199 519
1427 162 1511 202 269

827 271 1062 328 οΗμέτερον
1100 270 1152 326 δή
1190 271 1342 327 ἔργον,
1376 267 1434 327 ἦν
1465 271 1508 314 δ’

0 336 5 393 ᾗ
118 337 229 393 ἐγώ,
260 342 348 382 τῶν
378 339 607 398 οἰκιστῶν,
638 340 718 392 τοὶς
748 357 792 384 τε
822 342 1046 397 βελτίστας
1076 339 1231 394 φύσεις
1264 337 1511 394 ἀναγκάσαι

118 406 362 463 ἀφικέσθαι
401 406 516 461 πρὸς
544 409 593 451 τό
624 409 810 464 μάθημα
830 443 839 457 ,

879 408 906 452 5
942 409 988 451 ἐν
1019 412 1080 464 τῷ
1112 408 1312 462 πρόσθεν
1343 408 1509 464 ἔφαμεν

0 450 4 465 ἶ

0 482 4 524 ξ
117 474 229 519 εἶναι
260 476 506 531 μέγιστον,
522 478 634 520 ἰδεῖν
662 494 706 520 τε
735 479 782 521 τὸ
806 477 980 532 ἀγαθὸν
999 477 1073 518 καὶ
1096 474 1318 531 ἀναβῆναι
1339 475 1509 533 ἐκείνην
1533 484 1571 525 D

0 551 7 594 [i
115 543 197 600 τὴν
237 542 490 598 α’νάβασιν,

0 613 3 641 ¹
117 613 175 670 μή
209 613 454 667 ἐπιτρέπειν
484 612 636 664 αὐτοῖς
667 611 693 656 ὃ
722 616 807 655 νῦν

543 544 838 588 καὶγέπειὸὰν
885 543 1127 599 α’ναβάντες
1167 547 1331 595 ἱκανῶς
1371 546 1510 596 ἴδωσι,

839 613 1120 666 ἐπιτρέπεται.
1177 612 1238 657 Τὸ
1269 619 1402 657 ποῖον
1430 611 1507 669 δὴ,·

0 720 7 744 ,ἱ
124 681 181 726 Τὸ
214 680 382 733 αὐτοῦ,
412 676 469 738 ἦν
500 680 546 724 5⁷
577 681 681 737 ἐγώ,
713 681 973 736 καταμένειν
1003 682 1077 724 καὶ
1107 680 1165 737 μὴ
1191 682 1357 725 ἐθέλειν
1377 682 1510 725 πάλιν

0 744 7 798 {³
51 756 61 769 ²
115 751 398 807 καταβαίνειν
429 749 527 805 παρ’
562 751 758 801 ἐκείνους
796 749 902 800 τούς
933 749 1155 804 δεσμώτας
1182 749 1289 806 μηδὲ
1319 751 1508 806 μετέχειν

114 820 204 862 τῶν
232 815 333 871 παρ’
367 818 550 869 ἐκείνοις
579 817 732 862 πόνων
761 834 806 861 τε

114 889 198 931 είτε
237 887 589 942 σπουδαιότεραι.

109 1187 145 1222 p.
168 1176 249 1210 729.
277 1187 319 1208 ex
343 1186 452 1219 eoque
478 1174 649 1208 Eusebius
662 1186 781 1220 praep.

110 1234 163 1255 ev.
187 1221 235 1256 L.
254 1220 357 1256 XIII.
390 1232 470 1279 pag.
495 1222 581 1255 404.
609 1232 685 1254 cum
718 1222 782 1254 hac

109 1268 348 1323 praefatione:
375 1265 528 1305 εἰκότως
559 1267 686 1300 τοίνυν
716 1266 779 1300 καὶ

112 1314 217 1356 (Ειι5.
245 1310 264 1348 ὁ
277 1325 349 1369 pro
373 1312 437 1347 καὶ
461 1313 584 1356 habet)
621 1311 782 1346 Πλάτων

108 1357 223 1401 ε’θίζει
243 1357 313 1399 τὰς
339 1359 530 1405 βελτίστας
549 1357 691 1402 φύσεις.
712 1360 780 1392 Pro

105 1403 717 1508 ξ’ῗιὶιιῖεῧθαέφιξέἕθαῗξηεῗὲῗιῖ
738 1407 780 1485 lgt

104 1498 141 1532 in
172 1498 272 1532 Vind.
296 1499 338 1533 Β.
375 1510 447 1543 αφι
479 1498 684 1532 correctioni
716 1498 780 1536 def

104 1545 218 1580 betur.

150 1588 347 1634 πρόσθεν]
382 1590 436 1623 Ita
469 1590 550 1625 Par.
574 1591 683 1624 ADK.
707 1603 778 1625 sec.

105 1637 216 1672 Bekk.
247 1637 340 1674 ylaob.
377 1637 479 1671 Vind.
504 1637 576 1670 BF.
611 1638 704 1671 Mon.
731 1638 772 1671 C.

106 1684 186 1717 vat.
213 1682 294 1716 ΒΜ.
320 1684 407 1717 Ven.
434 1683 474 1716 C.
498 1686 585 1727 Ang.
611 1683 651 1719 B.
678 1684 709 1717 F
712 1684 774 1717 lor

103 1730 182 1763 RV.
207 1728 315 1763 Clem.
330 1729 454 1762 Euseb.
482 1726 697 1773 ἔμπροσθεν
721 1742 776 1763 re-

103 1775 187 1820 liqui
224 1775 361 1808 codices
398 1787 473 1808 cum
502 1776 579 1810 Ald.
613 1777 695 1810 Bas.
721 1777 777 1810 ab.

105 1822 232 1866 Steph.
252 1821 326 1855 Ast.
352 1822 476 1855 Stallb.
500 1833 554 1866 pr.

152 1868 214 1948 ζεῖ]
229 1868 590 1957 οἷοᾳῖῗιθῗνιῗεῗίγαθὸν
626 1915 705 1948 Vat.
731 1915 776 1949 H.

42 1991 45 1995 .
107 1956 280 2014 τάγαθὸν
308 1960 415 1993 Clem.
441 1961 567 1994 Euseb.

38 2019 78 2060 D
130 2003 360 2086 ι,δεσμώτοαῌ
386 2003 568 2050 δεσμότας
590 2006 667 2041 Ald.
694 2007 776 2042 Bas.

110 2064 130 2086 a

153 2095 391 2142 ἀδικήσομεν]
420 2095 655 2141 ἀδικήσωμεν
675 2099 776 2133 Vind.

107 2145 147 2178 F.
174 2148 226 2186 et,
252 2156 326 2199 sup.
354 2156 396 2187 ο,
421 2145 509 2199 Aug.
536 2145 573 2178 Β.
610 2145 706 2179 Flor.
731 2146 774 2179 R.

151 2170 330 2234 αὐτούς]
354 2169 774 2235 a2520159;steph.1n

104 2235 246 2290 reliquis
269 2238 359 2269 fene·
368 2248 497 2270 comma
521 2237 683 2271 additum.

151 2279 384 2326 ποιήσομεν]
420 2280 635 2326 ποιήσωμεν
668 2282 769 2319 Vind.

105 2328 146 2362 F.
172 2333 229 2370 et,
253 2340 330 2373 sup.
361 2340 405 2371 o,
432 2330 518 2372 Ang
543 2329 583 2363 Β.

148 2376 296 2417 χεῖρον]
320 2374 429 2418 χείρω
455 2374 548 2408 Μοιι.
575 2374 616 2408 C.

149 2421 240 2465 ζῇν]
256 2421 312 2453 Ita
336 2422 368 2454 h.
390 2421 411 2453 l.
436 2421 554 2463 Aldus,
579 2421 637 2466 qui
655 2434 669 2455 ι
686 2421 770 2456 illud

99 2467 300 2521 plenumque
325 2466 462 2500 omittit.

146 2510 312 2547 δυνατὸν
344 2509 477 2558 αυτοῖς
506 2509 551 2547 ὃν
571 2508 769 2569 ἄμεινον,-

98 2555 329 2612 Ἐπελάθου,
374 2558 421 2613 ἠν
452 2555 485 2592 5'
516 2555 606 2614 ἐγὼ,
641 2557 768 2615 πάλιν,

100 2604 130 2638 m'
151 2605 256 2648 φίλε,
285 2600 344 2639 ὅτι
365 2602 468 2650 νόμῳ
492 2603 539 2638 ου’
561 2606 675 2639 τοῦτο
707 2604 769 2650 με’-

101 2652 198 2695 λει]
221 2630 351 2685 H'orum
383 2639 457 2684 1006
493 2651 578 2684 V.en
605 2652 645 2685 C.
671 2664 691 2685 a
723 2664 768 2686 m.

99 2707 170 2741 pr
194 2697 277 2731 nihil
308 2697 371 2730 nisi
405 2695 569 2731 δυνατὸν
608 2698 770 2741 habebat,

101 2742 156 2776 cui
179 2753 299 2777 recens
325 2755 443 2777 manus
468 2743 601 2788 reliqua
625 2744 767 2778 addidit.

100 2787 142 2822 In
177 2789 268 2823 vat.
287 2790 328 2823 B.
364 2789 444 2823 Par.
479 2789 557 2823 ΒΚ.
589 2790 769 2824 Bekkerus

101 2831 267 2877 δυνατόν
307 2832 446 2870 τούτου
488 2833 589 2879 μέλει
628 2847 692 2882 pro
725 2836 768 2871 iis

836 820 910 861 καὶ
940 822 1102 874 τιμῶν,
1135 820 1217 861 εἴτε
1239 819 1509 878 φαυλότεραι

638 885 812 939 ’Έπειτ’,
866 888 978 942 ε’φη,
1028 884 1297 941 ἀδικήσομεν
1348 885 1509 939 αὐτους

114 958 187 1000 καὶ
224 955 467 1012 ποιήσομεν
504 961 650 1012 χεῖρον
691 960 769 1012 ζην
799 954 993 998 δυνατὸν
1023 952 1172 1005 αὐτοῖς
1211 955 1264 997 ὃν
1297 973 1502 1011 αμεινον;

109 1023 380 1078 Ἐπελαθου,
428 1025 485 1080 ἡν
519 1022 572 1068 δ’
603 1023 706 1080 ἐγώ,
746 1021 903 1075 πάλιν,
948 1040 982 1066 ω
1017 1025 1142 1079 φίλε,
1194 1022 1262 1067 ὅτι
1290 1023 1415 1082 νόμῳ
1451 1023 1506 1068 οὐ
1537 1031 1572 1072 Ε

840 1175 1004 1229 scriptum
1027 1174 1128 1227 idque
1152 1175 1185 1208 iu
1208 1176 1289 1210 Par.
1306 1175 1349 1209 D.
1370 1175 1404 1209 in
1428 1172 1504 1209 ἁλλ’

841 1233 886 1255 ov
910 1219 1048 1254 τούτου
1075 1220 1122 1264 ἠν
1143 1218 1175 1254 5’
1196 1220 1265 1265 ἐγώ
1294 1223 1507 1255 correctione

839 1274 1016 1307 niutſtritum
1043 1268 1105 1300 hor.
1132 1268 1239 1312 ipsum
1265 1279 1347 1301 vero
1372 1269 1407 1301 in
1424 1270 1504 1302 vat.

839 1314 890 1347 M.
920 1314 1011 1357 (sin-2
1036 1314 1138 1346 litura
1164 1319 1197 1346 et
1223 1326 1243 1347 a
1262 1326 1304 1348 m.
1324 1316 1397 1358 pr.)
1423 1327 1504 1348 exa-

838 1364 950 1393 ratum
976 1360 1090 1393 tradit.
1118 1360 1188 1392 Sed
1214 1361 1441 1394 parisiensem
1459 1362 1504 1396 K.

839 1403 1004 1439 δυνατὸν
1033 1406 1145 1439 τοῦτο
1173 1404 1271 1448 μέλει
1296 1407 1421 1440 habere
1445 1408 1506 1441 Bi-

837 1452 968 1496 pontini
993 1455 1186 1494 testantur,
1211 1458 1246 1486 et
1270 1454 1437 1487 Vaticano
1462 1455 1503 1488 B.

838 1510 878 1531 ac
904 1499 1087 1540 Parisiensi
1108 1499 1149 1532 D.
1176 1501 1275 1541 (ante
1301 1501 1407 1544 corr.)
1428 1500 1504 1544 ipse

835 1545 1015 1578 Bekkems
1039 1549 1157 1599 postea
1191 1546 1304 1579 τοῦτο
1340 1547 1503 1601 assignat.

835 1590 922 1624 Lob.
949 1587 1023 1624 ἄλλ
1047 1588 1093 1624 ου’
1113 1588 1264 1634 τούτου,
1291 1591 1338 1636 ήν
1362 1589 1394 1626 5'
1417 1590 1505 1636 ἐμὲ,

834 1635 934 1681 μέλει
958 1638 1090 1671 habet
1107 1637 1180 1670 Sim
1173 1638 1301 1681 „ularis
1326 1644 1362 1672 et
1387 1640 1429 1672 ad
1449 1640 1501 1672 la-

835 1695 915 1717 cun·
912 1695 954 1716 ιιι
1001 1683 1201 1728 explendam
1247 1696 1313 1717 uon
1367 1685 1501 1719 omnino

834 1729 952 1774 inepte
977 1741 1083 1770 excep„
1074 1729 1171 1762 itata
1197 1735 1250 1763 est
1282 1730 1382 1786 lectio
1407 1733 1499 1766 Mon.

835 1777 875 1809 B.
888 1778 991 1809 haec:
1019 1786 1063 1809 συ
1081 1787 1128 1820 ην
1150 1773 1182 1817 5'
1187 1774 1262 1830 ἐγώ
1280 1774 1405 1832 εἰιικας
1424 1774 1499 1811 ἐπι-

835 1817 1046 1865 λελῆσθαι
1034 1818 1055 1856 ο“
1077 1812 1253 1862 πολλακις
1272 1820 1311 1856 ἐν
1330 1826 1409 1863 τοῖς
1437 1822 1498 1867 ἒμ-

833 1869 1000 1911 προσθεν
1026 1866 1188 1911 ἔφαμεν,
1226 1865 1285 1903 ὃτι
1307 1866 1418 1913 α’νδρὶ
1438 1882 1499 1904 νο-

833 1912 978 1959 μοθέτῃ
997 1912 1044 1948 οὔ
1063 1915 1158 1948 δυνι·
1159 1913 1227 1949 τὸν
1238 1916 1350 1949 τοῦτο
1364 1915 1498 1960 μέλειν,

833 1973 921 2006 quae
954 1962 1073 2003 eadem
1107 1961 1141 1994 in
1174 1962 1264 1995 Flor.
1289 1963 1334 1996 U.
1371 1963 1431 1996 sed
1463 1963 1500 1997 in

837 2008 988 2050 margine
1007 2011 1047 2040 et
1071 2019 1091 2041 a
1114 2019 1158 2040 ιιι.
1178 2020 1204 2041 s.
1219 2002 1353 2053 seiipb.
1374 2012 1500 2052 exstat,

835 2053 950 2086 addito
982 2054 1105 2087 ibidem
1140 2054 1292 2108 proxime
1334 2060 1499 2100 sequente

836 2097 960 2154 ὅπως,
997 2112 1064 2144 quo
1098 2100 1224 2133 certius
1255 2101 1346 2134 inter
1371 2101 1438 2146 ζῇν
1462 2106 1499 2135 et.

832 2142 935 2185 ὅπως
958 2146 1026 2179 ista
1048 2146 1229 2180 inserenda
1262 2159 1337 2180 esse
1361 2151 1497 2182 consta-

830 2198 896 2225 ret.
934 2192 1057 2237 Neque
1081 2204 1163 2225 vero
1187 2192 1328 2227 difficile
1352 2198 1428 2228 erat
1452 2207 1494 2228 ex

829 2239 897 2278 eis,
922 2250 1010 2283 quae
1035 2239 1167 2272 Glauco
1191 2241 1386 2283 respondet,
1415 2251 1494 2274 sene-

827 2296 898 2318 sum
925 2296 1059 2326 eorum,
1084 2296 1172 2329 quae
1194 2285 1408 2319 intercidisse
1432 2298 1494 2331 ap-

825 2331 991 2375 parebat,
1016 2331 1194 2384 colligere,
1219 2332 1279 2365 sed
1303 2330 1415 2366 πάλιν
1442 2333 1496 2366 di-

824 2377 971 2410 vinando
996 2377 1135 2422 assequi
1166 2377 1224 2411 ille
1256 2390 1321 2411 non
1345 2382 1496 2423 poterat,

825 2424 907 2468 quia
931 2424 1065 2457 Glauco
1089 2423 1236 2457 nondum
1260 2424 1387 2458 oblitus
1410 2425 1493 2459 illud

826 2472 920 2514 erat,
955 2470 1015 2502 sed
1047 2469 1249 2516 Adimantus
1284 2471 1380 2504 initio
1415 2471 1494 2505 libri

825 2515 938 2560 quarti
969 2511 1197 2549 immemorem
1233 2528 1271 2550 se
1295 2516 1426 2550 consilii
1449 2518 1493 2551 ad

826 2562 932 2595 totius
964 2561 1111 2595 civitatis
1142 2561 1341 2595 felicitatem
1374 2575 1493 2597 neces-

826 2608 917 2641 sario
942 2608 1144 2652 pertinentis
1163 2608 1376 2650 exhibuerat,
1396 2610 1492 2643 cuius

827 2653 1010 2688 oblivionis
1034 2655 1120 2687 Soci
1124 2657 1198 2687 ates
1213 2654 1268 2688 hic
1282 2654 1491 2690 Glauconem

827 2710 975 2743 arguens
999 2712 1065 2733 non
1086 2700 1161 2744 ipse
1185 2701 1344 2734 memoria
1361 2701 1489 2746 lapsus,

825 2745 885 2779 sed
933 2746 1050 2779 eadem
1097 2746 1259 2780 fibertate
1295 2759 1376 2781 usus
1424 2752 1489 2790 est,

826 2803 927 2837 quam
940 2791 1026 2826 'Vol.
1053 2792 1080 2825 I.
1117 2803 1151 2837 p.
1180 2794 1264 2835 170,
1289 2794 1323 2826 b.
1350 2799 1384 2827 et
1409 2795 1488 2834 182,

824 2837 858 2870 b.
894 2838 1207 2873 demonstravimus.
1262 2839 1363 2873 Hanc
1399 2839 1487 2873 enini
