1807 3219
484 157 817 200 CIVITAS
860 159 984 200 Llss.
1015 160 1089 201 Vl.
1119 165 1187 199 507

141 269 211 316 Ου’
238 269 381 324 πάνυ,
413 270 512 327 ἔφη.
566 266 680 313 Ἀλλ’
722 264 810 314 οἶδε
849 270 1030 315 σκόπει·

1383 186 1386 188 -
1439 162 1524 204 227

1082 270 1200 314 ἔστιν
1243 270 1312 317 ὅτι
1339 272 1530 326 προσδεῖ

136 339 251 398 ἀκοῇ
287 339 360 385 καὶ
403 342 535 396 φωνῇ
571 338 724 395 γένους
762 338 900 383 ἄλλον
931 340 992 391 εἰς
1023 337 1072 383 τὸ
1104 338 1184 395 τὴν
1213 339 1294 395 μὲν
1325 337 1522 393 ἀκούειν,

132 407 214 466 τὴν
243 409 291 453 δὲ
322 408 581 458 ἀκούεσθαι,
613 405 640 451 δ
669 405 746 451 ἐὰν
772 405 830 464 μὴ
859 406 1157 465 παραγένηται
1185 410 1360 463 τρίτον,
1390 408 1418 467 ἡ
1443 408 1524 465 μὲν
1548 415 1587 456 D

135 476 222 522 οὐκ
251 475 507 529 ἀκούσεται,
539 474 567 533 ἡ
595 475 641 520 δὲ
670 476 754 520 οὐκ
785 474 1134 535 ἀκουσθήσεταις
1167 475 1391 530 Οὐδενὸς,
1425 478 1523 536 ἔφη.

135 543 273 601 Οἶμαι
303 546 352 590 δέ
379 561 456 602 γε,
493 540 552 601 ἦν
578 543 619 588 δ’
652 543 759 600 ἐγώ,
802 543 907 589 οὐδ’
936 543 1088 598 ἄλλαις
1111 549 1319 597 πολλαῖς,
1358 548 1433 590 ἵνα
1464 545 1524 603 μὴ

136 616 272 667 εἴπω,
300 613 371 658 ὅτι
391 612 594 670 οὐδεμιᾷ,
625 612 833 658 τοιούτου
850 616 1039 668 προσδεῖ
1066 612 1262 665 οὐδενός.
1293 613 1323 670 ἢ
1346 613 1400 658 σύ
1423 631 1524 658 τινα

134 683 244 739 ἔχεις
274 684 410 730 εἰπεῖν
422 699 434 733 3

490 681 580 726 Οὐκ
610 681 766 738 ἔγωγε,
805 677 833 740 ἦ
866 681 911 726 δ’
940 682 1001 734 ὅς.

1065 682 1158 740 Τὴν
1189 682 1236 727 δὲ
1274 687 1352 740 τῆς
1382 683 1523 735 ὅψεως

104 751 207 794 κκαὶ
245 753 328 794 τοῦ
375 748 543 806 ὁρατοῦ
584 748 670 794 οὐκ
708 752 908 803 ἐννοεῖς,
951 752 1019 796 ὅτι
1055 754 1337 806 προσδεῖταις
1389 755 1521 802 Πῶς;

126 815 340 874 Ἑνούσης
368 835 457 863 που
486 819 534 863 ἐν
568 817 763 876 ὄμμασιν
793 819 936 873 ὅψεως
972 820 1048 864 καὶ
1084 820 1411 877 ἐπιχειροῦντος
1439 823 1523 863 τοῦ

130 886 307 943 ἔχοντος
344 893 537 946 χρῆσθαι
573 887 688 945 αὐτῇ
700 921 711 933 .

759 889 988 946 παρούσης
1026 888 1072 932 δὲ
1108 888 1243 945 χρόας
1272 888 1320 931 ἐν
1351 886 1519 940 αὐτοῖς,

130 955 210 999 ἐὰν
240 957 299 1013 μή
325 956 621 1014 παραγένηται
658 956 784 1014 γένος
823 961 972 1015 τρίτον
1004 958 1094 1013 ἰδίᾳ
1133 954 1197 1000 ἐπ’
1232 954 1340 1000 αὐτὸ
1383 960 1516 1000 τοῦτο
1545 965 1581 1006 Ε

129 1024 352 1079 πεφυκός,
384 1024 542 1079 οἶσθα,
574 1025 640 1071 ὅτι
669 1024 698 1082 ἥ
718 1042 763 1069 τε
793 1025 893 1079 ὄψις
922 1025 1053 1070 οὐδὲν
1084 1025 1238 1076 ὄψεται
1267 1023 1321 1069 τά
1340 1041 1385 1068 τε
1402 1022 1520 1080 χρεό-

130 1109 245 1148 ματα
292 1093 410 1138 ἔσται
458 1093 637 1151 ἀόρατα.

178 1265 244 1320 τε]
270 1277 337 1301 οπι.
360 1264 447 1301 Lob.
472 1265 572 1301 Vind.
589 1267 631 1301 B.
658 1267 734 1302 Vat.
745 1266 793 1300 M.

176 1305 379 1356 ὁρᾶσθαι]
412 1312 482 1346 τοῦ
516 1324 573 1358 ορ.
617 1312 715 1348 iidem
759 1317 796 1347 et

129 1357 210 1393 Vat.
235 1358 275 1391 B.

173 1403 352 1462 προσδεῖ]
377 1401 542 1460 πρὸςδεῖ
554 1404 658 1441 wnd.
682 1404 726 1464 Ε.

172 1447 271 1495 ἀκοῇ
292 1449 355 1484 καὶ
371 1451 496 1497 φωνῇ]
508 1447 612 1501 οἷκοὴ
631 1451 697 1487 καὶ
718 1464 793 1498 φω-

125 1493 303 1578 νὴαλλῗδιέ
297 1497 420 1599 ᾆξ’
404 1539 540 1578 ἄλλους
556 1543 609 1584 εἰς
630 1542 733 1581 vind.
751 1545 793 1580 Ε.

171 1586 243 1633 τὴν
273 1586 336 1634 δε]
388 1590 443 1624 Ita
487 1590 622 1625 codices
657 1591 726 1624 mei
759 1596 795 1625 et.

127 1631 318 1669 Florentini
340 1648 418 1669 cum
440 1637 518 1672 Ald.
541 1637 622 1672 Bas.
647 1638 703 1673 ab.
725 1650 767 1681 τη
772 1649 794 1671 ν

129 1678 172 1712 δ’
198 1682 319 1727 Steph.
343 1682 418 1716 Ast.
443 1686 480 1716 et
501 1684 702 1726 Bekkerus,
738 1684 794 1730 qui

130 1726 174 1761 de
198 1728 267 1762 suis
292 1731 396 1763 tacet.

177 1771 388 1808 ἀκούεσθαι
392 1775 426 1819 ,]
452 1771 683 1817 ἀκούεσθαις
706 1776 793 1813 Lob.

128 1819 209 1855 Bas.
244 1821 298 1854 ab.
345 1821 468 1867 steph.
513 1822 623 1857 Bekk.
670 1823 792 1859 Stallb.

133 1862 355 1902 ἀκούεσθαι.
382 1867 457 1902 Ald.

178 1909 247 1946 οὐκ
273 1910 577 1967 ἀκουσθήσεται]
611 1911 793 1950 ουόιακον·

132 1956 314 2014 σθήσετοιι
336 1960 438 1995 Vi'nd.
462 1961 541 1996 EF.

132 2046 135 2047 ⁷
177 2001 285 2060 οὐδ’]
311 2003 401 2040 ουδὲ
426 2007 528 2042 Vind.
551 2007 596 2042 F.
627 2007 723 2042 Flor.
747 2008 791 2042 R.

177 2045 329 2106 ἄλλαις]
371 2048 489 2093 ἄλλως
511 2054 599 2098 Ang.
624 2055 667 2088 Β.
713 2054 791 2088 Non

131 2095 330 2142 αἰσθήσεσι
352 2100 574 2145 supplendum
598 2105 671 2142 est,
695 2100 793 2145 quip-

130 2154 175 2187 pe
197 2155 286 2188 quae
309 2156 376 2178 non
413 2147 555 2200 amplius
577 2149 650 2179 tres
673 2158 792 2200 super-

126 2189 219 2231 sint,
243 2191 304 2224 sed
328 2189 507 2236 δυνάμεσι
529 2193 585 2227 vel
602 2190 793 2236 δυνάμεων

129 2233 335 2277 συζεύξεσι.

177 2279 360 2337 οὐδεμιᾷ]
386 2279 544 2338 οὐδεμία
566 2283 668 2320 Vind.
689 2285 733 2319 F.

177 2318 360 2382 οὐδενός]
392 2326 569 2369 ούδενόξε
593 2331 693 2366 Vind.
715 2330 759 2365 Ε.

176 2371 223 2407 σύ
248 2377 352 2430 τινα]
379 2374 422 2409 σύ
445 2376 530 2409 τίνα
552 2376 640 2411 Lob.

177 2417 291 2463 ε’χεις]
318 2418 387 2464 ε’χει
411 2421 512 2458 Vind.
530 2422 573 2455 Ε.

175 2478 247 2500 ουκ
263 2464 407 2507 ἐννοεῖς
424 2487 472 2493 —-
489 2468 655 2513 χρῆσθαι
672 2465 793 2514 αὐτῇ]

125 2523 196 2547 om.
220 2513 300 2548 Vat.
323 2514 365 2547 B.

112 2558 294 2640 Μέἶῶςς
318 2555 518 2606 Ἐνούσης]
542 2559 624 2600 πῶς
641 2556 795 2605 ἐνούσης

176 2647 361 2696 ὄμμασιν]
389 2649 533 2696 σώματι
554 2652 654 2688 Vind.
678 2653 723 2688 Ε.

174 2698 272 2754 τοῦ]
299 2710 364 2732 om.
389 2698 470 2734 Par.
494 2698 539 2733 K.

178 2740 348 2799 ε’χοντος]
377 2742 460 2800 ε’χον
483 2746 570 2779 Ven.
597 2744 637 2780 C.

132 2786 489 2881 Αὲἔζτῆκέιτῖξςῖξνω
491 2791 798 2882 ,ζῗῐ-ηῗΙΜοῗἘ,

703 1096 834 1147 Τίνος
878 1094 932 1151 δὴ
976 1096 1133 1152 λέγεις,
1182 1094 1291 1150 ἔφη,
1332 1093 1522 1144 τούτους

851 1264 1032 1348 ΈῚχρόας]
1058 1266 1174 1311 χροᾶς
1198 1264 1301 1300 Vind.
1325 1264 1367 1298 F.
1391 1263 1521 1308 χροίας

899 1324 937 1344 or
971 1314 1002 1346 A

897 1369 936 1392 εν
954 1356 1106 1403 αὐτοῖς]
1132 1369 1200 1392 om.
1222 1356 1302 1392 Fic.
1319 1356 1523 1410 (praesente

851 1405 935 1438 item
955 1406 1086 1449 colore)
1111 1403 1374 1457 Praepositione
1398 1401 1526 1436 offensi

850 1450 1173 1495 Morgensternius,
1211 1450 1329 1483 Astius
1354 1452 1390 1482 et
1413 1448 1522 1482 Stall-

849 1495 1004 1531 baumius
1029 1497 1089 1530 ille
1115 1499 1280 1530 commate
1304 1499 1384 1541 post
1407 1491 1523 1548 χρόας

848 1543 963 1598 posito
988 1541 1027 1578 ἐν
1047 1540 1180 1582 αὐτοῖς
1205 1542 1249 1576 ad
1268 1542 1448 1587 sequentia
1466 1552 1524 1574 re-

849 1589 958 1632 ferri,
999 1591 1116 1624 horum
1149 1588 1246 1635 prior
1277 1588 1314 1621 in
1347 1590 1429 1621 tert.
1465 1583 1522 1620 ἐπ’

850 1647 912 1693 pro
946 1634 985 1670 εν
1024 1635 1150 1677 scribi,
1184 1634 1355 1680 postmior
1385 1633 1419 1666 in
1452 1644 1523 1667 sec.

851 1680 891 1716 ἐν
915 1682 1023 1716 deleri
1046 1682 1164 1716 iubet·
1191 1692 1333 1726 quonum
1355 1679 1440 1712 nihil
1462 1691 1521 1712 ne-

849 1729 1037 1763 cessarium
1061 1733 1098 1761 et
1133 1724 1172 1760 ἐν
1205 1726 1417 1760 retinendum
1442 1737 1522 1770 pro-

849 1775 993 1821 prieque
1019 1773 1252 1819 accipiendum
1288 1784 1364 1806 esse
1384 1772 1523 1818 placita

850 1822 892 1854 de
917 1820 1085 1855 coloribus
1109 1820 1200 1854 Tim.
1226 1831 1261 1864 p.
1287 1820 1342 1854 67.
1377 1813 1417 1852 C.
1442 1828 1523 1863 sqq

849 1867 1007 1912 exposita
1048 1866 1193 1900 intuenti
1233 1865 1379 1921 patebit.
1445 1863 1522 1897 Nec

848 1913 949 1948 aliter
971 1912 1155 1948 Homerica
1180 1912 1283 1945 dictio
1310 1923 1349 1945 εν
1373 1907 1521 1955 οφθαλ-

847 1962 972 2003 μοῖσιν
995 1957 1148 1994 ἰδέσθαι
1181 1958 1402 2003 intelligenda
1425 1956 1520 1990 vide-

848 2011 917 2041 tur.

893 2049 973 2096 μὴ]
999 2049 1075 2095 μὴν
1099 2049 1175 2085 Ald.
1200 2050 1284 2084 Bas.
1310 2049 1364 2084 ab.

895 2097 1025 2143 γένος]
1057 2095 1165 2141 γένος
1187 2095 1223 2129 τὶ
1245 2096 1338 2131 Mon.
1361 2095 1403 2130 B.
1427 2094 1522 2129 Flor.

897 2186 952 2224 ἐπ’
972 2185 1105 2238 αύτὸ]
1121 2185 1261 2222 ἔπαυτὸ
1291 2187 1393 2225 Vind.
1418 2186 1461 2222 E.

901 2234 1041 2279 οἱσθα]
1066 2231 1165 2269 οἶσθ’
1193 2234 1294 2269 Vim-1.
1320 2234 1399 2269 EF.
1432 2235 1519 2280 Ang.

850 2283 890 2319 B.
915 2284 995 2318 Vat.
1020 2282 1065 2316 H.

898 2326 1085 2384 ἀόρατα.]
1134 2324 1318 2371 ἀόρατατ,
1350 2325 1452 2361 Vind.
1478 2325 1523 2360 E.

850 2375 902 2420 (b.
928 2388 959 2410 e.
986 2372 1162 2418 ἀόρατας
1189 2385 1265 2407 cum
1290 2373 1386 2418 signo
1411 2375 1524 2406 muta-

851 2425 909 2456 tae
935 2421 1135 2466 personae.)

899 2465 999 2512 ε’φη]
1027 2480 1091 2503 om.
1118 2467 1205 2501 Lob
1238 2464 1341 2502 Vind.
1363 2463 1406 2500 B.
1439 2464 1521 2499 Vat.

900 2557 1063 2602 τούτου]
1091 2570 1157 2593 om.
1179 2557 1283 2593 vind.
1296 2557 1338 2591 Ε.
1363 2555 1404 2590 In
1421 2555 1524 2591 vind

853 2607 900 2643 F.
921 2605 1058 2641 Socrati
1083 2605 1297 2660 assignatur,
1322 2615 1390 2636 non
1417 2603 1526 2636 omni—

855 2665 897 2688 no
921 2653 1029 2693 male,
1053 2651 1117 2685 nisi
1142 2648 1188 2694 δὴ
1209 2653 1289 2704 post
1312 2645 1332 2683 ὀ
1358 2650 1524 2690 obstaret,

856 2699 911 2734 cui
934 2699 1056 2733 tertius
1078 2697 1173 2731 locus
1195 2695 1317 2737 minus,
1342 2706 1455 2750 quam
1468 2706 1524 2728 se-

855 2745 984 2779 cundus
1015 2746 1184 2778 convenit.
1228 2743 1353 2786 Itaque
1385 2739 1524 2775 τούτου

855 2803 933 2826 cum
971 2790 1073 2830 τίνος
1107 2789 1388 2829 construendum,
1429 2798 1524 2821 more

854 2836 991 2872 Platoni
1012 2837 1161 2878 usitato,
1184 2847 1252 2880 quo
1276 2845 1307 2869 e.
1331 2845 1366 2879 g.
1391 2833 1523 2868 Criton.

1256 2892 1332 2934 ΓΞ
