1807 3219
318 162 404 204 322

766 153 1248 200 PLATONIS

320 265 349 327 ἦ
376 268 484 326 γάρς
518 270 571 312 Τί
599 267 711 325 μήν;
745 266 926 313 Οὐκοῦν
954 269 1028 313 καὶ
1058 265 1127 311 ὅτι
1154 264 1182 322 ἡ
1212 269 1294 309 τοῦ
1319 248 1595 322 διαλέγεσθαι
1623 267 1702 312 δύ-

319 356 453 395 ναμις
482 337 595 395 μόνη
627 336 682 380 ἂν
711 337 891 394 φήνειεν
931 336 1121 393 ἐμπείρῳ
1153 333 1248 378 ὄντι
1278 329 1341 378 ὧν
1370 338 1456 378 νῦν
1484 334 1538 392 δή
1570 334 1771 393 διήλ-483

321 412 484 463 θομεν,
515 405 624 462 ἄλλῃ
655 406 702 450 δὲ
733 406 907 462 οὐδαμῇ
932 403 1144 453 δυνατόνς
1175 403 1261 446 Καὶ
1279 401 1417 455 τοῦτ’,
1450 403 1547 458 ἔφη,
1579 402 1705 455 ἄξιον

323 476 676 532 διισχυρίζεσθαι.

739 474 850 518 Τόδε
888 477 1001 530 γοῦν
1019 504 1029 523 ,

1079 467 1136 529 ἦν
1176 469 1222 515 δ’
1264 471 1374 528 ἐγώ,
1411 469 1559 522 οὐδεὶς
1599 468 1705 527 ἡμῖν

252 556 288 598 Β
321 542 641 601 ἀμφισβητήσει
679 541 909 598 λέγουσιν,
962 540 1023 593 ὠς
1062 539 1202 584 αὐτοῦ
1238 556 1287 596 γε
1323 537 1512 584 ἑκάστου
1549 538 1649 594 πέρι
1678 537 1705 583 ὅ

319 613 437 657 ἐστιν
467 612 654 655 ἕκαστον
685 609 767 655 οὐκ
797 609 904 666 ἄλλη
943 626 1008 661 τις
1037 608 1240 665 ἐπιχειρεῖ
1267 608 1458 664 μέθοδος
1487 606 1577 665 ὁδῷ
1605 607 1707 689 περἹὶ

318 679 484 732 παντὸς
515 677 779 735 λαμβάνειν,
828 676 925 722 ἀλλ’
958 679 1006 721 αἱ
1044 677 1124 733 μὲν
1166 677 1296 721 α’λλαι
1331 681 1470 721 πᾶσαι
1505 676 1659 732 τέχναι
1676 673 1707 732 ἢ

318 749 432 804 πρὸς
463 747 592 801 δόξας
623 745 878 801 ἀνθρώπων
906 747 980 790 καὶ
1009 746 1244 801 ἐπιθυμίας
1273 747 1408 797 εἰσὶν,
1437 744 1465 802 ἢ
1494 746 1605 799 πρὸς
1633 759 1705 800 γε·

318 817 457 867 νέσεις
485 832 530 860 τε
560 816 634 859 καὶ
665 814 918 868 συνθέσεις,
952 815 982 872 ἢ
1010 814 1122 870 πρὸς
1150 816 1393 869 θεραπείαν
1420 817 1511 857 τῶν
1540 813 1707 871 φυομέ-

319 900 413 928 νων
453 900 498 928 τε
543 885 618 928 καὶ
652 882 979 940 συντιθεμένων
1017 883 1184 927 ἅπασαι
1236 882 1549 938 τετράφαται·’
1575 883 1622 926 αἱ
1660 881 1708 926 δὲ

262 2696 297 2738 Β

318 1030 446 1078 η’ξειν,
472 1044 512 1067 ευ
535 1033 634 1076 ἴστε,
658 1028 718 1067 ὅτι
736 1031 838 1076 εἴπερ
863 1045 900 1066 τι
921 1028 985 1067 αλ-

319 1083 360 1114 λο
387 1080 462 1114 τῶν
489 1077 673 1113 τοιούτων
697 1105 706 1122 ,
741 1079 985 1123 διισχυρισαί-

318 1138 391 1171 μην
421 1138 467 1159 αν
483 1125 547 1159 καὶ
575 1125 701 1159 τοῦτο.
749 1128 800 1159 Αο
822 1125 986 1170 simplicis

318 1174 384 1207 alia
410 1172 614 1226 significatio
640 1175 692 1205 est
717 1172 876 1216 Gorg.p
881 1172 986 1207 .489.

320 1219 368 1253 C:
389 1218 440 1265 τῷ
463 1215 603 1261 σώματι
622 1217 894 1271 ἰσχυρίσασθαι.
916 1218 986 1251 Sed

319 1253 451 1306 eadem,
475 1276 563 1306 quae
583 1264 774 1319 compositi,
798 1265 846 1298 ib.
861 1276 893 1308 p.
904 1264 984 1299 495.

319 1312 369 1345 B:
397 1321 440 1345 συ
463 1309 502 1344 δὲ
522 1310 574 1356 τῷ
595 1306 688 1352 ὄντι,
714 1310 742 1344 ὤ
757 1310 984 1354 Καλλίκλεις,

319 1356 440 1391 ταῦτα
470 1357 654 1402 ἰσχυρίζῃ;
679 1357 738 1390 ubi
763 1357 895 1391 codices
919 1368 986 1390 non

319 1403 454 1449 magis,
501 1415 603 1448 quam
644 1403 720 1446 hic,
769 1403 987 1438 dissentiunt.

320 1450 375 1484 Cf.
408 1450 565 1492 Thuc)·.d
601 1448 642 1484 L.
677 1450 736 1484 VI.
771 1462 800 1484 c.
825 1450 891 1484 55:
927 1445 987 1483 ότι

318 1493 358 1529 δε
385 1493 642 1550 πρεσβύτατος
676 1491 730 1529 ω“ν
757 1492 901 1535 Ιππίας
921 1496 987 1539 η’ρ-

318 1542 404 1584 ξεν,
439 1539 549 1581 εἰδὼς
575 1539 640 1584 μὲν
671 1541 735 1576 καὶ
761 1539 857 1587 οἷκοῇ
885 1554 987 1587 ακρι

318 1586 494 1643 βέστερον
512 1584 633 1621 ἄλλων
656 1578 896 1632 ἰσχυρίζομαι.

366 1628 411 1678 ἦ]
449 1630 473 1678 ἢ
507 1634 607 1670 Vind.
633 1634 675 1671 F.
709 1635 787 1668 Ald.
823 1635 904 1668 Bas.
930 1634 986 1668 ab.

321 1681 442 1735 steph

367 1723 532 1782 φήνειεν]
558 1723 710 1769 φήσειεν
733 1725 819 1760 Lob.
844 1727 923 1760 V.at
937 1726 987 1761 M.

321 1770 475 1817 φήνειεν
506 1768 545 1806 ἐν
578 1772 674 1805 Flor.
709 1772 754 1806 T.
808 1769 987 1818 (φήνειεν

320 1819 487 1855 editiones
513 1821 593 1853 ante
616 1817 704 1852 Astii
727 1819 817 1863 sec.)

365 1865 435 1898 νῦν
452 1862 524 1908 δὴ]
552 1862 598 1907 δὴ
627 1877 691 1898 om.
718 1865 806 1900 Iob.
830 1864 986 1898 Mon.B.

323 1911 401 1946 Vat.
443 1910 524 1944 ΒΜ.
573 1911 652 1945 Par.
695 1911 773 1944 ΒΚ.
824 1912 906 1946 Ven.
947 1910 987 1944 C.

320 1957 416 1991 Flor.
440 1957 486 1991 U
518 1960 554 1990 et
588 1956 752 1991 editiones
785 1960 866 1991 ante
899 1956 991 1992 Astii

322 2015 390 2037 sec.

369 2045 485 2104 ἄλλῃ]
511 2044 602 2092 αλλη
627 2048 712 2083 Lob.
737 2048 811 2084 Ald.
837 2049 915 2083 Bas.
932 2049 987 2082 ab.

371 2091 545 2140 ονδαμῇ]
574 2091 718 2138 ου’δαμὴ
743 2095 844 2130 Vind.
856 2096 897 2129 F.
924 2091 989 2130 οὕ-

322 2141 422 2185 δαμῆ
449 2141 569 2195 Steph.
592 2142 665 2176 As.t
689 2153 742 2187 pr.
767 2153 836 2177 sec.

369 2185 559 2228 δυνατόν;
582 2186 681 2232 Καὶ]
716 2186 901 2230 δυνατὸν,
925 2185 990 2221 καὶ

322 2234 408 2268 editi
440 2237 519 2267 anbe
548 2213 640 2268 'Astii
672 2245 741 2268 sec.
776 2239 812 2268 et
854 2234 990 2268 codices

322 2279 390 2315 mei
431 2283 575 2324 excepto
611 2280 710 2314 Vind.
744 2280 787 2314 E.
822 2280 881 2325 qui
924 2283 990 2314 duo

323 2331 452 2372 puncta
474 2326 672 2371 interponit..
710 2327 826 2363 Etiam
850 2326 990 2361 Ficinus

323 2378 420 2407 recte
443 2372 608 2407 distinxit.

371 2441 684 2485 διισχυρίζεσθαι]
710 2440 989 2487 διισχυρίζομαι,

326 2488 396 2523 εσθ·
419 2487 454 2521 in
478 2499 521 2521 m.
547 2499 566 2521 a
591 2500 634 2521 m.
659 2499 699 2529 s.,
724 2487 817 2522 Mon.
835 2489 873 2522 B.
901 2488 990 2533 (διϊ-

325 2533 579 2579 σχνρίζεσθαις
604 2534 677 2569 Ast.
695 2535 768 2579 pn)

371 2580 487 2635 γοῦν]
511 2577 597 2637 ζ’
568 2573 637 2614 οὖν
661 2546 761 2614 Vipnd.
785 2579 826 2613 F.

371 2623 483 2670 ἡμῖν]
510 2638 558 2660 αν
574 2623 663 2671 ἡμῖν
686 2626 786 2663 Vind.
811 2626 855 2660 E.

374 2691 676 2751 αμφισβητήσει]
711 2692 996 2741 ἀμφισβητῆσαι
1049 2707 1083 2740 p.

948 2741 994 2777 K.
1050 2741 1256 2780 a..b270‚
1282 2718 1711 2781 a.420,.b43'2,.aet

331 2741 433 2776 vind.
458 2741 500 2776 E.
527 2739 825 2787 αμφισβητείσειε
848 2742 927 2777 Par.

330 2797 400 2822 sec.
423 2787 532 2821 Bekk.

375 2831 482 2879 πέρι]
507 2831 591 2878 περὶ
617 2833 719 2869 Vind.
736 2832 810 2869 BE.

1090 1027 1114 1067 δ’
1130 1029 1251 1074 ἐστιν]
1291 1025 1312 1065 ὃ
1341 1028 1439 1064 ἐστὶν
1471 1030 1571 1065 vind.
1605 1032 1647 1066 Β.
1683 1026 1707 1066 ὃ

1043 1076 1140 1112 ἔστιν
1174 1077 1377 1119 Bekkerus‚
1411 1077 1527 1110 Astius
1559 1078 1594 1111 in
1624 1082 1706 1112 tert.

1043 1128 1079 1158 et
1102 1123 1419 1165 Stallbau1nius‚ut
1443 1135 1566 1179 supra*
1571 1136 1604 1169 p.
1625 1125 1705 1159 532.

1042 1172 1082 1206 A.
1130 1171 1200 1204 Sed
1224 1171 1255 1203 h.
1282 1171 1305 1202 l.
1334 1174 1414 1225 post
1446 1168 1590 1212 αὐτοῦ,
1624 1171 1647 1205 i.
1674 1182 1706 1204 e.

1045 1213 1162 1256 ὄντως
1185 1212 1316 1259 ὄντος,
1344 1213 1500 1249 ἑκάστου
1525 1216 1708 1270 repetitum

1042 1261 1196 1298 ἕκαστον
1239 1266 1274 1295 et
1311 1273 1457 1307 sequens
1503 1259 1708 1307 λαμβάνειν

1040 1321 1226 1366 pronomen
1251 1303 1271 1343 ὃ
1298 1308 1530 1352 praedicatum
1563 1313 1599 1342 et
1627 1319 1709 1344 ver-

1042 1358 1119 1390 bum
1145 1353 1244 1390 ἐστὶν
1271 1354 1354 1388 nihil
1378 1354 1441 1387 nisi
1460 1354 1613 1399 copulam
1631 1365 1708 1389 esse

1043 1406 1211 1447 arguunt.
1246 1402 1337 1446 quod
1364 1402 1628 1456 unumquodque
1650 1402 1708 1435 sit.

1044 1450 1164 1489 Quare
1196 1450 1362 1481 commata
1397 1450 1478 1480 ante
1513 1442 1535 1480 ὃ
1560 1450 1597 1481 et
1629 1452 1710 1492 post

1043 1493 1198 1530 ἕκαστον
1221 1493 1342 1527 delevi.

1090 1538 1188 1584 οὐκ]
1227 1552 1292 1573 om.
1328 1538 1462 1573 codices
1494 1550 1610 1572 omnes
1640 1549 1707 1573 uno

1043 1587 1123 1622 Par.
1154 1588 1196 1621 A.
1233 1588 1377 1630 excepto
1420 1590 1456 1618 et
1498 1585 1581 1618 editi
1627 1590 1707 1619 ante

1044 1634 1277 1687 Stephanum,
1309 1644 1371 1665 nec
1395 1642 1461 1665 non
1486 1631 1597 1664 omitti
1624 1643 1708 1686 pos-

1045 1686 1119 1722 set,
1152 1680 1182 1713 si
1215 1691 1266 1718 ως
1302 1690 1322 1712 a
1343 1678 1448 1712 verbo
1474 1674 1709 1723 ἀμφισβητή-

1046 1737 1099 1760 σει
1132 1725 1315 1770 penderet,
1349 1724 1392 1757 de
1423 1736 1490 1769 quo
1522 1724 1566 1757 cf.
1599 1724 1710 1758 Hein-

1043 1771 1170 1806 dorfius
1203 1771 1247 1805 ad
1284 1771 1430 1805 Theaet.
1463 1771 1497 1814 §.
1531 1771 1589 1804 40.
1636 1770 1708 1804 Sed

1045 1815 1095 1858 (ὃς
1131 1818 1266 1871 pendet
1293 1828 1314 1851 a
1338 1814 1538 1873 ⁵kae'yovmv
1551 1821 1586 1850 et
1608 1817 1707 1851 simul

1045 1865 1088 1899 ad
1113 1863 1290 1909 sequentia
1323 1859 1399 1896 ἀλλ’
1428 1861 1468 1896 αἱ
1499 1858 1566 1905 μὲν
1600 1857 1711 1896 αλλαι

1045 1911 1204 1956 pertinet.
1260 1909 1385 1954 Itaque
1417 1908 1552 1952 negatio
1586 1909 1710 1944 abesse

1045 1957 1174 2002 nequit.
1214 1956 1308 1989 Idem
1328 1955 1434 1988 sensit
1456 1954 1612 1989 Ficinus·
1637 1956 1711 1990 Ne·

1046 2015 1100 2037 mo
1127 2008 1243 2038 autem
1267 2002 1508 2036 adversabitur
1532 2002 1628 2035 nobis
1653 2001 1709 2035 di-

1045 2051 1220 2089 centibus,
1250 2049 1340 2093 quod
1371 2048 1563 2081 disserenda·
1585 2048 1710 2090 facul—

1045 2101 1102 2131 tas
1123 2097 1295 2130 duntaxat
1316 2099 1459 2128 conatur
1479 2094 1599 2127 ordine
1616 2099 1711 2128 certo

1045 2143 1139 2176 circa
1169 2140 1450 2185 unumquodque,
1491 2140 1575 2185 quid
1598 2140 1712 2185 ipsum

1044 2189 1113 2229 sit,
1138 2188 1301 2222 invenire.

1092 2230 1183 2278 ἄλλη
1204 2233 1282 2276 τις]
1308 2228 1384 2266 ἀλλ’
1396 2226 1480 2276 ἥτις
1502 2231 1592 2267 Lob.

1091 2300 1199 2347 περὶ]
1225 2299 1329 2346 παρὰ
1353 2301 1432 2335 Bas.
1450 2301 1486 2337 b.

1045 2369 1189 2451 Αιὲτρὸς
1216 2368 1402 2415 γενέσεις]
1457 2368 1710 2414 προςγενὲσεις

1092 2475 1131 2497 τε
1150 2461 1212 2496 καὶ
1234 2460 1446 2506 συνθέσεις]
1470 2474 1535 2495 om.
1559 2462 1647 2506 Aug.
1666 2461 1710 2497 Β.

1091 2505 1218 2553 ἢ]Ιϊει
1241 2509 1320 2542 Par.
1345 2509 1385 2542 A.
1411 2508 1510 2544 vind.
1536 2508 1577 2541 B.
1614 2508 1708 2543 Mon.

1048 2556 1088 2592 C.
1125 2556 1201 2590 vat.
1235 2555 1280 2588 H.
1315 2554 1405 2588 Flor.
1439 2555 1515 2590 AT.
1570 2553 1708 2600 Reliqui

1047 2613 1123 2636 cum
1146 2601 1244 2635 editis
1267 2601 1395 2634 addunt
1412 2599 1475 2634 καὶ
1485 2599 1604 2645 ‚quod
1623 2600 1708 2634 mul·

1047 2649 1093 2682 tis
1117 2647 1200 2681 locis
1222 2647 1462 2692 interpolatum
1495 2647 1556 2689 (cf.
1583 2645 1658 2681 Vol.
1678 2645 1707 2681 Ῑ.

1101 2697 1178 2735 166,
1203 2705 1234 2727 a.
1260 2694 1292 2727 b.
1319 2695 1397 2734 177,
1415 2695 1448 2727 b.
1475 2694 1552 2733 178,
1570 2703 1600 2726 a.
1625 2692 1708 2734 254,

1049 2787 1139 2822 infra
1160 2798 1207 2842 p.
1230 2766 1310 2821 5'38.
1335 2785 1374 2819 Β.
1406 2796 1458 2829 pr.
1491 2784 1527 2818 in
1561 2784 1708 2819 Vat.13.

1050 2838 1130 2880 post
1144 2828 1188 2878 ἢ)
1212 2832 1266 2868 hic
1288 2831 1500 2879 supaxfluum
1521 2833 1558 2867 et
1580 2833 1711 2868 tantum
