1807 3219
439 141 508 183 CI
528 134 663 183 V'IT
684 141 727 182 A
747 142 775 183 S
820 143 941 184 LIB.
973 143 1046 185 Vl.
1077 144 1145 182 495
1397 145 1472 184 18]

91 254 326 312 προσήκει,
356 253 528 309 ἔρημον
549 253 622 296 καὶ
655 252 784 310 ἀτελῆ
817 255 1087 311 φιλοσοφίαν
1110 255 1328 304 λείποντες
1350 251 1479 295 αὐτοί

89 342 135 370 τε
164 327 266 382 βίον
297 321 352 367 ου’
381 319 661 377 προσήκοντα
692 320 795 366 οὐδ’
826 323 971 380 ἀληθῆ
1003 327 1124 377 ζῶσι,
1157 321 1238 379 τὴν
1261 322 1306 366 δὲ
1325 320 1476 376 ,ὥσπερ

89 391 297 449 ὀρφανὴν
331 391 553 446 ξυγγενῶν
592 388 719 434 ἄλλοι
764 389 1089 442 ἐπεισελθόντες
1127 388 1304 442 οἷνοέξιοι
1343 389 1476 447 ᾔσχυ-

86 461 173 506 νάν
201 477 247 505 τε
279 460 354 518 καὶ
385 457 531 514 ὀνείδη
556 464 800 517 περιῆψαν,
836 458 908 503 οἷα
938 460 1013 503 καὶ
1044 458 1099 503 σύ
1130 458 1220 541 φῂς
1249 457 1476 512 ὀνειδίζειν

85 531 188 581 τούς
219 525 532 580 ὀνειδίζοντας,
566 525 626 578 ὦς
655 529 699 572 οἱ
727 526 932 581 ξυνόντες
963 525 1077 584 αὐτη
1105 529 1149 571 οἱ
1170 527 1249 582 μὲν
1272 525 1475 578 οὐδενός,

87 601 132 643 οἱ
161 598 213 643 δὲ
235 596 390 654 πολλοὶ
423 598 602 655 πολλῶν
640 599 790 639 κακῶν
828 594 942 648 α’ξιοί
981 597 1075 638 εἰσι.
1136 596 1223 639 Καὶ
1261 595 1345 652 γὰρ
1378 593 1475 648 οὖν,

87 667 198 723 ε’φη,
235 663 312 709 τά
328 681 376 721 γε
412 652 627 720 λεγόμενα
665 667 816 708 ταῦτα.
876 662 1076 715 Εἰκότως
1105 663 1155 719 γ’,
1194 658 1250 720 ἦν
1292 663 1336 708 δ’
1381 663 1475 720 ἐγὼ,

87 732 310 817 λεγόμενα.
340 736 624 789 καθορῶντες
651 748 736 788 γαρ
769 730 895 775 ἄλλοι
914 730 1218 788 ἀνθρωπίσκοι
1238 731 1370 788 κενὴν
1396 731 1478 788 τήν

86 803 236 860 χώραν
280 800 447 859 ταύτην
497 801 785 858 γιγνομένην,
845 804 993 844 καλῶν
1042 800 1089 844 δε
1129 799 1361 858 ὀνομάτων
1404 800 1479 844 καὶ

86 869 407 928 προσχημάτων
435 869 615 927 μεστὴν,
656 867 801 922 ῶσπερ
834 870 879 912 οἱ
908 868 956 913 ἐκ
986 872 1078 912 τῶν
1110 871 1302 925 εἱργμῶν
1332 870 1392 920 εἰς
1421 867 1474 912 τοὶ
1504 873 1543 916 D

88 938 184 995 ἱεροὶ
212 937 636 993 ἀποδιδράσκοντες,
667 934 850 993 ἄσμενοι
881 937 954 980 καὶ
984 932 1110 981 οὗτοι
1138 937 1186 981 ἐκ
1209 940 1296 990 τῶν
1314 940 1478 993 τεχνῶν

87 1009 337 1065 ἐκπηδῶσιν
377 1008 437 1059 εἰς
474 1006 556 1064 τήν
594 1006 892 1064 φιλοσοφίαν,
941 1008 984 1049 οἳ
1014 1004 1070 1048 ἂν
1100 1005 1371 1061 κομψότατοι
1404 1004 1477 1050 ὅν-

88 1092 158 1128 τες
196 1073 444 1132 τυγχάνωσι
481 1075 583 1131 περὶ
623 1075 672 1119 τὸ
711 1074 859 1119 αὑτῶν
895 1074 1079 1131 τέχνιον.

89 1204 194 1242 sunt,
229 1199 290 1234 sed
313 1199 397 1234 nihil
420 1200 557 1242 obsta‘t,
578 1209 658 1246 quo
690 1200 756 1235 mi-

89 1259 153 1281 nus
175 1257 219 1279 ex
239 1247 392 1291 proxime
410 1226 632 1294 sequentibus
651 1248 754 1290 φιλο-

88 1292 206 1336 σοφία
229 1293 296 1326 huc
318 1291 501 1327 referatur.
520 1292 670 1348 Neque
691 1304 753 1337 ap—

86 1342 199 1384 paret,
223 1350 285 1373 cur
301 1336 463 1393 μάλιστα
484 1335 531 1372 ου’
547 1339 663 1373 dicere
682 1350 753 1372 ma-

85 1386 209 1430 hesit,
255 1396 357 1430 quam
397 1381 541 1440 ἥκιστα.
610 1385 753 1419 Ficinus

91 1431 213 1466 Οὗτοι
245 1443 354 1476 usque
399 1431 443 1464 ad
478 1428 591 1466 αὐτοί
625 1443 666 1466 τε
704 1431 754 1465 sic

87 1477 278 1512 convertit:
316 1478 400 1511 cum
421 1478 575 1522 plerique
596 1478 645 1511 ad
671 1478 754 1522 phi-

87 1524 337 1568 losophandum
353 1529 484 1557 natura
503 1525 621 1557 idonci
634 1525 676 1557 ab
690 1524 754 1558 hoc

85 1571 201 1605 studio
215 1571 470 1614 detorquentur,
478 1570 754 1614 philosophiam-

86 1628 151 1662 que
167 1616 410 1660 imperfectum
427 1621 463 1651 et
480 1616 674 1650 desolatam
693 1617 754 1650 de-

86 1664 247 1698 stituunt.

133 1707 347 1751 λείποντες]
380 1704 570 1747 λειπόντες
601 1707 685 1742 Ven.
711 1706 753 1742 C.

86 1751 265 1793 λιπόντες
282 1755 380 1798 (Par.
405 1754 501 1799 DK.)
526 1754 601 1788 A1d2
625 1754 706 1788 Bas.
721 1765 752 1789 a.

33 1842 37 1846 ¹
86 1801 211 1844 Steph.
233 1801 307 1834 Ast.
332 1811 385 1844 pr.
406 1811 476 1835 sec.

134 1844 285 1890 ἀληθῆ]
314 1844 431 1890 ἄλιθῆ
456 1846 532 1881 Ald.

38 1912 39 1918 =
134 1892 330 1938 ξυγγενῶν]
358 1903 457 1937 σνγγ.
473 1892 574 1928 Vind.
592 1892 636 1926 Ε.
655 1892 752 1926 Flor.

88 1939 414 2025 Αὲζεισελκθόντες
444 1985 459 2031 ]

90 2030 192 2068 Vind.
215 2031 255 2066 Β.

137 2075 255 2156 φῂςῖ]Ἴ
262 2076 338 2121 φῆς
361 2076 461 2115 Vind.
484 2077 530 2113 F.
554 2088 755 2112 commemo-

90 2122 288 2213 Ταίῗεμεῖ]
308 2143 346 2204 οἱ
363 2167 431 2212 μὲν
451 2162 522 2204 οὐν
546 2169 647 2206 Vind.
665 2169 710 2203 F.

135 2215 283 2259 κακῶν]
310 2216 434 2249 καλῶν
456 2216 557 2252 Vind.
581 2216 624 2251 E.

138 2261 236 2306 εἰσί.]
263 2260 365 2295 εἰσίν.
386 2262 577 2296 Bekkerus.

93 2307 689 2389 ν·τέὖῗ.]..ἶὲἷῖζῖξζῖῗῗίιῑξὶε
712 2307 757 2388 ἒὲ

92 2366 385 2434 ὴόἓῆοεοίῑοΙευῐοη
408 2366 547 2434 excidii.
557 2366 574 2388 e

138 2443 241 2502 γ’]γ
243 2457 259 2479 ε
283 2446 385 2480 Vind.
398 2447 442 2480 Ε.
467 2447 562 2480 Flor.
582 2446 756 2482 ACRTV.

138 2490 210 2536 γὰρ
220 2458 350 2536 γᾶλλοι]
377 2504 448 2536 γαρ
469 2491 506 2526 οἱ
531 2488 636 2526 ἄλλοι
655 2492 756 2528 Vind.

92 2537 249 2628 ξῑενῖἇὶιῗο
270 2539 442 2627 ΙΙΞίοΕὲίδῖρ
452 2539 514 2618 {23
501 2539 758 2619 Ῥέἷλῑῖιῗὶὶῖῑόἰ

95 2631 135 2663 Β.
168 2630 265 2664 Flor.
290 2630 335 2664 U
370 2631 549 2664 Bekkerus
582 2636 618 2664 et
651 2630 758 2664 Stall-

95 2676 430 2776 Μῗτᾞδῗῖῗημάτων]
479 2723 644 2756 Timaeus
691 2722 756 2755 lex.

96 2778 129 2811 p
154 2770 241 2802 221·
277 2766 491 2825 πρόσχημα·
516 2764 759 2812 προκαλυμμα

95 2812 164 2847 τοῦ
183 2809 328 2857 ἤθους,
346 2810 370 2858 ἢ
391 2812 591 2859 πρόφασις.
615 2825 758 2859 quorum

531 1981 755 2024 ἔπεισιόντες

1143 1073 1262 1131 ὅμως
1297 1072 1383 1130 γάρ
1422 1073 1476 1130 δή

812 1204 969 1235 neutrum
1002 1200 1045 1234 ad
1080 1203 1233 1233 nostrum
1256 1199 1368 1233 locum
1391 1211 1478 1245 qua-

811 1248 909 1289 drat,
958 1246 1130 1292 posterius
1172 1247 1216 1280 ad
1259 1246 1366 1291 Hipp.
1398 1246 1478 1281 mai.

810 1305 845 1337 p.
870 1295 950 1328 286.
974 1293 1014 1327 A.
1041 1293 1129 1326 haud
1153 1292 1306 1337 ineptum
1328 1292 1477 1325 videtur.

810 1340 877 1372 Hic
901 1350 984 1373 vero
1007 1338 1097 1372 idem
1120 1342 1195 1380 est,
1220 1339 1309 1383 quod
1334 1337 1473 1372 καλλιό-

810 1395 950 1429 πισμα,
989 1396 1056 1429 quo
1081 1385 1214 1418 nomine
1238 1385 1433 1418 declaratur
1457 1396 1478 1418 a

809 1432 944 1465 Thoma
966 1431 1059 1475 Mag.

808 1490 842 1522 p.
871 1478 960 1518 135,
983 1478 1017 1510 b.

859 1522 1040 1579 ειργμῶν]
1067 1521 1223 1566 εἱρκτῶν
1247 1523 1327 1557 Par.
1351 1522 1394 1556 K.

858 1566 1032 1626 ἄσμενοι]
1052 1568 1091 1602 In
1114 1570 1189 1602 Ald.
1214 1570 1295 1603 Bas.
1316 1569 1369 1602 ab.
1385 1579 1476 1601 com—

810 1627 865 1650 ma
895 1619 976 1660 post
1008 1612 1190 1660 ἄσμενοι,
1230 1626 1296 1648 non
1329 1618 1408 1650 ante
1442 1614 1478 1648 id

810 1663 987 1719 positum.—

856 1706 920 1741 καὶ
940 1701 1066 1752 οὗτοι]
1093 1719 1157 1741 om.
1180 1707 1253 1741 Fic.

856 1752 950 1798 τὴν]
986 1767 1051 1788 om.
1090 1754 1192 1789 Vind.
1224 1754 1266 1787 Β.
1315 1753 1394 1788 vat.
1430 1753 1476 1787 H.

810 1801 907 1834 Flor.
933 1801 976 1833 V.

859 1845 897 1881 οἳ
914 1841 985 1889 ἂν]
1012 1843 1054 1880 οἷ
1068 1840 1117 1879 όῖν
1136 1846 1215 1879 Par.
1228 1845 1272 1880 D.
1295 1844 1373 1880 Ald.
1394 1845 1475 1880 Bas.

811 1895 866 1928 ab.
894 1889 957 1926 οἷα
981 1903 1055 1926 cum
1080 1892 1183 1926 litura
1206 1891 1307 1927 Vind.
1332 1891 1374 1926 F.

856 1936 1082 1982 τυγχάνωσι]
1119 1935 1343 1982 τυγχάνουσι
1375 1937 1477 1972 Vind.

810 1986 855 2019 F.
887 1983 1177 2029 περιτνγχάνωσι
1199 1985 1286 2018 Lob.
1308 1983 1411 2018 Vind.
1435 1984 1478 2019 Β.

811 2033 892 2068 Vat.
917 2031 997 2064 ΒΜ.
1022 2033 1107 2067 Ven.
1133 2031 1172 2064 C.
1198 2030 1279 2064 Par.
1305 2030 1383 2064 DK.

859 2075 902 2112 τὸ
924 2074 1073 2123 αὐτῶν]
1102 2073 1197 2111 αὐτὸ
1225 2076 1303 2111 Par.
1331 2076 1408 2110 DK.
1432 2073 1476 2110 τό

813 2120 908 2158 αὐτὸ
944 2123 1032 2157 Lob.
1071 2123 1172 2158 Vind.
1204 2123 1246 2157 Β.
1281 2123 1362 2158 Vat.
1396 2123 1477 2156 ΒΜ.

812 2169 951 2205 Ven.C.
975 2168 1019 2204 τὸ
1042 2166 1170 2204 αὐτῶν
1187 2167 1284 2202 Vind.
1306 2168 1382 2202 EF.
1400 2168 1476 2203 Ald.

812 2216 891 2251 Bas.
917 2217 972 2250 ab.
996 2227 1062 2249 non
1084 2216 1219 2249 vitiose.

858 2260 1024 2306 τέχνιον]
1051 2262 1106 2295 lta
1129 2262 1209 2295 Par.
1232 2261 1277 2294 K.
1302 2272 1371 2296 sec.
1395 2260 1473 2305 Bip.

813 2308 900 2343 Lob.
925 2308 1145 2343 Vind.BEF.
1164 2308 1311 2341 Mon.B.
1334 2306 1477 2350 τεχνίον

813 2354 905 2389 editi.
953 2354 1134 2388 Bekkerus
1164 2357 1201 2387 et
1232 2352 1477 2387 Stallbaumius

812 2401 856 2434 de
879 2400 1062 2439 ,codicibus
1100 2403 1228 2434 tacent.
1285 2398 1341 2432 Cf.
1374 2400 1476 2433 Butt-

812 2457 952 2481 mannus
976 2458 1116 2491 gramm.
1141 2447 1184 2481 ΙΙ.
1208 2456 1288 2491 pag.
1311 2445 1392 2480 334.
1416 2445 1477 2490 qui

812 2492 955 2536 τεχνίον
989 2493 1087 2527 unius
1097 2492 1184 2583 ploci
1218 2491 1347 2536 Diphili
1386 2491 1476 2536 apud

812 2540 934 2573 Athen.
959 2538 1001 2573 L.
1025 2539 1073 2573 II.
1123 2538 1212 2573 ..55
1237 2537 1279 2571 D.
1304 2537 1478 2582 scriptura

813 2586 953 2628 vulgata
988 2585 1072 2618 satis
1103 2587 1213 2617 tutum
1246 2584 1375 2617 habere
1411 2595 1477 2617 non

812 2631 970 2665 debebat.
1025 2631 1127 2664 Nunc
1165 2633 1201 2664 et
1242 2629 1291 2663 ibi
1331 2627 1477 2673 τέχνιον

813 2677 1027 2710 s‹ribendum
1050 2677 1209 2718 videtur,
1254 2675 1307 2709 uti
1339 2676 1477 2720 scripsit

815 2723 1028 2764 Dindorfius‚
1069 2722 1129 2767 qui
1161 2722 1204 2756 de
1236 2721 1408 2756 codicibus
1443 2726 1478 2755 et

815 2768 960 2803 vetustis
984 2769 1187 2802 editionibus
1217 2768 1349 2813 pariter
1372 2771 1477 2812 atque

816 2814 1162 2859 Schweighaeuserus
1203 2814 1346 2858 τεχνίον
1381 2814 1473 2848 exhi-

1084 1442 1118 1476 p.
1142 1432 1221 1465 758.
1271 1431 1327 1465 cf
1352 1432 1428 1466 voi.
1450 1431 1477 1465 Ι.
