1807 3219
416 121 754 164 CIVITAS
799 123 921 166 LIB.
951 123 1025 165 VI.
1054 124 1124 163 494
1377 125 1458 165 177

71 240 212 294 ’ψυχῆς
260 235 312 278 Τί
342 231 386 278 δ’
419 232 475 277 οὐ
505 233 671 290 μέλλεις
710 235 806 292 ἔφη.
864 235 1169 292 Βουλήσονται
1199 233 1276 291 δὴ,
1320 230 1459 290 οἶμαι,

73 304 194 361 αὐτῷ
224 306 440 360 χρῆσθαι,
486 301 664 347 ἐπειδὰν
700 301 998 359 πρεσβύτερος
1033 304 1255 360 γίγνηται,
1296 302 1367 346 ἐπὶ
1405 300 1460 345 τοὶ

71 372 220 417 αὐτῶν
255 369 489 428 πράγματα
537 373 586 415 οἵ
618 387 664 415 τε
710 372 864 415 οἰκεῖοι
907 373 983 416 καὶ
1027 373 1072 415 οἱ
1108 375 1293 415 πολῖται.
1353 374 1461 421 Πῶς

69 439 112 486 δ’
145 438 224 491 01⁹5,-
265 438 597 484 ’Τποκείσονται
626 439 713 495 ἄρα
743 437 944 496 δεόμενοι
973 440 1047 484 καὶ
1076 443 1308 497 τιμῶντες,
1350 455 1460 493 προ-
1491 435 1524 477 C

67 507 478 566 καταλαμβάνοντες
526 508 602 552 καὶ
639 506 1049 564 προκολακεύοντες
1087 507 1168 564 τὴν
1214 506 1462 562 μέλλουσαν

10 616 12 618 ,
68 577 211 623 αὐτοῦ
241 576 444 633 δύναμιν.
512 580 638 621 Φιλεῖ
663 581 796 634 γοῦν,
829 572 936 634 ἔφη,
968 575 1084 620 οὕτω
1111 577 1352 633 γίγνεσθαι.
1409 575 1462 618 Τί

68 642 153 691 οὖν
196 647 301 699 οἴει,
341 640 400 700 ἦν
441 642 485 689 δ’
518 643 624 702 ἐγώ,
667 646 746 689 τόν
780 649 989 690 τοιοῦτον
1026 644 1074 688 ἐν
1109 649 1204 696 τοῖς
1239 641 1462 694 τοιούτοις

66 715 292 773 ποιήσειν,
342 712 483 765 ἄλλως
521 730 566 758 τε
594 714 668 758 καὶ
708 713 788 758 ἐάν
825 712 933 771 τύχῃ
972 712 1159 769 μεγάλης
1199 710 1367 761 πόλεως
1397 710 1462 754 ὠν

66 785 142 829 καὶ
172 784 220 828 ἐν
250 781 389 840 ταύτῃ
426 781 641 834 πλούσιός
678 799 723 826 τε
753 782 829 826 καὶ
863 786 1064 838 γενναῖος
1093 781 1169 825 καὶ
1198 780 1260 824 ε’τι
1289 777 1461 835 εὐειδής

66 853 142 897 καὶ
171 851 328 934 μέγας;
379 848 457 907 ἄρ’
489 848 543 894 οὐ
581 849 953 907 πληρωθήσεσθαι
998 847 1225 906 αμήχοὲνου
1267 847 1459 899 ἐλπιδος,

69 918 317 979 ἡγούμενον
345 935 421 963 και
448 919 501 964 τοὶ
530 923 620 965 τῶν
653 917 876 977 Ελλήνων
911 917 987 963 καὶ
1015 916 1070 961 τὰ
1100 920 1191 962 τῶν
1221 914 1460 974 βαρβάρων

790 1104 854 1127 nus
872 1092 925 1127 ita
942 1091 1136 1126 declararet
1153 1091 1334 1125 Socrates.
1356 1101 1458 1135 quum

789 1140 939 1184 primum
968 1138 1200 1195 provectioris
1226 1137 1358 1171 aetatis
1386 1147 1458 1170 esse

114 1090 155 1128 ἐν
172 1087 334 1138 ἅπασιν]
369 1093 467 1128 Haec
496 1093 603 1128 verba
637 1093 733 1128 Mon.

68 1140 110 1174 Β.
139 1140 275 1185 punctis
303 1141 347 1173 ab
383 1140 663 1174 antecedentibus
700 1143 737 1173 et

68 1198 91 1220 a
113 1185 334 1231 sequentibus
358 1184 521 1220 distincta
540 1185 638 1230 quasi
650 1186 735 1219 Adi

67 1233 174 1267 manti
197 1231 354 1274 exhibet3
379 1232 435 1266 cui
453 1232 580 1265 rationi
597 1231 640 1265 ad
664 1243 736 1264 am-

66 1278 272 1323 biguitatem
288 1303 299 1319 ‚
338 1277 382 1311 de
414 1289 483 1323 qua
516 1288 623 1322 supra
653 1277 737 1319 dixi,

67 1324 265 1358 evitandam
278 1324 494 1368 excogitatae
508 1324 663 1369 proxime
679 1334 737 1357 se-

67 1370 211 1416 quentia
233 1373 437 1415 repugnant.

112 1439 220 1484 φυῇ]
248 1438 327 1482 ‹pm-{⁴
349 1438 526 1483 προσφυῆ
551 1450 627 1472 cum
646 1438 736 1473 linea

67 1486 133 1519 sub
159 1485 268 1519 altero
292 1485 386 1519 Mon.
410 1485 452 1518 Β.

116 1550 356 1609 προσφερής]
381 1551 607 1598 προσφέρεις
629 1552 731 1589 Vind.

62 1600 108 1633 F.
145 1610 347 1644 προσμερες
377 1600 479 1634 vind.
505 1599 548 1634 Ε.
581 1600 662 1634 Vat.
685 1600 731 1634 H.

63 1646 158 1680 Flor.
202 1646 243 1679 C.
309 1643 517 1690 προσφερὲς
557 1646 658 1682 Vind.
689 1647 731 1679 Β.

64 1692 158 1726 Flor.
181 1692 290 1728 AUV.
316 1703 393 1726 cum
416 1692 520 1725 editis
544 1696 624 1725 ante
639 1692 733 1725 Bek-

48 1738 217 1780 =kerum‚
286 1737 478 1772 tacentibus
524 1738 731 1793 Biponu'nis.

66 1784 244 1827 „Legitur
280 1785 384 1818 etiam
428 1781 643 1828 προσφερης
682 1784 732 1828 τῇ

64 1830 192 1875 ’ψυχῇε
246 1842 349 1876 qualu
403 1829 585 1868 lectionem
632 1831 732 1864 alteri

64 1877 260 1921 praeferof‘
284 1874 404 1921 St‘eph.
431 1879 544 1910 annot.
568 1887 648 1921 pag.
673 1878 730 1911 23.

65 1922 191 1957 Utrum
213 1922 358 1957 Ficinus
380 1922 515 1966 legerit,
539 1923 732 1967 ambiguum

67 1971 144 2002 est:
178 1970 209 2003 si
235 1981 358 2013 corpus
384 1974 514 2002 natura
536 1975 660 2003 nactus
685 1969 732 2003 sit

68 2015 184 2049 animo
204 2017 388 2057 conforme.
412 2014 639 2048 Masculinum
650 2015 732 2048 Ste-

67 2060 198 2105 phanus
220 2072 287 2094 non
310 2061 383 2095 sine
408 2072 530 2095 caussa
553 2062 731 2104 praefere-

67 2107 149 2148 bat,
184 2107 266 2152 quia
298 2107 432 2151 longius
466 2107 509 2139 ab
543 2107 732 2152 interpola-

67 2153 172 2186 tionis
202 2153 318 2198 specie
348 2155 514 2186 remotum
551 2156 626 2195 est,
662 2153 732 2186 ele-

66 2199 273 2243 gantiusque
297 2200 440 2232 verbum
464 2198 543 2243 φυῇ
569 2199 612 2232 ad
635 2199 732 2243 prius

67 2244 279 2286 subiectum,
304 2256 404 2289 quam
426 2244 470 2278 ad
489 2256 616 2277 novum
640 2244 730 2288 (σῶ-

66 2291 139 2335 μα)
178 2291 282 2335 idque
304 2290 455 2334 genitivo
480 2287 601 2325 αὐτοῦ
627 2302 732 2336 aegre

68 2348 188 2371 carens
210 2338 370 2372 refertur.

113 2424 266 2462 ἐπειδᾶν
283 2425 533 2474 πρεσβύτερος
549 2427 728 2473 γίγνηται]

68 2485 145 2509 cum
173 2476 367 2509 adoleverit
395 2475 471 2508 Fic.
518 2474 586 2508 Pro
610 2475 731 2518 γίγνη-

67 2531 130 2554 ται
160 2521 240 2555 Par.
264 2521 342 2555 DK.
373 2521 466 2554 Mon.
490 2521 531 2555 B.
565 2521 661 2554 Flor.
686 2522 730 2555 U.

69 2566 221 2611 editique
241 2570 383 2612 praeter
400 2567 511 2600 Bekk.
536 2578 651 2600 omnes
674 2565 731 2610 γε’

67 2624 176 2656 νηται
198 2613 348 2656 habent,
381 2613 473 2658 quod
506 2613 731 2647 Stallbaumio

66 2658 166 2692 unice
195 2671 312 2693 verum
344 2659 502 2700 videtur,
549 2659 631 2704 quia
653 2670 731 2692 sen-

67 2704 177 2739 tentia
199 2705 285 2739 haec
308 2705 374 2740 sit:
400 2717 502 2750 quum
520 2711 637 2740 aetate
654 2716 730 2739 ma-

67 2751 125 2794 gis
144 2757 325 2794 provectus
334 2752 463 2794 fuerit.
508 2751 596 2787 Eam
619 2755 731 2785 tamen

68 2797 269 2831 sententiam
290 2797 374 2833 nihil
398 2798 559 2832 obstabat
582 2809 649 2843 quo
667 2797 730 2832 mi-

138 2852 346 2896 Pna‘roms
375 2855 451 2896 ΟΡ.
481 2855 530 2896 Π.

792 1187 952 1230 incipiat.
979 1180 1131 1218 ἐπειδᾶν
1155 1183 1258 1217 etiam
1276 1182 1359 1216 alibi
1383 1193 1459 1215 cum

791 1234 974 1276 praesente
997 1230 1080 1275 poni
1105 1232 1257 1270 constat3
1283 1229 1356 1262 eius
1374 1239 1458 1261 vero

792 1277 978 1321 temporis,
1009 1288 1077 1321 quo
1101 1276 1178 1321 quis
1210 1272 1461 1319 πρεσβύτερος

793 1323 862 1356 dici
886 1323 1015 1367 possit,
1039 1322 1172 1357 initium
1196 1322 1362 1355 incertum
1386 1324 1461 1361 est3

794 1369 943 1414 denique
965 1369 1100 1402 illormn
1123 1368 1293 1401 intererat
1316 1367 1377 1400 tali
1407 1366 1461 1399 iu-

792 1427 879 1448 vene
903 1415 1012 1460 primo
1047 1425 1183 1460 quoqne
1218 1416 1373 1466 tempore
1394 1412 1459 1445 uti.

792 1461 906 1494 Simili
951 1462 1026 1494 fere
1072 1460 1173 1493 modo
1214 1457 1460 1511 πρεσβύτεροι

789 1504 1001 1550 γιγνόμενοι
1023 1506 1066 1541 L.
1091 1506 1136 1540 H.
1172 1517 1207 1551 p.
1231 1506 1313 1541 378.
1338 1505 1382 1539 D.
1407 1504 1460 1538 di-

790 1556 922 1587 cuntur.

836 1618 987 1665 αύτῶν]
1021 1616 1084 1655 αύ.
1108 1620 1194 1654 Lob.
1219 1619 1322 1656 Vind.
1348 1618 1456 1654 BEF.

788 1668 864 1702 Ald.
889 1668 970 1701 Bas.
997 1668 1051 1701 ab.

834 1713 1019 1757 πολῖται,]
1056 1711 1218 1747 πολῖται.
1244 1711 1331 1745 Lob.
1354 1709 1457 1748 Vind.

788 1760 832 1795 Ε.
857 1761 1032 1800 πολῖταις
1056 1759 1132 1793 Ald.
1157 1759 1236 1793 Bas.
1262 1758 1318 1793 ab.

836 1841 859 1862 α
864 1829 934 1873 ρα]
964 1825 1003 1862 δὲ
1023 1824 1098 1873 ἄρα
1121 1829 1207 1862 Ven.
1233 1828 1275 1862 B.
1299 1825 1400 1862 Vind.
1410 1825 1453 1860 Ε.
1484 1830 1520 1875 C

788 1875 868 1910 Vat.
893 1875 938 1909 H.
965 1875 1058 1908 Flor.
1083 1874 1256 1910 ACRTV.

835 1941 1016 1988 δύναμιν]
1052 1944 1217 1978 virtutem
1256 1947 1360 1988 atque
1393 1954 1458 1988 po-

787 1992 934 2025 tentiam
953 1990 1031 2024 Fic.

834 2037 948 2081 γοῦν]
977 2048 1042 2071 om.
1065 2035 1138 2068 Fic.

836 2105 927 2149 οἴει]
954 2107 1035 2150 post
1057 2097 1106 2148 ἦν
1130 2100 1170 2137 δ’
1191 2100 1228 2147 ἐγ
1231 2116 1259 2136 ω
1284 2103 1365 2137 Par.
1377 2102 1455 2137 ΒΚ.

787 2151 881 2185 Μοιι.
906 2153 946 2185 Β.
972 2151 1065 2185 Flor.
1079 2151 1124 2184 U.
1150 2149 1236 2184 editi
1261 2153 1340 2184 ante
1364 2150 1457 2184 Bek-

786 2198 917 2232 kerum.

832 2238 903 2288 ἧν]
933 2256 998 2278 om.
1022 2242 1165 2279 Ven.c
1167 2267 1176 2276 .

834 2309 1032 2358 ποιήσειν,]
1051 2309 1233 2356 ποιήσειν.
1245 2310 1321 2343 Ald.
1346 2307 1455 2354 ποιή-

790 2369 890 2399 σειν·
916 2359 997 2392 Bas.
1022 2360 1078 2393 ab.
1103 2359 1225 2403 Stepb.
1249 2358 1323 2390 Ast.
1347 2368 1400 2401 pr.

835 2404 972 2462 μέγας;
962 2406 1004 2462 ],
1034 2403 1157 2449 μέγας.
1183 2402 1258 2437 Ald.
1292 2404 1374 2437 Bas.
1399 2403 1454 2436 ab.

836 2445 918 2496 ἄρ’]
946 2447 994 2495 ἄρ
1029 2451 1130 2487 Vind.
1154 2450 1199 2487 F.

835 2518 1175 2564 πληρωθήσεσθαι]
1212 2515 1456 2562 πληρωθήσε-

788 2578 851 2601 ται
873 2568 960 2602 Ven.
983 2568 1025 2601 B.

835 2632 1021 2679 ἐλπίδος,]
1058 2632 1228 2674 ἐλπίδοςς
1263 2632 1339 2667 Ald.
1373 2633 1456 2667 Bas.

788 2682 843 2717 ab.
869 2682 990 2726 Steph.

833 2746 1300 2794 Ἐλλήνων-βαρβάρων]
1328 2745 1456 2793 file—5.

787 2796 876 2832 Lob.
901 2796 1002 2832 Vind.
1025 2796 1067 2830 Β.
1092 2796 1172 2831 Vat.
1198 2794 1247 2829 Μ.

1216 2852 1264 2894 Μ
