1807 3219
307 185 390 226 112

754 183 1232 227 PLATONIS

313 292 490 338 Οὐκοῦν
523 293 577 337 σύ
609 310 712 350 μοι,
752 288 810 351 ἦν
841 293 885 338 δ’
917 294 1019 351 ἐγώ,
1050 294 1221 340 τούτων
1252 295 1416 347 αἴτιος,·
1455 297 1612 348 Καλῶς
1640 296 1692 353 γ’,

306 362 413 418 ἔφη,
449 361 531 419 ἐγώ
563 367 718 406 ποιῶν.
770 361 881 406 ἀλλά
912 365 982 407 τοί
1011 376 1058 408 σε
1089 364 1142 408 ου’
1173 363 1416 418 προδώσω,
1449 362 1549 408 ἀλλ’
1580 364 1693 420 ἀμυ-

305 435 368 473 νῶ
399 427 464 480 οἷς
496 429 712 486 δύναμαι’
746 429 940 488 δύναμαι
978 432 1024 476 δὲ
1054 431 1206 490 εὐνοίᾳ
1235 449 1280 476 τε
1310 433 1384 477 καὶ
1413 435 1472 488 τῷ
1502 447 1694 486 παρακε-

242 505 278 546 Β
310 503 353 542 λε
357 498 539 551 ύεσθαι,
576 501 651 544 καὶ
680 502 785 552 ἴσως
815 500 870 544 ἂν
900 500 1034 545 α’λλου
1054 518 1134 544 του
1156 497 1464 557 ἐμμελέστερόν
1490 510 1561 542 σοι
1582 498 1695 543 ἀπο-

303 568 554 623 κρινοίμην.
595 566 691 611 ἄλλ’
726 586 786 620 ως
826 568 934 624 ἔχων
970 574 1178 613 τοιοῦτον
1217 569 1389 625 βοηθὸν
1427 571 1564 621 πειρῶ
1603 574 1695 620 τοῖς

306 632 569 679 ἀπιστοῦσιν
609 636 906 689 ἐνδείξασθαι,
948 637 1016 681 ὅτι
1049 638 1131 694 ἔχει
1161 638 1189 695 ᾑ
1224 636 1279 680 σὺ
1317 637 1463 692 λέγεις.

1526 639 1693 692 Πειρα-

303 704 426 756 τέον,
473 698 529 760 ἦν
560 703 604 747 δ’
636 705 740 760 ἐγώ,
780 704 924 762 ἐπειδὴ
956 705 1040 749 καὶ
1062 705 1116 749 σύ
1155 704 1272 749 οὕτω
1302 704 1496 762 μεγάλην
1525 707 1694 763 ξυμμα-

304 773 405 827 χίαν
435 771 619 828 παρέχει.
656 770 897 828 ἀναγκαῖον
928 769 1010 818 οὖν
1039 791 1115 832 μοι
1147 776 1288 827 δοκεῖ,
1321 775 1357 817 εἰ
1392 773 1604 831 μέλλομέν
1633 790 1693 831 πη

304 868 400 954 Κῆν
426 872 464 909 δ’
491 872 583 921 ἐγὼ]
617 878 697 922 post
719 874 865 911 τούτων
888 877 968 912 Par.

351 963 403 1022 γ’]
428 978 467 1021 γε
492 967 591 1002 Vind.
615 968 655 1001 F.
680 967 776 1002 Flor.
802 968 846 1003 R.

353 1010 446 1046 ἄλλοί
468 1014 550 1057 τοί]
586 1010 679 1048 ἀλλὰ
698 1017 780 1056 τοῖς
802 1015 902 1053 Vind.
922 1015 966 1049 F.

306 1055 382 1093 ἀλλ’
404 1055 507 1098 οΞτοῖς
531 1061 616 1104 Ang.
638 1061 680 1096 Β.

354 1106 430 1161 τῷ]
455 1104 498 1139 τὸ
520 1107 599 1139 vat.
622 1107 668 1140 H.

358 1149 657 1196 αποκρινοίμην]
699 1148 974 1197 ἀποκρινοῦμαι

308 1197 394 1231 Lob.
419 1198 515 1232 Vind.
540 1199 580 1232 B.
605 1200 683 1233 Vat.
706 1199 784 1233 ΒΜ.

351 1237 402 1299 ᾗ]
428 1239 452 1287 ἢ
480 1244 578 1279 Vind.
605 1245 646 1277 Ε.

353 1288 396 1324 σὺ
431 1285 555 1334 οὕτω]
597 1301 655 1324 σοι
684 1286 787 1326 οὕτω
821 1291 897 1325 vat
924 1292 970 1326 H.

305 1335 365 1370 σοὶ
391 1348 422 1370 ο.
443 1337 538 1369 Flor.
563 1337 637 1370 AC.

303 1380 529 1462 FlzzraQAssQ
559 1383 726 1473 ξτῗρέςῗγηι
742 1383 968 1473 Ιῗοὺῗῖῗιξαρῗ-

303 1487 347 1519 χη
371 1474 470 1508 Vind.
497 1475 636 1508 BDEF.
672 1476 750 1508 vat.
775 1475 856 1509 ΒΜ.
883 1476 966 1509 Ven.

303 1522 342 1555 Β.
369 1522 453 1564 Ang.
479 1522 520 1555 B.
545 1522 641 1554 Flor.
665 1522 742 1555 RT.
781 1524 816 1554 et
852 1533 969 1556 corre-

303 1571 378 1602 ctus
401 1567 480 1601 Par.
506 1567 545 1601 A.
587 1565 759 1611 παρέχεις
784 1567 862 1602 Par.
889 1567 965 1601 DK.

303 1613 396 1647 Mon.
422 1614 460 1646 B.
486 1613 578 1647 Flor.
600 1614 644 1648 U.
670 1625 745 1647 cum
769 1613 868 1649 editis
888 1617 968 1648 ante

301 1660 507 1694 Bekkerum.

352 1700 443 1749 οὖν]
473 1718 538 1740 οτη.
561 1704 638 1738 Fic.

259 1783 261 1785 .
348 1749 549 1806 μέλλομέν]
568 1749 741 1794 μέλλοιμί
764 1751 857 1785 Mon.
883 1752 925 1786 Β.
951 1763 972 1786 a

302 1810 348 1833 m.
373 1810 441 1832 sec.
482 1795 603 1843 μέλλει
628 1798 701 1842 (vel
721 1795 850 1843 μέλλη)
875 1795 925 1842 μή
952 1809 973 1833 a

303 1856 347 1878 m.
373 1856 426 1889 pr.

348 1892 425 1935 πη]
450 1901 516 1923 ποι
538 1890 617 1924 vat.
642 1890 683 1925 B.
709 1902 775 1924 om.
799 1889 875 1923 Fic.

350 1933 597 1980 ἐκφεύξεσθαι
620 1937 633 1981 ]
715 1933 971 1980 ἐκφεύξασθαι

302 1982 398 2016 Flor.
424 1983 497 2016 AC.

350 2024 418 2068 οὓς
435 2027 567 2072 λέγεις]
593 2039 648 2061 eos
670 2027 746 2061 Fic.

349 2073 537 2119 λέγοντες]
584 2072 758 2117 λέγοντας
799 2073 878 2108 vat.
920 2074 966 2109 H.

302 2120 451 2165 λέγομεν
475 2121 576 2154 Vind.
600 2120 643 2154 F.

347 2168 539 2210 τολμῶμεν
579 2164 723 2211 φάναι]
770 2169 850 2210 post
888 2166 968 2200 δεῖν

303 2208 427 2257 ἄρχειν
461 2214 552 2247 Flor.
585 2213 630 2246 T.
663 2225 694 2247 τ.
727 2213 849 2255 φᾶναι
878 2212 970 2247 idem

300 2271 377 2293 cum
402 2259 501 2292 Vind.
527 2259 602 2292 DF.
628 2258 704 2292 Ald.
728 2259 807 2292 Bas
832 2260 886 2292 ab.

345 2303 576 2349 γενομένων]
629 2302 832 2348 γινομένων
880 2304 965 2339 Lob.

298 2352 399 2387 Vind.
419 2352 492 2385 BD.
515 2352 595 2385 vat.
621 2351 701 2387 BM.

346 2396 478 2442 φύσει]
526 2410 592 2432 οπι.
623 2397 708 2430 Lob.
753 2395 858 2433 Vind.
892 2396 968 2430 BD.

297 2444 403 2524 (Mhic
395 2456 429 2478 m
458 2456 504 2478 m.
528 2443 666 2488 habet.)
700 2443 786 2478 Ven.
811 2443 853 2478 B.
886 2443 967 2479 Vat.

299 2489 587 2592 Μφιλοσοφίας]
613 2533 818 2579 φιλοσοφία
839 2534 918 2570 vat.
928 2535 968 2569 B.

347 2579 404 2626 τ]
428 2594 467 2615 τε
492 2582 577 2616 Lob.
604 2582 704 2615 Vind.
728 2582 769 2615 B.

349 2625 387 2662 ἐν
410 2626 530 2671 πόλει]
555 2628 610 2661 Ita
632 2628 711 2662 Par.
739 2629 782 2662 A.
804 2627 906 2661 Vind.
922 2627 967 2662 F.

301 2674 383 2709 vat,
410 2674 448 2707 Β.
486 2675 569 2708 Ven.
597 2675 638 2708 C.
678 2676 766 2719 Ang.
790 2674 831 2708 B.
876 2674 967 2708 Flor.

301 2719 377 2756 RV.
402 2720 579 2755 Bekkerus
604 2723 639 2753 et
670 2719 706 2753 in
731 2723 812 2753 tert.
837 2719 967 2754 Astius.

303 2763 343 2800 ἐν
369 2763 515 2809 πολέμω
540 2766 638 2799 Vind.
663 2766 703 2800 B.
738 2767 816 2801 vat.
840 2766 889 2800 M.
928 2762 967 2799 ἐν

302 2810 474 2868 πολέμει,
517 2822 559 2845 ex
593 2812 721 2846 emend.
745 2825 839 2855 -ω,
882 2812 968 2847 Lob.

303 2854 342 2892 ἐν
370 2858 416 2904 τῇ
454 2855 560 2893 πόλει
593 2858 717 2904 reliqui
758 2859 892 2894 codices
933 2861 968 2892 et

1028 877 1111 912 editi
1132 881 1210 911 ante
1233 877 1453 920 Bekkaum,
1477 889 1565 923 quos
1588 878 1692 912 Stall-

1026 924 1182 958 baumius
1206 924 1279 957 sine
1303 923 1436 957 ratione
1459 925 1626 979 sequitur.

1075 967 1298 1004 ακολουθεῖν
1330 981 1369 1003 τε
1404 969 1455 1015 τῷ
1486 967 1692 1015 ἡγουμένῳ]

1026 1018 1087 1050 sed
1120 1017 1317 1051 ducentibus
1354 1017 1423 1050 illis
1461 1017 1695 1062 obtemperare

1028 1062 1104 1096 F1c.

1078 1107 1160 1151 εἴη]
1187 1110 1266 1152 post
1290 1105 1360 1151 ἔφη
1386 1107 1415 1140 Ι
1419 1107 1472 1141 ob.
1495 1107 1597 1142 Vind.
1621 1107 1693 1143 BF.

1030 1154 1109 1189 Vat.
1136 1154 1184 1187 M
1210 1154 1297 1197 Ang,
1319 1154 1360 1188 B.
1387 1153 1480 1187 Flor.
1503 1153 1545 1188 R.

1074 1200 1194 1256 τῇδε]
1216 1198 1305 1234 τόδε
1331 1199 1429 1234 Vind.
1452 1200 1494 1234 E.
1529 1200 1623 1235 Flor.
1650 1200 1692 1234 C.

1077 1236 1271 1290 αμηγέπη]
1315 1246 1370 1279 Ita
1402 1245 1504 1279 Vind.
1538 1246 1580 1280 F.
1613 1246 1692 1280 Ald.

1029 1293 1149 1337 Steph.
1175 1291 1367 1326 tacentibus
1392 1291 1435 1325 de
1458 1292 1537 1325 Par.
1562 1292 1606 1326 K.
1632 1293 1691 1326 Bi-

1027 1338 1188 1383 pontinis.
1246 1335 1414 1382 οἷμηγέπη
1462 1338 1548 1372 Lob.
1591 1338 1691 1372 Vind.

1027 1385 1135 1419 ΒΒΕ.
1161 1384 1253 1418 Μοῐι.
1279 1385 1315 1417 Β.
1348 1385 1428 1420 Bas.
1453 1384 1508 1418 ab.
1538 1384 1611 1418 Ast.
1634 1396 1691 1429 pr.

1026 1434 1063 1464 et
1084 1431 1222 1464 secund.
1266 1429 1342 1474 ἁμῇ
1362 1429 1402 1474 γέ
1417 1442 1476 1485 πῃ
1500 1431 1692 1485 ΒεΗςειἮε.

1028 1473 1197 1522 ἁμῃγέπῃ
1212 1477 1285 1511 Ast.
1302 1480 1383 1510 tert.
1403 1472 1569 1522 ἁμῃγέπῃ
1589 1477 1692 1510 Stall-

1025 1513 1192 1558 bauiuius'.
1239 1523 1400 1556 Timaeus
1434 1525 1500 1558 lex.
1523 1534 1611 1579 pag.
1627 1525 1692 1558 29.

1027 1565 1220 1612 οἷμηγέπη·
1248 1566 1302 1602 ενί
1320 1580 1359 1612 γε
1381 1566 1521 1614 τρόπῳ,
1546 1565 1569 1612 ἢ
1593 1565 1693 1603 ὁπω-

1027 1615 1130 1650 σοῦν.
1179 1615 1303 1649 Suidas
1323 1618 1358 1647 et
1389 1615 1520 1648 lexicon
1544 1615 1695 1649 Bekkeri

1027 1661 1145 1695 anecd.
1171 1672 1260 1715 pag.
1284 1662 1373 1702 387,
1402 1663 1464 1695 16:
1500 1658 1691 1716 ἀμηγέπη·

1028 1704 1291 1762 ὁπωςδήποτε,
1316 1703 1411 1740 καθ’
1436 1704 1574 1741 ὁτιοῦν.
1596 1705 1691 1763 λέγε-

1027 1765 1090 1787 ται
1120 1750 1159 1787 δὲ
1188 1752 1251 1786 καὶ
1274 1749 1497 1796 οὲμωςγέπως
1515 1752 1578 1788 καὶ
1600 1751 1692 1796 οἷμό-

1027 1801 1108 1833 θεν.
1159 1798 1286 1832 Moeris
1310 1810 1392 1854 pag.
1418 1801 1481 1833 50.
1508 1796 1691 1855 οἷμηγέπῃ,

1027 1842 1201 1883 Ἀττικῶς.
1247 1841 1493 1889 ἀμωσγέπως,
1538 1847 1692 1900 Ελληνι-

1026 1892 1110 1930 nois.
1152 1892 1302 1924 Thomas
1328 1903 1409 1936 pag.
1433 1891 1496 1926 40:
1523 1889 1691 1935 ἁμηγέπη

1026 1935 1188 1980 κάλλιον,
1214 1932 1237 1980 ἢ
1259 1933 1492 1992 ἀμωσγέπως.
1519 1938 1628 1982 δηλοῖ
1650 1935 1691 1972 δὲ

1026 1981 1069 2018 τὸ
1099 1981 1189 2017 καθ’
1218 1981 1285 2017 ε’να
1308 1982 1392 2017 τινὰ
1420 1981 1571 2027 τρόπον.
1621 1985 1692 2019 Sed

1025 2029 1111 2063 haec
1145 2029 1320 2063 sufficiunt
1353 2031 1396 2064 ad
1432 2030 1605 2074 vulgatam
1629 2030 1691 2064 ho-

1024 2087 1100 2109 rum
1132 2075 1388 2109 scribendorum
1418 2076 1691 2110 consuetudinem

1025 2122 1338 2163 demonstrandam,
1370 2133 1390 2155 a
1414 2134 1482 2167 qua
1514 2122 1689 2156 discedens

1023 2167 1202 2201 Bekkerus
1234 2168 1299 2201 hoc
1334 2167 1408 2201 loco
1444 2168 1486 2201 de
1517 2168 1690 2203 codicibus

1024 2214 1104 2246 nihil
1128 2213 1190 2247 nisi
1214 2213 1247 2247 in
1273 2214 1348 2247 Vat.
1363 2213 1403 2247 B.
1428 2214 1512 2249 Ven.
1527 2214 1567 2248 C.
1585 2214 1689 2252 Vind.

1023 2257 1064 2295 B.
1092 2260 1172 2293 Par.
1197 2259 1241 2294 K.
1266 2256 1438 2304 ἁμηγέπη
1462 2260 1529 2304 legi
1562 2264 1688 2304 monet,

1024 2306 1122 2351 quasi
1155 2305 1213 2350 qui
1243 2305 1277 2339 in
1310 2306 1451 2351 reliquis
1483 2318 1551 2340 non
1583 2307 1690 2341 solum

1024 2363 1202 2396 aspermn,
1227 2351 1287 2385 sed
1312 2352 1417 2386 etiam
1437 2352 1689 2387 circumflexum

1025 2400 1059 2431 et
1090 2398 1124 2431 in
1168 2398 1236 2432 tria
1279 2398 1477 2432 divisionem
1509 2399 1689 2434 invenerit.

1023 2444 1131 2487 Atqui
1155 2443 1383 2478 Parisiensem
1405 2446 1448 2479 A.
1474 2445 1517 2480 ad
1540 2446 1625 2501 Leg.
1645 2447 1689 2482 V.

1026 2491 1108 2526 736.
1132 2490 1176 2526 Ε.
1200 2502 1235 2535 p.
1260 2492 1342 2533 390,
1366 2490 1400 2526 4.
1424 2491 1571 2526 ostendit
1598 2489 1689 2535 ἁμη-

1024 2534 1124 2589 γέπη.
1142 2536 1252 2570 solere
1277 2536 1455 2578 exhibere,
1482 2541 1517 2570 et
1541 2537 1589 2571 sic
1612 2538 1690 2572 ubi-

1026 2594 1093 2627 que
1116 2582 1150 2615 in
1174 2583 1260 2626 Ang.
1284 2584 1326 2617 B.
1361 2583 1523 2627 scriptum
1547 2595 1622 2617 esse
1646 2584 1690 2618 ad

1024 2628 1258 2672 Leg.vl111.

1023 2677 1181 2708 testatur.

1023 2719 1058 2753 in
1084 2720 1162 2757 Par.
1186 2720 1226 2754 A.
1250 2722 1331 2756 Vat.
1353 2721 1393 2756 C.
1419 2732 1494 2754 esse
1518 2722 1627 2760 solere
1644 2723 1688 2756 ad

1022 2766 1106 2811 Leg.
1132 2767 1161 2800 I.
1187 2768 1266 2802 641.
1291 2768 1334 2803 Ε.
1357 2779 1393 2811 Ρ.
1418 2769 1498 2809 213,
1517 2769 1550 2803 6.
1573 2768 1688 2802 decla-

1022 2815 1087 2847 rat.
1135 2813 1257 2858 Itaque
1278 2793 1557 2868 quemadmodum
1584 2814 1686 2851 Polit.

1021 2871 1057 2904 p.
1079 2860 1160 2897 278.
1185 2859 1230 2894 D.
1264 2856 1339 2905 αμῇ
1358 2855 1400 2903 γέ
1419 2870 1469 2904 πῃ
1491 2863 1527 2894 et
1546 2860 1687 2905 Protag.

1292 2630 1371 2663 861.
1409 2629 1449 2663 C.
1476 2641 1522 2684 p,
1551 2631 1629 2672 135,
1655 2635 1689 2668 1.

1252 2674 1416 2708 Similiter
1462 2672 1689 2719 ἁμωσγέπως
