1807 3219
310 151 401 221 2¹⁰.

310 260 531 308 παντελῶς
574 255 740 313 ἀληθής
751 273 760 282 ·

765 146 1239 190 PLATONIS

818 262 904 301 νῦν
930 259 1016 314 γὰρ
1053 258 1184 303 οὐδὲν
1221 253 1353 316 ἦττον
1383 251 1492 314 ἦλθε
1523 257 1572 301 τὸ
1604 260 1696 302 δεῖν

251 335 285 375 E
317 326 428 372 αὐτὰ
453 328 653 370 διελθεῖν.
684 325 760 369 καὶ
788 326 840 369 τα
869 327 947 380 μὲν
978 327 1033 383 δὴ
1059 331 1148 370 τῶν
1166 330 1394 383 γυναικῶν
1416 342 1460 370 τε
1489 326 1564 369 καὶ
1593 329 1693 369 παί-

313 398 405 439 δων
434 392 719 448 πεπέρανται,
763 394 813 438 τὸ
846 394 891 438 δὲ
921 398 1010 438 τῶν
1049 392 1276 451 ἀρχόντων
1319 393 1462 449 ὥσπερ
1495 395 1536 446 ἐξ
1567 392 1700 450 ἀρχῆς

313 467 534 520 μετελθεῖν
564 464 640 505 δεῖ.
674 462 878 519 ἐλέγομεν
909 461 968 513 δ’,
999 465 1036 507 εἰ
1064 462 1372 520 μνημονεύεις,
1415 466 1507 507 δεῖν
1534 461 1702 513 αὐτοὺς

222 550 289 585 503
314 529 606 588 φιλοπόλιδάς
635 547 679 574 τε
710 532 949 586 φαίνεσθαι
979 535 1348 588 βασανιζομένους
1374 532 1420 575 ἐν
1445 528 1626 587 ἡδοναῖς
1656 547 1701 574 τε

311 600 384 643 καὶ
414 597 573 649 λύπαις
602 599 675 642 καὶ
716 598 764 642 τό
798 599 939 656 δόγμα
971 604 1103 644 τοῦτο
1133 597 1225 656 μήτ’
1261 600 1308 643 έν
1346 599 1501 650 πόνοις
1532 597 1625 655 μήτ’
1657 598 1705 642 ἐν

313 667 474 724 φόβοις
510 664 601 724 μήτ’
633 666 680 710 ἐν
718 665 830 724 ἄλλῃ
870 671 1057 726 μηδεμιᾷ
1099 670 1319 725 μεταβολῇ
1362 670 1603 723 φαίνεσθαι
1633 667 1703 710 έκ-

313 735 579 791 βάλλοντας,
608 734 637 790 ἢ
665 735 744 779 τὸν
778 735 1087 780 ἀδυνατοῦντα
1111 735 1395 790 ἀποκριτέον,
1426 736 1502 779 τὸν
1525 737 1570 779 δὲ
1594 750 1705 779 παν-

311 808 447 860 ταχοῦ
478 803 702 860 ἀκήρατον
729 803 987 859 ἐκβαίνοντα
1015 804 1157 860 ὥσπερ
1182 803 1346 860 χρυσὸν
1367 805 1412 847 ἐν
1428 805 1535 859 πυρὶ
1559 808 1698 861 βασα-

311 871 543 927 νιζόμενον
583 872 764 916 στατέον
805 873 994 930 ἄρχοντα
1033 874 1107 917 καὶ
1144 874 1252 928 γέρα
1292 873 1443 916 δοτέον
1471 872 1544 916 καὶ
1575 875 1700 925 ζῶντι

312 941 387 984 καὶ
417 942 720 997 τελευτήσαντι
761 942 836 985 καὶ
876 937 1007 986 ἀθλα.
1048 940 1211 985 τοιαῦτ’
1255 940 1360 984 ἄττα
1400 935 1457 997 ἦν
1486 940 1539 983 τοὶ
1579 942 1700 996 λεγό-

313 1068 425 1098 annot.
457 1077 491 1110 p.
526 1066 583 1099 24
616 1066 883 1100 commendatmn
915 1077 974 1099 re-

1074 1062 1156 1109 μήτ’
1188 1062 1226 1099 ἐν
1260 1063 1439 1122 πόνοις]
1463 1062 1554 1109 μήτε
1580 1063 1620 1099 ἐν
1647 1077 1684 1099 π.
1697 1072 1766 1108 503

312 1112 443 1155 cepisse
476 1112 678 1156 profitetur,
711 1113 745 1145 in
774 1116 854 1145 te1t.
891 1123 972 1145 vero
1029 1111 1126 1145 Flor.
1152 1112 1194 1145 R.
1219 1108 1301 1154 μήτ’
1325 1109 1363 1145 ἐν
1386 1109 1522 1154 φόνοις
1543 1112 1621 1167 l}as.
1640 1113 1676 1146 b.

311 1162 498 1202 praeeunte
531 1157 690 1191 Bekkero
724 1157 873 1202 lecepit‚
906 1169 974 1202 quo

311 1203 390 1236 nihil
430 1203 555 1237 vetius.

310 1249 459 1304 phanum
482 1249 590 1292 sugit,
615 1251 721 1283 verba
745 1246 768 1294 ἦ
788 1250 976 1288 παντελῶς

314 1292 462 1339 α’ληθης
496 1298 628 1328 tantum
660 1296 702 1329 ad
735 1308 813 1329 των
843 1293 976 1338 α’ρχόν-

310 1353 385 1375 των
399 1339 624 1374 κατάστασιν
650 1342 834 1386 pertinere
875 1342 978 1374 Scili-

312 1391 369 1421 cet
399 1387 659 1431 magistratuum
700 1388 977 1421 constitutionem

313 1435 477 1468 Socrates
510 1433 552 1466 L.
584 1434 651 1467 ΙΙΙ.
685 1446 727 1490 p.
744 1436 822 1468 414.
849 1434 888 1467 A.
926 1434 977 1467 ita

312 1482 606 1535 pe'rtractaveuffat
632 1492 683 1518 ως
711 1477 749 1513 ἓν
775 1477 899 1525 τύπῳ,
924 1478 973 1523 μὴ

313 1523 359 1560 δι’
393 1522 608 1570 ἀκριβείας,
632 1526 828 1570 ειρῆσθαι,
853 1526 976 1570 quibus

313 1572 426 1606 verbis
452 1572 700 1605 accurationem
718 1573 888 1617 quandam
905 1572 977 1605 eius

313 1618 365 1652 lei
380 1618 625 1662 expositionem
642 1618 856 1661 designabat,
878 1629 978 1662 quam

313 1665 346 1697 h.
383 1663 406 1696 l.
442 1663 591 1696 invidIae
624 1667 660 1697 et
692 1664 903 1698 difficultatis
934 1663 979 1696 ti-

312 1721 407 1743 more
432 1710 542 1742 adhuc
566 1711 813 1754 subtelsugisse
837 1710 980 1744 confite-

315 1759 383 1788 tur.
435 1751 459 1808 ἢ
503 1756 653 1800 ineptum
700 1768 776 1789 esse
824 1760 980 1811 apparet,

314 1801 447 1835 etiamsi
471 1812 544 1834 cum
581 1802 746 1835 Cornario
783 1801 900 1836 εἰδότι
930 1814 981 1841 ως

314 1844 508 1903 επίφθονα
533 1859 571 1881 τε
603 1847 664 1881 καὶ
697 1847 839 1891 χαλεπὰ
865 1849 978 1892 γίγνε-

314 1894 418 1936 σθαι,
443 1889 466 1937 ἢ
491 1895 681 1933 παντελῶς
704 1892 828 1939 ἀληθῆ
847 1895 979 1928 sciiba-

313 1943 392 1980 tur,
425 1951 536 1984 neque
570 1952 590 1973 a
614 1941 734 1974 Ficino
768 1945 848 1985 apte
882 1941 980 1974 reddi

313 1985 447 2030 potuit:
468 1988 647 2019 noscebam
668 1988 755 2020 em'm
770 2012 779 2028 ‚
803 2000 904 2032 quam
926 1988 979 2019 in-

314 2033 451 2065 vidiosa
469 2044 523 2065 res
545 2038 631 2066 esset
651 2035 823 2077 factuque
846 2034 978 2076 diffici-

315 2078 378 2119 lis,
401 2079 455 2111 vel
474 2079 608 2112 omniuo
627 2091 723 2112 vera.
771 2079 840 2112 Sed
867 2079 901 2112 εἰ
916 2077 979 2112 καὶ

319 2135 385 2156 11011
440 2124 549 2168 magis
603 2125 780 2168 probabile
836 2125 982 2166 videtur,

316 2180 420 2214 quum
444 2171 735 2204 accmatissimum
756 2171 916 2217 quodque
937 2172 980 2205 ob

314 2215 350 2249 id
382 2215 492 2259 ipsum
533 2220 569 2250 et
609 2216 846 2251 difficillimum
887 2219 981 2252 factu

316 2272 393 2295 esse
416 2262 534 2296 soleat.

362 2305 456 2363 γὰρ]
486 2313 600 2342 autem
624 2308 698 2342 Fic.

251 2357 285 2398 E
363 2350 487 2396 αὐτὰ]
514 2351 635 2397 αὐτὴν
659 2355 760 2389 Vind.
772 2355 812 2389 F.
837 2356 923 2400 Ang.
937 2356 978 2390 B.

315 2399 408 2434 Flor.
432 2400 506 2433 AR.
550 2398 645 2435 αὐτὸ
679 2402 800 2436 Stallb.
825 2413 894 2438 sec.
916 2413 980 2447 per

316 2445 493 2480 incuriam.

363 2488 431 2535 δή]
460 2504 525 2525 om.
550 2491 651 2527 Vind.
678 2492 720 2525 E.

363 2539 425 2581 τε]
453 2550 517 2572 om.
542 2538 628 2571 Lob.
651 2538 750 2572 Vind.
769 2538 808 2571 B.
834 2538 980 2573 Mon.B.

319 2583 398 2663 gat.
423 2584 502 2617 ΒΜ.
527 2584 697 2618 Par.DK.
722 2585 804 2618 Ven.
819 2585 859 2619 C.
885 2585 978 2620 Flor.

365 2671 404 2717 ἐξ
425 2671 562 2720 ἀρχῆς]
596 2672 748 2720 ε’ξαρχῆς
771 2674 858 2712 Lob.
881 2675 983 2712 Vind.

318 2721 553 2811 BFaiJvnuovev'
557 2768 618 2812 εις]
631 2765 875 2811 μνημονεύειν
884 2767 982 2802 Vind.

1076 1154 1158 1202 μήτ
1181 1170 1220 1192 εν
1240 1156 1344 1203 ἄλλῃ]
1371 1155 1463 1201 μήτε
1481 1155 1520 1192 ἐν
1540 1154 1577 1193 ἅ.
1599 1158 1700 1192 Vind.

613 1203 736 1248 Neque
767 1204 849 1237 illud
894 1204 975 1236 Ste-
1032 1204 1073 1237 F.

1077 1249 1286 1294 μεταβολῇ]
1309 1246 1497 1305 μεταβολη
1522 1250 1621 1284 idem.

1078 1296 1273 1350 πανταχοῦ
1294 1293 1484 1339 ἀκήρατον
1509 1293 1699 1340 ἐκβαίνον-

1034 1342 1106 1385 τα]
1136 1343 1192 1386 qui
1218 1344 1349 1386 passim
1367 1344 1517 1376 sincerus
1538 1349 1571 1377 et
1589 1344 1702 1376 incor-

1033 1394 1156 1442 ruptus
1178 1389 1295 1421 evadit
1312 1388 1386 1421 Fic.

1081 1431 1194 1478 γέρα]
1246 1432 1356 1477 ιε’ρας
1392 1433 1479 1467 Lob.
1528 1433 1628 1467 find.
1662 1434 1704 1467 Β.

1033 1481 1113 1515 Vat.
1141 1480 1188 1513 M.
1215 1481 1358 1513 Antiatt.
1384 1480 1492 1513 Bekk.
1517 1491 1550 1524 p
1561 1481 1618 1521 87,
1632 1482 1702 1514 22:

1034 1524 1143 1569 γέρα·
1179 1523 1338 1559 Πλάτων
1372 1523 1462 1571 ε’κτῳ
1493 1526 1701 1565 Πολιτείας.

1035 1572 1151 1605 Etiam
1175 1572 1214 1605 L.
1241 1572 1302 1604 III.
1330 1584 1364 1616 p.
1393 1572 1472 1606 414.
1497 1572 1537 1605 A.
1562 1573 1605 1606 V.
1621 1572 1701 1607 460.

1035 1618 1074 1651 Β.
1101 1619 1180 1652 465.
1206 1618 1352 1652 D.V11.
1378 1619 1459 1652 516.
1489 1618 1529 1651 C.

1082 1661 1348 1709 τελευτήσαντι.
1359 1676 1421 1697 και
1444 1657 1703 1699 ‹1³55anstst

1036 1708 1190 1754 τήσαντι
1211 1709 1274 1743 καὶ
1302 1709 1405 1743 αθλα
1432 1710 1507 1743 Ald.
1538 1703 1703 1755 τελευτή-

1039 1767 1156 1790 σαντι.
1175 1755 1238 1789 καὶ
1261 1750 1363 1789 ἆθλα
1392 1757 1472 1790 Bas.
1498 1757 1552 1790 ab.
1585 1759 1703 1791 τελευ-

1038 1801 1203 1846 τήσαντι.
1225 1801 1287 1836 καὶ
1308 1798 1402 1836 ἄλλα
1420 1802 1519 1837 Vind.
1537 1803 1569 1836 E
1600 1799 1703 1837 —c'i

1036 1850 1124 1883 θλα.
1154 1849 1247 1882 Μοῐι.
1273 1849 1311 1882 Β.
1360 1849 1496 1882 Vitiosa
1525 1849 1704 1894 interpun-

1037 1895 1149 1928 ctione
1171 1898 1251 1939 post
1266 1892 1523 1949 τελευτήσαντι
1540 1895 1704 1950 deceptans

1035 1941 1177 1974 Ficinus
1209 1941 1386 1986 sequentia
1428 1952 1608 1985 perperam
1651 1941 1701 1975 sic

1036 1987 1227 2020 convertit.
1285 1988 1448 2022 Praemia
1490 1999 1571 2021 vero
1609 1989 1702 2022 talia

1035 2034 1128 2074 sint,
1177 2034 1295 2077 qualia
1339 2034 1562 2067 communiter
1604 2035 1702 2068 dicta

1036 2085 1139 2118 sunt,
1164 2080 1311 2112 breviter
1337 2081 1400 2113 hoc
1427 2085 1647 2123 percurrente
1666 2085 1702 2114 ct

1039 2126 1138 2169 quasi
1148 2126 1402 2170 tergiversante
1418 2137 1582 2167 sermone,
1600 2127 1701 2170 quip-

1033 2183 1081 2215 pe
1098 2183 1172 2204 cum
1193 2183 1259 2212 res,
1284 2178 1321 2206 ut
1342 2184 1431 2205 nunc
1449 2177 1540 2216 sunt,
1566 2184 1702 2207 movere

1037 2218 1243 2251 timeremus.

1082 2263 1215 2296 τοιαῦτ
1217 2258 1343 2306 ἀττα]
1358 2260 1587 2297 τοιαῦταττα
1598 2264 1702 2299 Vind.

1036 2309 1114 2342 EF.
1137 2309 1213 2342 Ald.
1248 2309 1327 2342 Bas.
1358 2321 1389 2342 a.
1424 2309 1584 2343 τοιαῦτα
1606 2305 1703 2344 ἄττα

1038 2355 1138 2389 Vind.
1163 2356 1205 2391 B.
1233 2355 1324 2390 Flor.
1349 2356 1394 2389 T.
1427 2356 1587 2390 τοιαῦτα
1607 2352 1703 2391 α’ττοι

1036 2401 1122 2434 Lob.

1076 2443 1464 2501 παρακαλυπτομένου
1480 2448 1494 2493 ]
1544 2474 1568 2492 ,,
1581 2460 1701 2493 παρα-

1036 2490 1275 2573 Ξάμῖςττεσθαι
1316 2494 1464 2528 sortasse
1510 2495 1590 2530 Par.
1635 2498 1704 2529 A.“

1068 2552 1086 2572 e

1038 2604 1385 2689 ΑΙπειέοβημένου]
1437 2600 1765 2655 πεφοβημένονΒ

1172 2665 1209 2688 as
1245 2665 1265 2687 a

1085 2707 1350 2755 Ἅληθέστατα]
1381 2712 1473 2747 Vera
1490 2711 1563 2746 Fic.

1084 2766 1296 2812 μέμνημαι]
1330 2766 1513 2814 μέμνησαι
1534 2769 1631 2804 Flor.
1656 2770 1703 2807 U.

1041 2817 1096 2856 et,
1130 2826 1207 2860 sup.
1233 2827 1253 2850 a
1276 2826 1321 2848 m.
1348 2827 1375 2850 s.
1401 2827 1446 2860 μ,
1473 2815 1566 2851 Mon.
1589 2817 1631 2851 B.
