1807 3219
382 182 413 223 C
433 182 452 222 l
471 182 508 223 V
532 182 552 223 1
571 183 606 223 T
625 183 669 224 A
688 184 719 225 S
761 183 882 225 LIB.
908 182 1000 224 VH.
1020 187 1093 229 ,517

1372 182 1453 221 261

75 289 278 336 ἀκούειν·
307 292 412 343 θεὸς
441 292 488 336 δέ
517 308 606 336 που
637 292 781 346 οἶδεν,
826 297 864 339 εἰ
896 293 1062 350 ἀληθὴς
1099 286 1210 335 οὖσα
1239 291 1451 347 τυγχάνει.

73 360 128 403 τὰ
159 359 207 404 δ’
241 355 326 405 οὖν
354 360 449 415 ἐμοὶ
481 361 729 417 φαινόμενα
760 363 877 406 οὕτω
907 365 1132 418 φαίνεται,
1172 360 1219 403 ἐν
1248 363 1311 416 τῷ
1339 376 1453 415 γνω-

71 433 158 489 στῷ
195 431 418 474 τελευταία
461 428 498 486 ἦ
519 433 603 474 τοῦ
633 429 811 485 οἷγαθοῦ
848 431 942 475 ἰδέα
970 431 1044 475 καὶ
1087 428 1213 486 μόγις
1241 428 1449 484 ὁρᾶσθαι.

70 496 262 554 ὀφθεῖσα
304 498 349 540 δὲ
389 496 670 553 συλλογιστέα
709 495 841 549 εἶναι,
904 499 963 550 ὥς
1003 497 1088 552 ἄρα
1125 501 1233 541 πᾶσι
1271 497 1450 541 πάντων
1477 501 1509 542 G

75 566 184 624 αὕτη
217 564 366 620 ὀρθῶν
395 582 438 609 τε
469 569 543 609 καὶ
571 570 718 617 καλῶν
750 568 887 613 αἰτία,
930 568 976 610 ἕν
1004 584 1048 610 τε
1078 565 1222 624 ὁρατῷ
1253 569 1347 621 φῶς
1377 566 1452 609 καὶ

68 635 148 679 τὸν
187 634 351 679 τούτου
393 633 555 688 κύριον
594 639 783 678 τεκοῦσα
823 635 870 679 ἕν
905 652 950 679 τε
992 639 1134 693 νοητῷ
1168 633 1277 691 αὕτη
1316 636 1452 690 κυρία

68 702 282 760 ἀλήθειαν
319 703 393 746 καὶ
437 708 550 748 νοῦν
585 703 914 761 παρασχομένη,
969 704 1042 748 καὶ
1082 703 1150 747 ὅτι
1187 705 1256 746 δεῖ
1286 701 1449 759 ταύτην

32 764 41 777 ’
67 773 176 816 ἰδεῖν
204 771 283 816 τὸν
310 771 521 827 μέλλοντα
553 771 783 829 ἐμφρόνως
812 772 994 829 πράξειν
1023 773 1053 830 ἢ
1082 773 1173 830 ἰδίᾳ
1202 770 1447 829 ἢδημοσίᾳ.

112 921 378 966 δεσμωτηρίου]
404 923 645 968 δεσμοτηρίου
656 935 730 957 cum

66 980 96 1001 ω
118 979 221 1012 super
246 980 265 1002 ο
288 969 388 1002 Vind.
415 969 457 1004 Ε.

112 1006 396 1059 ἀφομοιοῦντα]
447 1013 731 1062 ἀφομοιοῦντας

65 1061 192 1150 pogii:
194 1107 337 1151 ψυχῆς]
373 1120 438 1143 om.
458 1108 558 1142 Vind.
583 1108 623 1142 Ε.
650 1108 729 1142 Vat.

64 1151 108 1186 H.
132 1153 312 1188 Flor.AC.
338 1158 373 1187 et
397 1167 416 1187 a
440 1166 484 1188 m.
508 1165 560 1201 p'r.
586 1156 670 1187 Yen.
685 1155 729 1188 Β.

110 1218 334 1267 ἁμαρτήσει]
370 1222 426 1256 lta
461 1222 648 1257 Pana-AD.
682 1227 729 1264 et,

63 1279 138 1313 sup.
163 1279 229 1312 ση,
262 1269 308 1303 Κ.
346 1268 444 1302 Vind.
477 1269 522 1303 F.
566 1270 651 1302 ven.
687 1269 727 1303 C.

62 1317 148 1357 Aug.
175 1315 216 1348 B.
250 1315 329 1349 vat.
354 1315 399 1348 H.
433 1315 524 1348 Flor.
552 1315 727 1349 ACRTV.

62 1361 180 1394 Iambl.
207 1361 281 1394 cod.
295 1360 369 1395 Ciz.
395 1366 430 1394 et
453 1361 506 1394 ed.
531 1372 585 1415 pr
611 1372 725 1404 ομαρ-

61 1404 164 1450 τήσει
186 1407 305 1443 Iambl.
330 1407 402 1440 cod.
427 1407 537 1441 Paris.
563 1402 727 1450 αμαρτή-

61 1463 106 1508 ση
130 1453 230 1488 Vind.
253 1453 294 1487 B.
331 1453 424 1487 Mon.
449 1453 521 1487 BC.
559 1453 652 1486 Flor.
680 1454 724 1488 U.

62 1495 284 1543 ἁμαρτήσεις
336 1498 460 1544 reliqui
508 1499 643 1533 codices
692 1504 726 1532 et

61 1545 226 1579 editiones
250 1548 329 1578 ante
348 1546 562 1584 Bekkerum.
588 1557 630 1578 ex
649 1545 727 1589 qui-

60 1592 125 1625 bus
160 1591 386 1635 Kiesslingius
421 1591 510 1624 idem
540 1591 725 1625 Iamblicho

59 1636 320 1683 impertiendum
343 1637 488 1682 putavit.

89 1706 176 1763 τῆξ
197 1703 228 1749 ν’
248 1703 357 1750 ἐμῆς]
381 1706 448 1749 τῆς
464 1716 503 1749 2⁸
508 1702 614 1761 Ηὲμῆς
638 1705 723 1740 Lob-

59 1751 127 1796 τῆς
149 1749 237 1796 ἐμῆς
270 1753 367 1786 Vind.
393 1752 436 1786 Ε.
479 1752 545 1795 τῆς
571 1749 600 1785 6⁹
622 1748 722 1795 ἐμῆς,

60 1810 80 1831 e
105 1810 192 1832 corr.
234 1798 303 1842 τῆς
314 1796 414 1852 ἐμῆς
431 1823 457 1851 ,
466 1798 559 1832 Μοιι.
583 1798 621 1830 Β.
657 1799 724 1841 τῆς

62 1841 261 1899 αληθείαςὲ,
274 1840 369 1889 αὐτὴ
386 1838 500 1887 (αὕτη
513 1844 566 1878 ed.
575 1843 702 1879 Kiessl.
707 1846 723 1888 )

60 1887 104 1924 δέ
119 1902 192 1924 που
213 1886 313 1924 ου’τω
333 1890 507 1934 φαίνεται
526 1895 595 1925 etc.
605 1890 725 1926 Iambl.

59 1937 194 1971 omissis
217 1934 423 1988 ἐλπίδος-
433 1933 655 1980 φαινόμενα.

106 2002 257 2050 ἐπειδὴ]
280 2001 360 2040 ἐπεὶ
381 2005 462 2040 Par.
485 2005 529 2039 K.

106 2073 322 2119 ἐπιθυμεῖς]
348 2072 527 2118 ἐπιθυμεῖ
544 2075 631 2109 idem
655 2087 724 2110 sec.

59 2121 137 2166 Bip.
161 2119 366 2166 ε’πηθυμεῖς
391 2121 468 2156 Ald.

106 2186 223 2232 θεὸς]
254 2190 307 2223 ‘Ad
330 2190 364 2223 h.
388 2190 411 2223 l.
437 2190 529 2224 Mon.
554 2190 595 2224 B.
620 2190 654 2223 iu
678 2201 721 2224 ιιι.

31 2247 36 2255 ’
60 2248 81 2270 a
105 2247 146 2269 ιιι
172 2247 222 2291 pr.
249 2236 379 2291 scripta
402 2237 486 2269 haec
511 2236 632 2270 habet:
657 2248 721 2270 κα-

60 2279 124 2321 λός
149 2279 274 2337 λέγεις.
302 2279 320 2315 ὁ
349 2279 444 2320 θεὸς
470 2279 595 2315 πάντα
617 2278 721 2338 ἤδεν.

60 2325 138 2362 ἄλλ’
160 2339 205 2362 ου
228 2328 370 2383 δίκνησι
386 2325 431 2361 τοὶ
448 2328 584 2370 ψευδεῖ
601 2327 664 2362 καὶ
674 2325 720 2361 τοὶ

62 2371 206 2417 dmm,
235 2370 346 2408 ὁπίαε
379 2377 415 2407 et
436 2373 470 2407 in
505 2374 573 2407 ima
597 2375 722 2418 pagina

60 2421 164 2461 haec,
199 2420 320 2463 quibus
352 2420 432 2453 boni
456 2431 545 2465 quae
569 2420 722 2475 sequitur

59 2445 246 2522 descriptio
271 2466 367 2520 carpi
391 2465 546 2499 videtur:
552 2462 668 2511 ὁμοῦ
680 2463 720 2499 δε

58 2509 184 2546 πάντα
208 2509 247 2545 ἐν
262 2509 350 2546 τόδε
366 2510 409 2546 τὸ
431 2509 515 2555 μέρι
535 2525 562 2545 ω
578 2511 721 2556 γενναῖε

59 2558 288 2602 συνίθρισας.
312 2558 509 2601 ποιητικῆν
530 2558 593 2592 καὶ
614 2570 722 2602 ριτω-

0 2603 1 2606 ’
59 2604 188 2659 ρικῆν,
212 2603 276 2637 καὶ
298 2604 524 2660 σοφιστικὴν.
545 2600 628 2638 ὅστε
647 2604 723 2646 δίξε

60 2648 364 2694 ἁναγκαζώμενος
385 2676 394 2693 ,
433 2648 504 2695 τὴν
539 2647 723 2697 οἷκρίβηαν

59 2695 445 2787 τῆὲῧαθῖηζῖτὲῗῖηγθῖἷ
463 2742 558 2776 Μοιι.
586 2742 628 2777 C.

105 2809 304 2856 τυγχάνει]
353 2822 530 2855 τυγχανοι
564 2811 650 2846 idem
688 2815 722 2846 et

61 2855 159 2890 Vind.
184 2858 226 2891 B.

834 922 879 957 τὰ
899 921 937 957 δ’
960 916 1051 967 οὖν]
1077 922 1220 957 ταδοῦν
1246 921 1344 958 Vind.
1370 921 1411 953 F

833 970 1020 1012 φαίνεται,
1024 971 1036 1014 ]
1060 970 1237 1003 Editiones
1260 972 1339 1001 ante
1356 968 1449 1000 Bek—

787 1015 906 1050 kerum
954 1028 1015 1061 pro
1062 1022 1227 1049 commate
1268 1014 1362 1048 colon
1394 1015 1448 1047 vel

786 1066 947 1107 punctum
979 1063 1128 1102 habent,
1176 1072 1318 1115 quorum
1351 1059 1448 1104 prius

785 1109 869 1142 ferri
902 1112 1036 1153 potest,
1069 1109 1150 1153 quia
1186 1103 1286 1141 ου’τω
1321 1106 1447 1151 paitim

786 1156 829 1187 ad
854 1155 1031 1199 sequentia
1051 1155 1208 1199 pertinet.
1236 1153 1347 1197 Magis
1366 1163 1448 1185 velo

786 1201 828 1234 ad
877 1201 1113 1234 antecedentia
1158 1201 1373 1233 referendum
1413 1203 1448 1231 et

785 1248 874 1291 quod
900 1247 1054 1292 sequit-ur
1078 1258 1141 1292 pro
1160 1246 1367 1298 appositione
1385 1244 1446 1278 ha-

785 1293 950 1334 bendum,
987 1294 1040 1327 cui
1066 1305 1193 1326 comma
1217 1291 1329 1337 aptius
1351 1290 1446 1325 vide-

784 1344 852 1374 tur.
901 1340 956 1373 Cf.
982 1351 1015 1384 p.
1042 1340 1120 1373 528.
1147 1341 1188 1373 A.

830 1407 1034 1451 τελευταία]
1060 1408 1252 1440 τελευταῖα
1263 1406 1358 1439 Vind.
1372 1406 1444 1439 EF.

782 1453 861 1488 Bas.
898 1455 952 1487 ab.
1000 1467 1036 1487 τ
1025 1454 1216 1492 λευταίως
1250 1452 1369 1486 Iambl.
1400 1472 1445 1476 -—

782 1500 923 1533 Pmclus
961 1500 995 1532 in
1020 1500 1094 1533 Οἰι
1135 1511 1166 1543 p.
1192 1500 1278 1534 433:
1318 1494 1376 1532 ὅτι
1404 1495 1444 1532 δὲ

782 1545 845 1580 καὶ
862 1543 975 1579 πάλιν
983 1546 1204 1602 δαιμονίως
1227 1545 1378 1600 εἰρηται,
1389 1555 1444 1577 τε-

783 1593 954 1625 λευταίαν
976 1589 1014 1625 ἐν
1031 1593 1081 1638 τῷ
1100 1591 1250 1638 γνωστῷ
1263 1589 1334 1634 τὴν
1354 1587 1443 1633 α’γα-

781 1638 859 1672 θοῦ
894 1637 999 1672 ἰδέαν
1034 1627 1199 1681 ὁρᾶσθαι
1246 1636 1308 1670 καὶ
1339 1635 1445 1680 μόγις

783 1683 865 1729 (καὶ
884 1697 954 1742 γαρ
972 1685 1085 1719 τοῦτο
1104 1682 1356 1738 προσέθηκεν)
1379 1684 1443 1737 δῆ-

781 1732 846 1765 λον
879 1728 927 1764 &v
959 1728 1105 1775 γένοιτο
1136 1728 1310 1775 νοήσασι,
1346 1726 1445 1764 ὸιότι

780 1781 933 1867 Εἵειδεά]
961 1820 1062 1857 εἴδεα
1086 1824 1115 1857 V
1119 1823 1183 1856 ind.
1202 1822 1245 1856 F.

827 1887 956 1936 αὕτη]
1005 1889 1100 1936 αὐτὴ
1135 1891 1222 1926 Lob.
1269 1891 1368 1925 Vind.
1400 1891 1440 1925 F.
1473 1893 1504 1936 C

781 1938 860 1974 Par.
893 1938 1056 1982 D.1Ang.
1084 1940 1123 1972 B.
1158 1939 1237 1972 Vat.
1262 1937 1311 1971 M.
1349 1938 1441 1980 (non

779 1983 872 2037 Μοιι.
897 1984 937 2018 Β.
961 1997 1060 2030 quem
1083 1985 1262 2018 Bekkerus
1285 1989 1442 2029 quartum

780 2030 976 2122 ὃόἓὲοέτῷ]
1001 2076 1052 2123 τῷ
1077 2073 1264 2121 69.Ia1nbl.
1282 2076 1355 2110 cod.
1368 2075 1440 2109 Ciz.

781 2127 816 2155 et
839 2122 892 2156 ed.
917 2111 1042 2157 Kiessl.

826 2191 1007 2236 τεκοῦσα]
1047 2191 1218 2226 τεκοῦσα.
1252 2190 1328 2225 Ald.
1360 2191 1440 2225 Bas.

780 2238 835 2271 ab.
859 2238 1035 2272 τεκοῦσα·
1061 2238 1179 2282 Steph.

825 2285 970 2329 νοητῷ]
995 2284 1047 2330 τῷ
1070 2285 1254 2327 vo.(Ven.
1281 2282 1439 2317 B.F10r.

777 2320 1031 2374 ACRTUV.)
1060 2324 1178 2364 lambi.
1211 2331 1264 2365 ed.
1306 2340 1357 2374 pr.
1405 2333 1441 2361 et

777 2376 902 2409 Kiessl.
926 2377 1001 2411 Ald.
1026 2381 1061 2409 et
1081 2377 1231 2420 reliquae
1250 2380 1328 2408 ante
1349 2375 1440 2408 Bek—

777 2423 895 2455 keium
920 2434 983 2456 nec
1006 2435 1073 2456 non
1097 2421 1310 2456 Stallbaumii
1332 2433 1386 2466 pr.

824 2487 895 2524 αὐτ
896 2488 1021 2535 ἠ]Ιΐ,ιι
1045 2491 1131 2525 Lob.
1154 2491 1254 2524 Vind.
1280 2491 1320 2523 F.
1345 2489 1438 2524 Mon.

776 2537 819 2570 Β.
844 2538 922 2572 Vat.
948 2538 988 2570 Β.
1022 2537 1102 2571 Par.
1126 2537 1202 2571 DK.
1236 2549 1303 2570 sec.
1328 2536 1438 2570 Bekk.

778 2583 865 2636 Ang.
888 2584 928 2618 B.
959 2583 1055 2617 Flor.
1084 2583 1128 2618 U.
1165 2580 1260 2626 αυτῆ
1285 2583 1371 2617 Ven.
1397 2583 1437 2616 C.

779 2625 876 2672 αὕτη
901 2629 1025 2674 reliqui
1055 2630 1189 2662 codices
1222 2640 1296 2662 cum
1320 2629 1437 2663 Iambl.

778 2680 813 2708 et
837 2675 937 2709 editis
960 2680 1040 2709 ante
1063 2676 1111 2708 Be
1097 2676 1268 2709 kkemm.

825 2719 1098 2766 παρασχομένη]
1111 2717 1340 2765 παρεχομένη
1352 2722 1436 2755 lam-

779 2767 878 2800 blich.
906 2769 980 2801 cod.
1006 2768 1079 2802 Ciz.
1105 2772 1141 2801 et
1163 2768 1216 2801 ed.
1239 2768 1367 2802 Kiessl.

824 2814 901 2858 δεῖ]
931 2827 994 2847 om.
1022 2814 1136 2847 Iambl.
1162 2814 1237 2848 cod.
1261 2813 1335 2846 Ciz.

827 2860 1008 2907 δημοσία]
1035 2859 1235 2904 δημοσίους
1255 2859 1354 2894 idem.
