1807 3219
274 146 359 186 326

733 136 1208 183 PLATONIS

274 270 381 309 ρον,
410 253 489 309 τὴν
518 252 598 308 μὲν
626 250 807 309 πρώτην
836 256 999 308 μοῖραν
1029 247 1265 305 ἐπιστήμην
1302 252 1474 299 καλεῖν,
1514 250 1658 294 δευτέ-

183 324 253 361 534
278 338 361 376 ραν
392 320 438 364 δὲ
469 318 696 372 διάνοιαν,
736 322 886 375 τρίτην
917 319 963 363 δὲ
992 320 1138 362 πίστιν
1168 318 1242 361 καὶ
1283 318 1479 361 εἰκασίαν
1508 317 1661 374 τετάρ-

273 406 377 445 την,
418 389 492 432 καὶ
526 387 835 444 ξυναμφότερα
871 387 951 443 μὲν
987 390 1123 431 ταῦτα
1161 385 1317 438 δόξαν,
1357 385 1667 442 ξυναμφότεραι

275 457 322 502 δ’
355 458 498 501 ἐκεῖνα
528 455 709 513 νόησιν,
741 457 815 500 καὶ
846 454 981 508 δόξαν
1019 454 1098 511 μὲν
1135 454 1236 508 περὶ
1275 454 1468 509 γένεσιν,
1509 453 1669 511 νόησιν

276 525 324 570 δὲ
352 525 454 580 περὶ
484 523 666 578 οὐσίαν,
716 524 791 568 καὶ
834 523 902 569 ὅτι
942 522 1071 568 οὐσία
1104 521 1216 578 πρὸς
1253 522 1451 579 γένεσιν,
1511 521 1670 580 νόησιν

279 695 376 730 Plato
401 693 550 728 Theaet.
584 706 621 752 p.
647 696 723 730 190.
749 695 790 729 C.
813 693 861 729 το“
888 691 943 728 λέ-

277 752 353 785 γειν
370 738 467 784 πρὸς
490 738 627 775 ἑαυτὸν
655 738 822 783 δοξάζειν
848 740 943 781 dicit,

281 799 399 822 nomen
424 798 559 832 quoque
584 788 719 832 aliquod
740 788 830 822 intus
855 766 945 831 apud

280 833 426 868 animum
450 834 724 877 pionuntiantem
743 845 870 878 poneie
887 834 944 865 de·

280 881 398 913 bemus
431 891 525 920 eum,
561 880 620 924 qui
655 880 807 923 cogitat,
855 877 944 924 quod

281 936 402 959 nomen
435 924 604 959 diversum
640 938 717 959 esse
748 925 868 970 nequit
901 925 944 959 ab

282 983 342 1012 eo,
375 971 470 1023 (Ῑιιηοᾱ
496 971 604 1013 idem,
647 983 749 1017 quum
784 971 946 1025 lpquitur‚

283 1029 344 1051 ore
365 1016 501 1050 emittit.
549 1018 726 1058 Quomodo
759 1017 865 1061 igitur
888 1028 948 1050 ore

282 1063 535 1108 pionuntiatum
569 1076 689 1097 nomen
732 1063 780 1097 ita
815 1063 947 1096 demum

281 1109 458 1162 probabile
487 1109 554 1144 dici
586 1114 718 1154 potest,
764 1109 792 1143 si
824 1109 948 1143 interni

282 1155 425 1189 nominis
457 1159 492 1187 et
528 1156 693 1189 sermonis
727 1155 949 1199 significatio-

285 1213 361 1235 nem
396 1201 575 1245 perspicue
608 1214 684 1247 exp}
679 1202 795 1244 fimat,
843 1212 947 1245 quum

281 1248 394 1293 ipsum
426 1246 508 1280 illud
539 1247 708 1282 internum
732 1248 777 1281 sit
811 1252 846 1281 et
868 1252 949 1280 tan-

283 1297 352 1327 tum
377 1305 416 1326 eo
442 1293 604 1335 differat,
651 1294 741 1339 quod
774 1305 834 1327 ore
867 1304 950 1338 pro-

281 1339 483 1373 nuntiatur?
534 1340 634 1380 Quae
681 1340 816 1385 quidem
861 1339 949 1373 ratio

281 1385 432 1419 Bekkeri
477 1386 669 1430 scripturae
713 1398 780 1420 non
828 1385 949 1426 minus,

282 1443 383 1476 quam
417 1431 556 1464 cuilibet
590 1432 647 1466 illa
682 1438 835 1466 extrema
867 1431 950 1464 reti-

282 1477 376 1512 nenti
412 1478 627 1511 vehementer
651 1481 830 1523 repugnat.
880 1476 946 1511 His

284 1523 419 1558 accedit
433 1524 531 1576 quod
556 1523 591 1556 in
625 1524 778 1558 Platonis
807 1523 950 1567 dialogis

287 1581 388 1614 quum
413 1570 585 1625 negationi
609 1581 768 1604 assensus
792 1582 855 1615 per
879 1571 949 1603 for-

283 1616 406 1648 mulam
451 1612 496 1649 ov'
530 1613 602 1659 γὰρ
638 1616 707 1650 miv
751 1617 950 1661 pr,aebetur

283 1673 452 1706 nunquam
476 1662 665 1697 assentiens
688 1662 869 1716 quicquam
886 1661 949 1695 ad-

285 1707 356 1749 dit,
401 1708 491 1752 quod
527 1719 569 1741 ex
601 1708 772 1742 contrario
808 1709 949 1753 petitam

286 1754 400 1798 negati
424 1753 685 1799 descriptionem
709 1758 881 1788 contineat
894 1753 949 1788 id-

286 1812 354 1845 que
378 1811 447 1847 per
464 1800 725 1833 affirmationem
759 1812 835 1834 cum
867 1811 951 1845 par-

286 1846 392 1880 ticula
425 1841 517 1879 ἀλλὰ
550 1846 704 1880 definiat.
764 1847 862 1880 Unus
895 1849 951 1880 est

287 1892 473 1937 sophistae
507 1892 600 1926 locus
629 1893 730 1937 isque
775 1892 949 1926 admodum

287 1938 410 1972 dubiae
444 1938 600 1972 lectionis
647 1944 683 1972 et
730 1950 952 1983 personarum

285 1984 530 2026 distinctionis,
554 1984 614 2029 qui
638 1988 872 2039 exceptionem
890 1985 952 2018 ad-

285 2031 390 2064 ditam
414 2031 536 2072 habet,
548 2042 606 2086 p.
629 2032 708 2066 240.
735 2031 783 2064 B:
809 2028 856 2065 ου’
876 2029 949 2074 γὰρ

287 2076 377 2111 οὐν·
402 2074 500 2120 πλήν
527 2073 558 2120 γ’
583 2073 725 2110 εἰπών’
713 2072 842 2116 ὄντως.
889 2076 951 2110 Bis

287 2134 408 2157 novum
432 2127 467 2156 et
490 2122 557 2156 alio
576 2126 734 2168 spectans
753 2122 950 2157 subiicitur.

287 2168 390 2202 Polit.
422 2180 500 2213 pag.
524 2170 603 2203 266.
628 2171 678 2224 A:
711 2166 756 2203 οὗ
778 2167 848 2213 γὰρ
870 2168 951 2203 οὐν.

290 2212 383 2249 ἀλλὰ
414 2227 487 2248 τινι
517 2213 561 2258 δὴ
595 2213 645 2249 τιὸ
679 2212 752 2249 δύο
782 2215 948 2270 διαιροῦ-

285 2272 376 2305 μεν;
403 2264 438 2294 et
461 2261 588 2294 Phileb.
616 2273 647 2306 p.
671 2263 725 2297 16
740 2261 787 2295 B:
813 2258 858 2296 οὐ
867 2259 951 2315 γὰρ

288 2306 379 2349 οὖν,
405 2306 433 2339 ω’
463 2307 575 2341 παῖδε
564 2319 616 2347 ς,
641 2303 693 2346 ὡς
722 2318 843 2363 φησιν
853 2303 952 2350 ὑμᾶς

286 2351 580 2408 προσαγορεύων
597 2353 767 2409 Φίληβος.
797 2365 842 2387 ου
876 2352 952 2398 μὴν

289 2397 364 2433 ἔστι
384 2399 540 2433 καλλίων
561 2396 653 2439 ὁδὸς
669 2405 736 2434 etc.
785 2400 952 2434 Nonnun-

287 2457 389 2490 quam
421 2447 562 2478 verbum
594 2458 636 2480 ex
672 2457 878 2491 praegressa
901 2446 953 2479 al-

289 2491 398 2524 terius
435 2491 503 2524 inte
502 2492 684 2526 rlocutoris
717 2492 874 2526 oratione
898 2503 955 2525 re-

289 2537 439 2592 petitur:
475 2537 551 2571 Civ.
576 2538 616 2572 L.
641 2538 702 2571 ΙΙΙ.
740 2550 775 2583 p.
799 2539 878 2572 388.
903 2538 952 2571 Ε·

293 2594 338 2617 ου
365 2581 438 2627 γὰρ
472 2583 541 2617 οὐν
570 2584 637 2619 δεῖ,
670 2588 706 2618 et
735 2585 780 2618 ib.
803 2585 883 2619 397.
909 2584 952 2618 Ε.

292 2630 334 2663 V.
367 2630 446 2665 454.
481 2630 523 2663 B.
556 2630 660 2675 Hipp.
695 2630 772 2664 mai.
806 2632 886 2664 299.
910 2630 953 2663 D.

291 2676 437 2710 Theaet.
461 2676 539 2710 205.
567 2677 615 2710 D:
651 2673 697 2710 οὐ
718 2674 790 2720 γὰρ
816 2676 885 2710 miv
906 2673 954 2719 δὴ

292 2722 479 2765 φαίνεται.
526 2721 730 2768 Plemmque
759 2734 841 2756 vero
874 2721 956 2755 nihil

293 2772 432 2812 praeter
465 2767 533 2801 tria
567 2769 625 2802 illa
657 2769 766 2802 verba
797 2768 954 2813 ponitur.

294 2814 369 2848 Civ.
396 2814 438 2847 ΙΙ.
463 2815 543 2849 375.
560 2817 599 2848 A.
624 2816 706 2851 376.
722 2815 765 2849 D
789 2814 853 2849 111.
873 2813 950 2849 394.

1000 694 1044 728 Ε.
1069 694 1149 729 398.
1174 692 1215 725 D.
1241 692 1320 726 IIII.
1346 693 1424 728 439.
1451 693 1490 726 B.
1517 694 1559 729 V.
1583 692 1666 729 465.

999 741 1041 774 B.
1068 740 1128 772 VI.
1150 740 1229 773 508.
1241 739 1280 772 Β.
1302 739 1410 772 nostri
1433 739 1512 773 libri
1535 751 1570 784 p.
1589 741 1668 775 523.

1001 787 1043 821 Ι).
1071 787 1151 820 526.
1179 785 1219 818 C.
1244 786 1321 819 534.
1347 785 1389 818 Ι).
1414 786 1514 821 V.111
1527 788 1607 821 556.
1626 786 1669 820 C.

1002 832 1046 866 X.
1069 833 1146 867 603.
1163 831 1201 865 A.
1228 831 1421 876 Ειιῐῑι)ρΙιι·.
1443 834 1475 865 2.
1494 832 1534 865 Β.
1555 833 1668 866 Phae-

1002 879 1077 913 don.
1107 879 1163 913 93.
1192 878 1233 912 Ε.
1259 876 1335 911 104.
1361 878 1401 910 C.
1427 878 1575 912 Theaet.
1588 881 1665 912 160.

1001 925 1043 958 Α.
1070 926 1148 958 171.
1172 924 1213 957 Β.
1249 925 1325 958 182.
1350 924 1393 958 Ε.
1421 925 1496 958 185.
1522 925 1562 957 Α.
1589 924 1668 960 186.

1003 971 1047 1005 Ε.
1083 971 1190 1014 (189.
1223 970 1272 1003 B:
1308 966 1353 1004 οὗ
1383 968 1453 1013 γὰρ
1482 964 1553 1004 οὖν
1585 968 1666 1014 δή.)

1006 1018 1083 1051 193.
1111 1017 1154 1050 1).
1185 1018 1267 1051 203.
1304 1016 1346 1049 Ε.
1388 1016 1492 1061 Soph.
1516 1017 1595 1051 233.
1624 1017 1667 1050 Ε.

1002 1063 1082 1097 252.
1107 1065 1149 1096 Α.
1174 1063 1252 1097 256.
1277 1062 1316 1095 Α.
1350 1062 1437 1097 Phil.
1465 1064 1518 1097 17.
1544 1064 1585 1097 C.
1608 1064 1666 1098 30.

1006 1110 1046 1142 C.
1071 1111 1128 1143 42.
1143 1109 1182 1141 C.
1211 1109 1318 1141 Alcib.
1328 1108 1356 1141 Ι.
1372 1110 1502 1143 134.Α.
1527 1109 1667 1142 Charm.

1006 1156 1082 1191 167.
1109 1155 1152 1189 Ε.
1196 1154 1277 1197 Lys.
1310 1156 1388 1189 215.
1422 1156 1464 1189 B.
1513 1157 1590 1190 218.
1625 1156 1665 1190 A.

1004 1201 1089 1245 Leg.
1115 1201 1143 1235 I.
1169 1202 1247 1236 627.
1275 1200 1315 1234 C.
1340 1201 1418 1235 634.
1436 1201 1478 1235 D.
1503 1201 1566 1234 111.
1587 1203 1667 1236 696.

1006 1248 1046 1281 C.
1071 1248 1183 1281 Parni.
1210 1248 1287 1282 134.
1311 1247 1353 1281 Β.
1381 1248 1509 1282 138.Β.
1539 1249 1670 1283 139.Α.

1006 1294 1047 1328 C.
1072 1294 1116 1328 E.
1154 1293 1231 1328 140.
1256 1293 1296 1326 Β.
1338 1293 1414 1328 146.
1440 1293 1483 1328 Ε.
1527 1295 1604 1329 147.
1630 1295 1669 1328 Α.

1007 1342 1085 1375 149.
1118 1341 1159 1374 Α.
1193 1340 1234 1372 D.
1274 1340 1351 1374 154.
1378 1340 1419 1373 C.
1454 1340 1531 1375 156.
1559 1340 1600 1374 C.
1625 1341 1670 1374 D.

1008 1388 1085 1422 158.
1111 1386 1151 1419 Β.
1179 1387 1256 1420 162.
1280 1386 1323 1420 D.
1350 1387 1428 1420 163.
1453 1387 1492 1420 B.
1520 1387 1599 1421 164.
1623 1386 1669 1420 Ε.

1007 1434 1084 1467 166.
1110 1433 1149 1465 Α.
1183 1432 1328 1465 Phaedr.
1352 1434 1433 1466 277.
1459 1432 1501 1465 Ε.
1550 1433 1676 1477 Itaque

1006 1481 1144 1524 praeter
1166 1478 1445 1511 consuetudinem
1463 1478 1675 1513 Platonicam

1004 1526 1111 1559 verba
1129 1520 1203 1557 ἀλλ’
1228 1519 1248 1557 ὃ
1273 1520 1320 1557 ἄν
1340 1521 1459 1567 μόνον
1479 1527 1545 1558 etc.
1558 1528 1677 1558 assuta

1005 1571 1175 1605 videntur.
1221 1570 1379 1615 Denique
1412 1582 1478 1603 non
1510 1572 1618 1604 solum
1642 1570 1677 1604 in

1004 1617 1080 1651 Ald.
1106 1617 1187 1650 Bas.
1214 1628 1246 1649 a.
1271 1617 1393 1661 Steph.
1416 1617 1477 1650 sed
1501 1617 1591 1650 haud
1611 1616 1679 1650 du-

1008 1663 1066 1697 bie
1090 1662 1193 1696 etiam
1215 1662 1250 1695 in
1275 1663 1359 1696 Ven.
1379 1663 1421 1697 B.
1446 1663 1570 1696 omissa
1588 1666 1678 1702 sunt,
1697 1672 1709 1680 ⁴

1005 1720 1105 1754 quem
1138 1707 1287 1742 codicem
1318 1720 1422 1753 supra
1458 1721 1489 1753 p.
1516 1710 1595 1743 532.
1630 1709 1674 1744 C.

1005 1756 1091 1789 Aldo
1115 1754 1328 1798 glossematis
1351 1754 1536 1800 recipiendi
1555 1758 1672 1788 aucto-

1004 1813 1078 1836 rem
1102 1801 1276 1834 exstitisse
1295 1801 1451 1842 vidimus,
1477 1801 1571 1835 cuius
1581 1801 1673 1835 Bek-

1005 1849 1111 1882 kerus
1135 1858 1209 1880 cum
1233 1847 1399 1892 Stephani
1422 1846 1553 1881 scilicet
1576 1850 1674 1881 textu

1006 1906 1029 1928 a
1052 1905 1090 1927 se
1125 1893 1240 1926 collati
1275 1905 1386 1938 neque
1417 1893 1520 1927 ullam
1552 1894 1595 1927 ab
1632 1905 1674 1928 eo

1007 1939 1272 1984 discrepantiam
1306 1939 1497 1973 exhibentis
1530 1939 1674 1974 mentio-

1008 1997 1083 2021 nem
1114 1987 1232 2019 facere
1267 1986 1391 2019 oblitus
1426 1991 1503 2027 est,
1539 1990 1674 2019 tantum

1006 2031 1219 2076 Stephanum
1249 2031 1320 2066 ista
1357 2031 1516 2066 omittere
1541 2031 1673 2078 signifi-

1008 2089 1100 2113 cans.

1055 2117 1147 2167 οὖν]
1173 2135 1239 2157 om.
1266 2122 1347 2157 Bas.
1358 2123 1393 2157 b.
1417 2123 1511 2167 γοῦν
1535 2124 1614 2157 Par.
1631 2123 1672 2157 A.

1008 2170 1109 2206 Vind.
1133 2169 1205 2204 ΒΕ
1230 2169 1323 2203 Mon.
1349 2170 1391 2204 C.
1415 2171 1502 2205 V.en
1528 2170 1568 2205 B.
1593 2171 1673 2206 Vat.

1008 2217 1054 2251 H.
1079 2216 1169 2261 quod
1193 2215 1236 2249 ad
1261 2227 1406 2260 sequens
1431 2213 1547 2259 ἕωμεν
1572 2219 1607 2249 et
1631 2215 1676 2250 ad

1007 2262 1281 2304 affirmationem,
1305 2274 1403 2307 quam
1423 2262 1593 2307 posterior
1611 2262 1675 2295 hu-

1007 2310 1062 2344 ius
1086 2308 1251 2342 sermonis
1284 2320 1365 2353 pars
1396 2309 1539 2353 habet„
1568 2307 1675 2352 magis

1008 2354 1315 2395 accommodatum,
1357 2366 1458 2399 quam
1492 2354 1581 2397 οὐν,
1630 2355 1674 2388 ob

1008 2400 1287 2445 significationem
1311 2405 1427 2434 tamen
1450 2401 1586 2434 admitti
1611 2412 1672 2433 ne-

1009 2447 1108 2492 quit,
1151 2447 1216 2480 nisi
1249 2448 1338 2480 forte
1369 2448 1577 2481 voluntatem
1611 2457 1675 2491 pro

1008 2493 1150 2527 ratione
1165 2493 1263 2539 sequi
1284 2494 1462 2527 Socratem
1481 2493 1674 2527 statuimus.

1009 2539 1133 2584 Itaque
1167 2540 1237 2573 οὐν
1270 2540 1471 2581 tenendum,
1503 2543 1541 2573 ut
1564 2539 1600 2572 in
1624 2538 1675 2571 in-

1010 2585 1261 2629 terrogatione,
1294 2598 1382 2631 quae
1411 2586 1445 2619 in
1470 2584 1674 2619 affirmatio—

1010 2643 1086 2665 nem
1110 2635 1221 2666 exeat.
1245 2633 1301 2665 Cf.
1327 2632 1401 2668 Vol.
1422 2633 1448 2667 Ι.
1477 2644 1509 2676 p.
1536 2632 1616 2672 294,
1640 2631 1675 2664 b.

1010 2722 1038 2757 B
1055 2675 1098 2711 τὸ
1123 2676 1330 2759 πὶρόέἰροῖι]
1356 2690 1462 2724 τοπρ.
1488 2678 1573 2712 Lob.
1599 2657 1675 2711 Ald.

1041 2735 1091 2758 aS.
1115 2735 1135 2757 a
1248 2736 1292 2780 ep

1057 2767 1237 2814 δευτέραν
1258 2768 1322 2814 δὲ]
1347 2768 1417 2815 τὴν
1439 2767 1479 2805 δὲ
1496 2766 1676 2813 δευτέραν

1014 2813 1106 2849 Flor.
1132 2817 1175 2849 T.
