1807 3219
342 113 425 153 164

787 103 1263 147 PLATONIS

342 219 519 278 άληθῶς
558 216 821 275 φιλοσόφων
859 216 997 274 φύσιν
1036 216 1111 260 καὶ
1147 215 1191 267 ἐξ
1229 212 1422 270 ἀνάγκης
1453 214 1723 298 ὡρισάμεθα.

279 290 344 330 E’
342 290 504 340 Ἑστιν,
542 287 651 344 ε’φη,
692 290 840 330 ταῦτα.

906 285 1075 342 Ταύτης
1104 283 1184 341 δὴ,
1222 284 1279 339 ἡν
1310 281 1350 326 δ’
1383 282 1493 338 ἐγω,
1532 287 1607 340 τῆς
1636 285 1724 341 φύ-

341 370 447 408 σεως
477 358 544 400 δεῖ
569 354 821 399 θεάσασθαι
852 353 929 405 τὰς
959 354 1156 410 φθορὰς,
1197 369 1256 404 ως
1286 351 1511 396 διόλλυται
1542 353 1589 396 ἐν
1617 359 1724 398 πολ-

340 431 458 476 λοῖς,
493 422 679 480 σμικρὸν
709 422 756 466 δέ
784 438 827 465 τι
854 421 1079 479 ἐκφεύγει,
1109 420 1187 472 οὓς
1217 420 1270 476 δὴ
1299 420 1373 463 καὶ
1405 419 1459 463 οὐ
1489 423 1725 477 πονηροὺς,

342 491 585 549 ἀχρήστους
616 490 662 534 δε
691 493 900 534 καλοῦσι·

956 492 1030 535 καὶ
1066 506 1170 546 μετα
1209 493 1340 533 τοῦτο
1371 483 1428 532 αὖ
1461 506 1538 540 τας
1568 506 1728 546 μιμου-

251 577 316 611 491
341 561 475 619 μένας
506 558 671 614 ταύτην
700 558 774 601 καὶ
804 560 863 610 εἰς
891 558 940 603 τό
981 558 1245 614 ἐπιτήδευμα
1284 557 1607 613 καθισταμένας
1648 555 1727 600 αὐ-

339 633 442 685 τῆς,
490 625 582 672 οἷαι
623 621 754 670 οὖσαι
795 625 951 683 φύσεις
988 631 1141 683 ψυχῶν
1171 628 1231 677 εἷς
1271 624 1451 677 ἀνάξιον
1478 626 1552 669 καὶ
1579 629 1728 682 μεῖζον

339 696 509 741 ἑαυτῶν
538 694 860 752 ἀφικνούμεναι
888 694 1152 752 ἐπιτήδευμα
1180 698 1374 750 πολλαχῆ
1393 697 1726 751 πλημμελοῦσαι

339 767 537 821 πανταχῆ
572 765 647 808 καὶ
687 763 757 808 ἐπὶ
793 763 961 815 πάντας
998 762 1131 816 δόξαν
1171 766 1270 807 οἵαν
1309 764 1444 820 λέγεις
1481 762 1727 818 φιλοσοφίᾳ

339 837 589 890 προσῆψαν.

341 912 413 945 σοι
428 932 441 952 ,
483 898 608 944 εἶπον
619 933 632 954 ,

654 835 788 884 Τίνας
820 834 890 885 δὲ,
921 832 1028 888 ἔφη,
1058 831 1134 883 τὰς
1156 831 1406 889 διαφθοράς
1435 830 1591 887 λέγειςς
1617 828 1726 885 Ἐγώ

673 900 727 944 ἂν
758 899 852 953 οἷός
885 917 930 944 τε
959 901 1175 957 γένωμαι,

1230 900 1491 955 πειράσομαι
1521 900 1724 942 διελθεῖν.

338 969 440 1013 τόδε
476 970 557 1026 μὲν
599 963 706 1022 οὖν,
752 967 900 1025 οἶμαι,
938 973 1023 1020 πᾶς
1054 968 1160 1024 ἡμῖν
1192 966 1478 1025 ὁμολογήσει,
1516 965 1727 1022 τοιαύτην

340 1038 479 1095 φύσιν
509 1037 583 1082 καὶ
611 1035 755 1080 πάντα
785 1037 994 1093 ε’χουσαν,
1041 1036 1123 1081 ὅσα
1162 1036 1487 1091 προσετάξαμεν
1529 1039 1614 1079 νῦν
1644 1034 1710 1091 δὴ,
1725 1047 1794 1082 472

280 1116 316 1158 Β
343 1109 379 1151 εἰ
412 1107 566 1157 τελέως
593 1106 743 1161 μέλλοι
784 1105 1034 1161 φιλόσοφος
1072 1105 1301 1160 γενέσθαι,
1342 1103 1538 1160 ὀλιγάκις
1568 1105 1616 1146 ἐν
1646 1101 1726 1146 οἷν-

338 1173 538 1230 θριόποις
576 1175 772 1230 φύεσθαι
814 1173 888 1218 καὶ
926 1170 1085 1230 ὀλίγας.
1132 1171 1269 1230 ἢούκ
1302 1174 1406 1222 οἴεις
1445 1171 1638 1228 Σφόδρα
1665 1187 1727 1228 γε.

387 1344 556 1390 άληθῶς]
582 1342 633 1385 ὥς
656 1343 714 1380 α’λ.
740 1345 838 1380 Vind.
849 1345 888 1379 B.
911 1344 1006 1379 Mon.

339 1392 379 1427 B.
403 1393 500 1428 Flor.
516 1393 562 1426 U.
587 1392 711 1427 Stallb.
736 1404 788 1437 pr.

387 1435 425 1480 ἐξ
446 1435 632 1493 α’νάγκης]
661 1436 755 1479 ἔξαν.
780 1436 879 1471 Vind.
906 1437 981 1471 BE.

281 1492 316 1532 E
341 1482 628 1565 Βθεάσασθαι]
666 1481 877 1518 &edessae-aa
918 1484 1006 1528 Ang.

387 1573 564 1631 φθορὰς]
613 1576 768 1619 φθορᾶς
814 1575 914 1610 Vind.
964 1574 1005 1608 F.

341 1620 562 1676 διαφθορὰς
586 1623 671 1665 Aug.
698 1623 735 1655 Β.
761 1621 853 1656 Flor.
881 1622 958 1655 RT.

388 1666 590 1712 διόλλυται]
618 1665 815 1701 διώλλυται
840 1667 938 1701 Vind.
963 1666 1005 1700 F.

340 1713 532 1757 διόλληται
569 1715 668 1747 Vind.
707 1715 746 1748 E,
795 1711 1007 1748 διόλλυνται

339 1762 420 1795 Par.
451 1760 496 1794 K.
533 1772 601 1794 sec.
635 1760 709 1805 Bip.
767 1760 806 1793 In
840 1760 932 1793 Mon.
965 1761 1005 1793 B.

340 1807 484 1841 alterum
516 1808 536 1840 λ
570 1818 591 1840 a
624 1818 667 1840 m.
693 1818 720 1841 s.
745 1806 804 1840 int.
829 1817 918 1839 vers.
945 1805 1007 1839 ad-

340 1853 460 1887 ditum.

387 1894 454 1937 οὓς
482 1895 554 1941 δὴ]
602 1899 691 1931 Ante
737 1897 822 1931 haec
868 1898 1006 1931 Ficinus

340 1956 482 2024 πὲἒῐιιέςῖ
496 1950 530 1979 et
563 1945 626 1978 hoc
662 1945 1005 1979 animadvertendum

340 2003 361 2025 a
409 2002 454 2023 ιι

386 2035 478 2079 μετὰ
507 2035 643 2079 τοῦτο]
676 2035 880 2078 μετατοῦτο
904 2035 1005 2071 Vind.

341 2082 415 2116 BE.
441 2083 533 2116 Μοιι.
559 2083 596 2114 Β.
624 2082 697 2115 Ald.
721 2083 800 2116 Bas.
825 2083 879 2115 ab

391 2128 440 2161 αὐ
470 2126 561 2171 τὰς]
601 2125 720 2167 αὐτὰς
763 2128 863 2161 Vind.
895 2127 936 2161 F.
970 2130 1006 2160 et

344 2174 544 2207 scholiastes
576 2167 916 2217 sec.Ruhnk.(oc13
937 2172 1006 2213 τὰς

345 2231 414 2254 sec.
430 2220 566 2275 Bekk.)

252 2271 318 2306 491
341 2311 384 2345 Β
390 2263 532 2310 αὐτῆς]
557 2262 711 2310 αὐτοῖς,
737 2278 811 2311 sup.
837 2277 903 2309 ης,
929 2265 1006 2300 Vat.

389 2354 539 2423 φύσεις]
566 2355 691 2402 φύσης
716 2357 809 2392 Mon.
835 2358 874 2392 B.
910 2369 931 2392 a
962 2368 1007 2391 m.

368 2414 396 2437 r.

344 2414 366 2449 p
399 2445 672 2491 ἀφικνούμεναι
693 2450 706 2494 ]
785 2446 1012 2493 ἀφικόμεναι

344 2494 448 2528 schol.
496 2494 537 2528 In
570 2496 664 2529 Mon.
701 2496 742 2529 B.
777 2506 798 2529 ο
833 2507 853 2529 a
886 2507 929 2529 m
955 2505 1009 2540 pr.

343 2539 512 2574 omissum.

389 2586 582 2630 πολλαχῆ]
606 2586 791 2630 πολλαχοῦ
816 2587 894 2621 Par.
918 2585 962 2619 K.

390 2633 578 2677 πανταχῆ]
593 2634 785 2676 πανταχοῦ
801 2632 902 2667 idem.
924 2644 1009 2677 pas-

344 2678 409 2711 sim
431 2677 504 2710 Fic.

391 2722 455 2757 καὶ
477 2720 537 2757 ἐπὶ
553 2720 720 2768 πάντας]
745 2723 807 2758 καὶ
833 2721 1006 2757 ἐπιπάντ.

348 2768 447 2803 Vind.
463 2769 507 2804 E.
530 2781 595 2804 om.
622 2770 698 2803 Fic.

1109 1343 1344 1391 φιλοσοφίᾳ]
1401 1344 1605 1388 φιλοσοφία
1652 1343 1726 1378 Ald.

1065 1390 1246 1480 B³‹3S{J³t‹'5'⁷>
1274 1436 1373 1471 Vind.
1399 1436 1437 1470 B.
1464 1436 1542 1470 vat.
1566 1436 1616 1472 M.

1110 1480 1349 1526 διαφθορας]
1375 1480 1562 1526 διαφορὰς
1589 1483 1668 1517 Vat.
1688 1482 1727 1517 B.

1063 1527 1251 1584 διαφορᾶς
1281 1528 1381 1562 Vind.
1406 1529 1450 1562 E.

1061 1570 1181 1656 Βλὲῐὶν]
1218 1573 1284 1608 ἐὰν
1318 1575 1404 1608 Lob.
1438 1574 1535 1610 Vind.
1569 1575 1611 1608 B.
1647 1575 1728 1609 vat.

1108 1664 1346 1710 πειράσομαι]
1373 1664 1604 1710 πειράσωμαι
1627 1666 1727 1701 Vind.

1061 1713 1103 1748 F.
1128 1716 1212 1756 Aug.
1239 1713 1277 1746 B.
1302 1713 1394 1746 Flor.
1420 1713 1463 1746 R.

1061 1827 1092 1861 F
1110 1778 1349 1826 ὁμολογήσει]
1377 1779 1601 1826 ὁμολογῆσαι
1623 1782 1726 1816 Vind.

1106 1871 1252 1918 πάντα]
1288 1870 1404 1907 πάντ’
1437 1874 1526 1907 idem
1564 1879 1600 1907 et
1639 1886 1724 1908 unus

1060 1920 1115 1953 vel
1147 1920 1260 1964 plures
1305 1920 1620 1962 Bekkerhnomm,
1667 1921 1725 1966 qui

1062 1971 1175 1999 notam
1200 1966 1320 1999 omisit.
1370 1966 1492 1999 Fuerit
1515 1967 1600 2008 Ang.
1624 1967 1666 2002 B.

1060 2079 1096 2113 P
1107 2032 1384 2077 προσετάξαμεν
1400 2035 1413 2078 ]
1468 2032 1724 2079 προετάξαμεν

1091 2091 1139 2113 ar.
1167 2080 1208 2113 K.

1110 2124 1181 2169 δὴ]
1208 2123 1270 2167 δε,
1296 2138 1367 2171 sup.
1394 2138 1440 2169 η,
1466 2125 1567 2161 Vind.
1591 2127 1631 2162 F.

1108 2170 1259 2216 τελέως]
1286 2172 1430 2212 τελείως
1454 2172 1550 2211 Μοῐι,Ξ
1566 2173 1605 2206 B.
1630 2173 1724 2208 Flor.

1110 2261 1258 2308 μέλλοι]
1306 2261 1426 2307 μέλλει
1463 2264 1543 2299 Par.
1575 2265 1619 2299 K.
1653 2277 1722 2300 sec.

1064 2310 1141 2355 Βὶρ.
1168 2311 1283 2343 Astius
1316 2311 1350 2343 in
1384 2314 1462 2343 tert.
1489 2316 1525 2344 et
1547 2311 1723 2345 Staubau·

1066 2357 1151 2390 mius
1171 2360 1355 2400 praeeunte
1376 2356 1564 2390 Matthiaeo
1582 2369 1722 2400 gramm.

1066 2414 1100 2447 p.
1124 2404 1203 2437 942.
1241 2407 1276 2435 et
1307 2402 1539 2435 Heindorfimn
1571 2403 1614 2436 ad
1638 2403 1724 2436 Par-

1065 2460 1150 2482 men.
1177 2450 1209 2491 §.
1235 2450 1290 2483 71.
1314 2447 1463 2481 conferri
1486 2448 1639 2500 iubente,
1663 2449 1724 2492 qui

1065 2495 1224 2528 nonnulla
1248 2494 1400 2538 exempla
1419 2493 1575 2527 dictionis
1594 2486 1629 2527 εἰ
1641 2494 1722 2537 με’λ-

1067 2542 1118 2573 λει
1142 2541 1315 2585 apposuit,
1348 2540 1383 2573 in
1413 2539 1536 2584 quibus
1565 2540 1725 2575 indicati-

1065 2598 1128 2619 vus
1151 2587 1210 2625 ita,
1235 2592 1274 2620 ut
1297 2587 1371 2624 inso
1396 2586 1506 2619 Parm.
1532 2587 1617 2627 loco,
1641 2599 1723 2622 sane

1064 2633 1259 2687 requiritur.
1306 2633 1435 2666 Nostro
1461 2631 1534 2665 loco
1559 2632 1622 2665 etsi
1640 2633 1725 2666 ferri

1063 2676 1183 2721 μέλλει
1219 2685 1358 2723 posset,
1391 2683 1504 2711 tamen
1533 2679 1657 2721 με’λλοι
1679 2680 1722 2712 ob

1063 2724 1284 2768 praeteritum
1312 2721 1588 2767 προσετάξαμεν
1623 2724 1724 2769 plane

1060 2769 1246 2815 legitimum
1267 2774 1330 2805 est.
