1807 3219
333 110 417 150 298

332 217 392 273 μὴ
427 219 560 275 δοκῇς
600 214 792 272 ἄχρηστα
830 218 1068 274 μαθήματα
1098 219 1396 275 προστάττειν.

782 105 1257 151 PLATONIS

1446 220 1492 262 τὸ
1523 220 1547 262 ὃ
1557 217 1566 234 '
1602 220 1716 263 ἔστιν

332 285 388 330 οὐ
416 284 539 328 πάνυ
571 289 769 341 φαῦλον,
801 283 912 329 ἄλλα
941 287 1129 342 χαλεπόν
1157 293 1406 340 πιστεῦσαι,
1439 286 1506 330 ὅτι
1534 287 1581 329 ἐν
1610 287 1715 331 τού-

329 371 421 405 τοις
453 359 545 405 τοῖς
592 353 849 410 μαθήμασιν
889 354 1075 400 ἑκάστου
1115 355 1311 414 ὄργανόν
1342 374 1384 400 τι
1423 360 1562 413 ψυχῆς
1589 355 1713 399 ἐκκα-

265 430 297 470 Ε
328 424 530 478 θαίρεταί
558 438 602 465 τε
631 422 704 465 καὶ
735 420 1078 478 ἀναζωπυρεῖται
1098 423 1402 481 ἀπολλύμενον
1421 425 1495 468 καὶ
1514 422 1711 479 τυφλού-

328 507 463 546 μενον
492 489 580 533 ’ὑπὸ
611 494 701 533 τῶν
732 488 875 534 ἄλλων
904 492 1279 549 ἐπιτηδευμάτων,
1313 497 1511 547 κρεῖττον
1545 491 1597 535 ὂν
1628 503 1711 535 σω-

324 562 465 614 θῆναι
482 560 653 613 μυρίων
677 558 907 615 ὀμμάτων·
938 561 1060 620 μόνῳ
1084 561 1166 618 γὰρ
1194 560 1314 619 αὐτῷ
1335 560 1519 617 ἀλήθεια
1542 559 1711 614 ὁρᾶται.

327 624 394 677 οἷς
437 627 517 680 μὲν
558 621 643 670 οὖν
681 632 819 671 ταῦτα
863 629 1066 680 ξυνδοκεῖ
1101 629 1330 687 ἀμηχάνως
1371 629 1430 681 ὥς
1481 623 1530 672 εὖ
1573 627 1713 679 δόξεις

325 695 488 751 λέγειν,
529 694 628 739 ὅσοι
660 696 706 740 δὲ
734 696 898 741 τούτου
936 700 1115 756 μηδαμῇ
1145 697 1388 756 ᾐσθημένοι
1417 699 1550 750 εἰσὶν,
1595 698 1708 740 εἰκό-

324 844 386 878 uel
410 841 583 890 ἄφρων.)
620 858 641 879 a
676 846 878 881 Ruhnkenio
913 847 987 881 illu-

322 895 467 925 stxatam
491 891 688 935 significavi.

369 934 423 981 εἷ]
451 937 486 971 εἷ
507 918 606 973 find.
632 939 675 971 E.

371 981 532 1028 δεδιότι]
566 985 619 1018 De
650 985 713 1018 hoc
748 983 863 1018 dativo
898 987 988 1020 conl'.

324 1029 542 1064 Heindorfius
568 1031 611 1064 ad
637 1031 731 1064 Crat.
758 1042 792 1074 p.
817 1033 895 1065 416.
922 1032 963 1065 Ε.

369 1076 507 1121 δοκῇς]
545 1076 666 1116 δοκεῖς
698 1077 864 1111 F101·.U.
901 1081 937 1111 et
968 1090 989 1110 a

325 1133 367 1155 m.
394 1135 445 1167 pr.
472 1123 564 1156 Mon.
590 1124 632 1157 B.

367 1167 597 1223 μαθήματα]
619 1166 718 1211 τάμ.
743 1169 822 1203 Par.
847 1169 891 1202 K.

368 1213 410 1248 τὸ
432 1213 472 1248 δ’
484 1216 497 1258 ]
523 1212 605 1249 τόδ’
629 1215 704 1250 Ald.
723 1216 801 1249 Bas.
816 1216 870 1249 ab.
896 1213 984 1249 τοὸἐ

320 1262 408 1294 Lob.
433 1259 537 1294 τοῦδ’
563 1261 663 1294 Vind.
687 1262 731 1295 κ.
755 1262 867 1295 τοῦδε
889 1262 981 1295 Flor.

319 1308 425 1341 ACR.
450 1305 619 1341 τοῦτοδ’
646 1308 744 1340 Vind.
771 1308 815 1342 Ε.
840 1309 925 1352 Ang.
939 1309 981 1343 Β.

367 1351 486 1398 ἔστιν]
516 1355 553 1387 In
578 1354 678 1387 editis
704 1357 783 1387 ante
807 1355 983 1388 Stallbau—

319 1400 376 1433 mii
400 1412 468 1433 sec.
494 1397 592 1450 ἐστὶν
614 1400 778 1444 sc1iptun1
803 1404 875 1442 est,
915 1413 982 1446 quo

317 1446 374 1480 ille
398 1446 504 1480 tacite
528 1447 561 1480 in
582 1444 677 1479 ἐστιν
696 1450 826 1480 mutato
847 1458 983 1480 sensum

318 1492 383 1526 loci
414 1494 488 1525 fere
525 1493 690 1533 eundem,
738 1503 838 1547 quem
873 1494 983 1534 Theo,

318 1549 395 1572 esse
429 1538 571 1573 statuit:
606 1540 718 1583 lepide
751 1540 849 1584 agiS,
883 1551 984 1584 quum

316 1586 429 1619 vereri
460 1586 632 1627 videaris,
669 1596 713 1618 ne
738 1585 890 1619 homines
918 1598 984 1629 pu—

317 1637 391 1666 tent
418 1636 453 1665 te
481 1633 618 1665 inutiles
647 1632 850 1675 disciplinas
878 1643 977 1675 prae>

316 1678 472 1712 scribere.
520 1678 613 1711 Illud
650 1689 730 1711 vero
768 1678 864 1711 haud
900 1689 983 1711 sane

310 1725 437 1767 facile,
463 1725 523 1757 sed
535 1724 679 1766 difficile
699 1729 750 1757 est
771 1725 818 1756 ad
838 1735 982 1767 persua-

317 1771 488 1810 dendum,
514 1770 605 1803 hisce
621 1771 813 1813 disciplinis
833 1772 898 1804 etc.
915 1780 984 1814 qua

317 1816 606 1860 interpretatione
641 1816 796 1849 adhibita
830 1827 896 1848 non
921 1828 983 1860 ap-

317 1866 437 1906 paret,
462 1874 526 1906 quo
551 1863 624 1895 iure
649 1863 810 1895 Socrates
831 1862 982 1895 Glauco-

317 1920 393 1942 nem
416 1909 507 1942 istud
526 1912 700 1941 verentem
720 1908 982 1952 reprehendere,

316 1958 378 1988 aut
411 1955 498 1988 hanc
533 1954 770 1997 intelligendae
810 1954 981 1996 utilitatis,

316 2012 418 2044 quam
453 2001 540 2034 istae
583 2000 782 2044 disciplinae
822 2001 982 2042 habeant,

315 2047 551 2080 difficultatem
597 2058 769 2091 opponere
807 2046 982 2091 speciosae

315 2104 433 2126 earum
455 2093 629 2126 inutilitati
653 2093 814 2137 potuerit.
860 2093 981 2136 ltaque

315 2139 380 2172 hoc
401 2139 514 2183 potius
538 2139 654 2172 dicere
677 2139 832 2172 videtur:
858 2145 896 2173 tu
922 2151 982 2172 ve-

313 2187 402 2219 reris
417 2211 426 2228 ‚
451 2197 492 2218 ue
512 2186 649 2219 inutiles
663 2186 863 2229 disciplinas
875 2196 981 2229 prae-

315 2233 429 2275 cipere
451 2232 627 2273 videaris,
653 2244 755 2275 quum
777 2237 893 2265 tamen
915 2232 982 2264 mi·-

315 2280 407 2311 m'me
435 2279 741 2319 contemnendam,
775 2289 980 2322 quamquam

314 2325 364 2358 ad
398 2325 603 2357 credendum
632 2325 811 2366 difficilem
842 2325 981 2357 utilita-

312 2376 382 2405 tem
411 2371 501 2403 hanc
524 2371 697 2412 habeant,
733 2371 824 2414 quod
854 2373 919 2403 etc.
945 2371 980 2401 et

312 2417 364 2451 ita
388 2416 521 2449 demum
545 2413 642 2449 ἐστιν
668 2420 784 2460 aptmn
809 2419 843 2448 et
862 2425 982 2448 neces-

310 2462 440 2496 sarium
464 2465 537 2501 est,
562 2465 602 2494 ut
622 2464 735 2506 paullo
763 2465 841 2495 ante
866 2461 909 2494 ad
937 2461 979 2494 A.

312 2487 624 2542 demonstravimus.
653 2507 852 2541 Nicomachi
874 2507 981 2540 intex-

314 2555 484 2598 pretatio,
518 2554 547 2587 si
571 2554 706 2598 integra
730 2557 804 2596 est,
838 2554 936 2598 longe
960 2565 981 2587 a

315 2612 397 2633 vero
423 2600 608 2634 aberravit.

363 2643 543 2690 ἑκάστου]
580 2646 632 2679 lta
656 2646 735 2679 Par.
759 2646 866 2679 ΑΒΚ.
892 2645 981 2679 Lob.

316 2692 414 2725 Viud.
444 2693 515 2725 EF.
542 2693 635 2727 Mon.
661 2693 699 2724 B.
727 2693 866 2725 Ven.C.
892 2693 979 2735 Ang-

316 2739 356 2772 B.
384 2739 461 2771 vat.
488 2738 536 2771 M.
563 2741 598 2771 et
622 2750 641 2772 a
665 2750 709 2772 m.
735 2750 788 2783 pr.
812 2739 852 2772 B.
886 2737 979 2772 Flor.

317 2784 419 2818 ACR.
447 2784 545 2819 Theo
571 2788 607 2818 et
630 2785 850 2827 scholiastes,
876 2780 978 2828 (ἑκά-

1048 857 1137 881 στου
1169 845 1309 891 ἀνδρὸς
1334 848 1402 881 τοῦ
1429 843 1711 891 μανθάνοντος)

1047 906 1131 938 quos
1155 895 1276 927 merito
1301 897 1437 927 secutus
1456 897 1509 927 est
1529 904 1604 925 cum
1616 893 1710 925 Astio

1046 941 1079 973 iu
1104 944 1182 974 tert.
1211 939 1469 975 Stallbaumius.
1494 938 1635 983 Reliqui
1653 949 1708 971 co-

1047 986 1140 1020 dic‹s
1182 990 1216 1019 et
1255 986 1338 1019 editi
1374 983 1538 1023 εκάστοις
1573 984 1710 1026 habent,

1046 1033 1136 1087 qumi
1161 1033 1265 1065 etiam
1289 1031 1513 1086 ambignitate
1535 1030 1630 1063 labm
1633 1033 1678 1065 at

1094 1074 1254 1122 ὄργανόν
1276 1079 1333 1122 τι]
1360 1074 1524 1121 ὄργανόν
1543 1087 1581 1109 τε
1607 1076 1706 1110 Vind.

1042 1125 1116 1158 EF.
1151 1125 1237 1168 A.ng
1269 1125 1446 1158 B.F.10r
1480 1123 1552 1156 AC.
1587 1122 1709 1166 quibus

1042 1170 1287 1204 Stallbamnius
1319 1170 1413 1204 Flos.
1439 1171 1480 1204 V.
1516 1168 1630 1209 addit,
1667 1180 1709 1201 ex

1041 1229 1108 1261 quo
1133 1220 1252 1261 postea
1278 1211 1443 1260 ὄργανόν
1463 1228 1499 1249 τι
1509 1215 1574 1259 τῆς
1593 1214 1707 1248 affert.

1041 1263 1186 1296 Videtur
1205 1274 1243 1296 τε
1268 1275 1330 1306 pro
1354 1275 1390 1295 τι
1414 1262 1449 1295 in
1474 1262 1566 1295 Flor.
1589 1261 1632 1294 R.
1652 1271 1708 1293 re-

1040 1313 1174 1353 pertum
1205 1309 1333 1351 fuisse,
1367 1320 1403 1342 τι
1428 1308 1496 1352 τῆς
1519 1308 1552 1341 in
1578 1308 1620 1340 V.
1646 1318 1706 1340 ex-

1039 1359 1142 1389 state.

1086 1402 1150 1445 τε]
1179 1413 1214 1434 τι
1237 1401 1323 1434 Lob.

1085 1449 1252 1491 κρεῖττον
1282 1459 1326 1481 ον
1363 1447 1451 1491 etc]
1501 1445 1751 1490 PlutarchusE

1041 1493 1241 1538 symposiac.
1268 1493 1309 1526 L.
1331 1493 1425 1526 VIII.
1451 1492 1559 1547 piobl.
1580 1494 1612 1526 2.
1638 1502 1705 1544 quo

1041 1539 1201 1594 quaerit,
1233 1539 1314 1578 πῶς
1333 1537 1490 1572 Πλάτων
1516 1535 1570 1571 ελε
1573 1548 1610 1581 γε
1640 1533 1708 1570 τὸν

1041 1587 1090 1619 &s
1077 1584 1138 1619 ὸν
1161 1582 1220 1618 άεὶ
1237 1587 1474 1629 γεωμετρεῖν,
1498 1596 1531 1629 p
1559 1585 1638 1618 718.
1663 1582 1706 1616 D.

1041 1632 1129 1665 hunc
1153 1633 1263 1665 locum
1287 1635 1322 1664 et
1344 1631 1518 1665 Phaedon.
1543 1643 1574 1674 ).
1588 1631 1643 1664 83.
1663 1628 1704 1661 D.

1040 1678 1137 1711 simul
1170 1677 1356 1732 respiciens
1393 1660 1588 1732 ἐθιζομένη
1602 1673 1705 1730 γὰρ,

1040 1724 1174 1778 inquit,
1207 1724 1272 1767 (sc.
1296 1720 1318 1767 ή
1341 1721 1510 1777 διάνοια)
1534 1718 1610 1756 υπὸ
1636 1721 1705 1755 τοῦ

1040 1767 1190 1824 σφόδρα
1219 1772 1349 1803 πονεῖν
1378 1768 1441 1803 καὶ
1468 1765 1631 1813 ἥδεσθαι
1652 1767 1705 1813 τῷ

1039 1815 1124 1858 περὶ
1141 1827 1191 1849 τα
1215 1813 1367 1870 στόματα
1385 1815 1560 1860 πλανητῷ
1573 1802 1704 1855 προσέ-

1039 1873 1115 1906 χειν
1137 1867 1188 1900 ως
1221 1858 1302 1895 ὄντι
1329 1862 1398 1896 τοῦ
1421 1858 1576 1905 άληθῶς
1597 1857 1706 1900 ὄντος

1039 1908 1249 1963 τυφλοῦται
1266 1907 1328 1942 καὶ
1355 1905 1399 1942 zo*
1425 1908 1569 1951 μυρίων
1592 1904 1703 1940 ἀντά-

1038 1954 1119 1996 ξιον
1139 1951 1317 1997 ὀμμάτων
1341 1954 1410 1998 (ita
1435 1955 1508 1988 cod.
1529 1953 1703 1986 Vulcobii.

1041 1997 1238 2043 ονομάτων
1263 2001 1316 2034 ed.
1340 2001 1415 2033 Ald.
1455 2001 1537 2034 Bas.
1583 1997 1702 2042 σωμά-

1037 2058 1112 2080 των
1137 2047 1276 2101 Steph.)
1303 2042 1471 2101 ὄργανον
1493 2046 1618 2100 ’ψυχῆς
1641 2044 1704 2079 καὶ

1037 2105 1081 2136 φ
1071 2091 1174 2148 ε’γγιζς
1199 2090 1413 2147 ἀπόλλυσιν,
1439 2105 1467 2138 ῳ
1492 2089 1595 2137 μόνῳ
1612 2093 1702 2125 θεα-

1038 2136 1106 2172 τόν
1139 2135 1213 2172 ἐστι
1239 2135 1282 2173 τό
1311 2140 1431 2172 θεῖον.
1497 2138 1704 2171 lamblichus

1038 2185 1080 2218 de
1113 2185 1184 2218 vita
1224 2185 1370 2229 P>thag.
1415 2197 1444 2218 c.
1482 2186 1536 2219 16.
1580 2186 1611 2226 ξ.
1645 2186 1702 2219 70.

1037 2242 1118 2275 pag.
1147 2231 1223 2265 148.
1234 2231 1374 2286 1Κίο551.
1400 2229 1444 2265 τὸ
1467 2232 1577 2264 θεῖον
1600 2226 1703 2284 ὄμμα

1037 2279 1205 2319 κρεῖττον
1233 2273 1276 2311 ὃν
1311 2277 1483 2321 σωθῆναι
1515 2288 1610 2309 κατα
1636 2273 1704 2310 τὸν

1039 2321 1223 2356 Πλάτωνα
1255 2324 1398 2367 μυρίων
1429 2323 1611 2368 σαρκίνων
1639 2334 1702 2365 ομ-

1037 2366 1178 2422 μάτων.
1202 2369 1500 2424 Alc1nous1sagc.
1513 2368 1704 2412 27.p.114·

1041 2411 1134 2450 ὅθέν
1155 2411 1200 2459 δη
1221 2415 1284 2450 καὶ
1301 2413 1466 2471 μεγάλων
1479 2427 1517 2449 τε
1529 2427 1592 2449 και
1604 2416 1702 2448 θαυ-

1037 2461 1180 2504 μασίων
1198 2473 1266 2500 τας
1291 2463 1342 2508 τῷ
1370 2458 1453 2496 ὄντι
1468 2458 1703 2516 φιλοσόφους

1037 2505 1164 2563 ψυχὰς
1187 2497 1346 2562 ἔφασκεν
1379 2505 1497 2551 άναμε
1492 2505 1607 2546 ’στους
1637 2506 1701 2540 καὶ

1037 2551 1128 2596 μετὰ
1151 2551 1220 2597 τήν
1241 2555 1309 2588 τοῦ
1332 2552 1502 2598 σώματος
1531 2548 1701 2587 διάλυσιν

1039 2600 1249 2639 συνεστίους
1273 2602 1381 2640 θεοῖς
1417 2601 1614 2655 γινομένας
1637 2598 1700 2633 καὶ

1039 2644 1382 2690 συμπεριπολούσας
1400 2645 1464 2680 καὶ
1480 2643 1522 2681 τὸ
1534 2646 1601 2689 τῆς
1614 2642 1699 2690 αλη·

1036 2691 1146 2731 θείας
1165 2692 1295 2726 πεδίον
1313 2691 1527 2736 θεωμένας,
1552 2690 1699 2734 ἐπείπερ

1037 2737 1100 2771 καὶ
1131 2749 1170 2772 εν
1199 2739 1251 2793 τῷ
1274 2739 1339 2784 ζῇν
1361 2737 1508 2794 ἐφίεντο
1536 2751 1603 2782 της
1624 2735 1697 2771 ἐπι-

1037 2793 1176 2828 στημης
1196 2783 1315 2820 αὐτοῦ
1334 2785 1395 2819 καὶ
1422 2797 1491 2829 την
1508 2781 1697 2829 ἐπιτήδευ-
