1807 3219
286 157 369 197 126
740 147 1217 192 PLATONIS

285 265 354 309 ἐπὶ
383 267 445 321 τῷ
475 261 570 308 ὄντι
600 261 789 319 πέφυκε,
831 264 1021 318 γνῶναι,
1063 258 1123 312 ὥς
1162 260 1251 303 ἔστι
1287 258 1337 302 τὸ
1378 258 1454 309 ὅν;
1501 263 1671 314 μᾶλλον

287 335 333 378 δὲ
366 329 446 378 ὧδέ
478 349 554 388 μοι
593 333 716 374 δοκεῖ
748 329 970 385 πρότερον
999 329 1241 384 ἀναγκαῖον
1284 326 1396 372 εἶναι
1436 329 1668 373 διελέσθαι.

222 402 254 443 (3
288 406 413 452 Πῶς;
448 399 651 457 Φήσομεν
681 398 888 454 δυνάμεις
918 396 1029 442 εἶναι
1056 399 1181 453 γένος
1210 413 1250 440 τι
1287 401 1376 440 τῶν
1407 395 1570 451 ὄντων,
1602 396 1671 451 αἷς

283 469 336 526 δή
372 470 444 512 καὶ
475 467 597 525 ἡμεῖς
628 466 858 522 δυνάμεθα
889 465 917 509 ἃ
950 466 1198 521 δυνάμεθα,
1229 466 1302 510 καὶ
1333 464 1438 510 ἄλλο
1459 471 1549 510 πᾶν
1579 466 1670 511 ὅτι-

282 554 363 590 περ
396 537 450 580 ἂν
481 536 689 592 ὄύνηται;
733 533 831 578 οἷον
860 535 967 590 λέγω
999 534 1103 586 ὄψιν
1143 536 1214 578 καὶ
1246 533 1385 590 ἀκοὴν
1413 539 1503 578 τῶν
1535 534 1670 578 δυνά-

281 622 397 661 μεων
429 603 569 655 εἶναι,
602 606 637 648 εἰ
670 602 756 659 ἄρα
785 602 1027 660 μανθάνεις
1058 602 1082 646 ὃ
1114 603 1332 659 βούλομαι
1362 604 1502 659 λέγειν
1531 604 1580 648 τὸ
1608 602 1668 648 εἶ-

283 677 374 726 δος.
431 672 558 718 'And
594 673 832 728 μανθάνω,
862 672 960 728 ἔφη.
1009 671 1228 715 ’Ἁκουσον
1269 671 1322 728 δὴ
1354 672 1379 715 ὅ
1409 689 1486 728 μοι
1516 673 1671 728 φαίνε-

282 761 353 786 ται
395 743 494 795 περὶ
535 740 695 785 αὐτῶν.
745 739 969 796 δυνάμεως
1008 739 1092 796 γάρ
1127 741 1210 796 ἐγώ
1254 740 1354 784 οὔτε
1393 740 1489 784 τινὰ
1533 739 1673 796 χρόαν

283 810 376 864 ὁρῶ
408 808 510 854 οὔτε
542 814 682 867 σχῆμα
714 808 814 854 οὔτε
843 826 885 852 τι
913 811 1002 852 τῶν
1028 809 1264 862 τοιούτων,
1296 807 1393 853 οἷον
1423 809 1495 853 καὶ
1527 809 1674 853 ἄλλων

281 882 481 931 πολλῶν,
512 879 625 933 πρὸς
656 878 685 923 ὁὶ
716 877 980 935 ἀποβλέπων
1010 877 1104 920 ἔνια
1139 881 1389 935 διορίζομαι
1407 876 1504 932 παρ’
1538 879 1672 933 ἐμαυ-

221 957 260 998 D
287 951 369 1005 τῷ,
408 947 460 991 τοὶ
489 948 568 1003 μὲν
602 947 710 991 ἄλλα
741 945 875 998 εἶναι,
916 944 969 988 τὰ
1012 945 1057 989 δὲ
1096 947 1229 992 ἄλλα·
1277 947 1506 1003 δυνάμεως
1536 944 1579 989 δ’
1612 947 1673 998 εἰς

285 1017 426 1061 ἐκεῖνο
458 1016 600 1072 μόνον
630 1015 799 1073 βλέπω,
847 1013 913 1071 ἐφ’
946 1009 979 1072 ᾧ
1017 1014 1061 1058 τέ
1092 1016 1181 1060 ἐστι
1216 1018 1291 1060 καὶ
1322 1016 1346 1060 ὃ
1377 1014 1672 1072 ἀπεργάζεται,

286 1087 361 1130 καὶ
399 1085 536 1142 ταύτῃ
578 1083 763 1141 ἑκάστην
801 1081 949 1127 αὐτῶν
990 1083 1181 1140 δύναμιν
1224 1083 1430 1137 ἐκάλεσα,
1481 1085 1555 1127 καὶ
1593 1083 1675 1142 τὴν

286 1155 365 1212 μὲν
395 1154 465 1198 ἐπὶ
492 1157 553 1212 τῷ
585 1152 706 1214 αὐτῷ
735 1151 999 1209 τεταγμένην
1039 1153 1112 1197 καὶ
1151 1152 1200 1197 τὸ
1239 1152 1348 1197 αὐτὸ
1378 1151 1676 1209 ἀπεργαζομέ-

284 1301 386 1335 Vind.
412 1302 515 1335 BDF.
541 1301 621 1335 Par.
645 1301 689 1334 K.
722 1311 789 1335 sec.
816 1301 893 1346 Bip.
918 1303 955 1335 et
1060 1315 1079 1336 ο
1105 1299 1287 1347 βούλομαι
1329 1298 1445 1344 λέγειν
1479 1298 1522 1335 τὸ
1544 1297 1676 1350 εἶδος]

286 1360 308 1382 a
332 1361 373 1382 m.
400 1360 465 1403 Pr.
477 1349 569 1382 Mon.
596 1349 637 1381 Β.
672 1358 746 1381 cuin
771 1349 845 1382 Ald.
872 1349 952 1382 Bas.
1012 1349 1102 1392 quod
1123 1351 1241 1392 loquor
1266 1347 1341 1380 Fic.
1390 1348 1516 1403 Super
1525 1343 1649 1386 εἰὸος
1641 1359 1676 1380 ιιι

285 1395 487 1449 ahaim-719
512 1394 681 1428 exhibent.
1012 1394 1113 1427 Vind.
1149 1395 1189 1427 F.
1224 1391 1294 1436 τὴν
1332 1391 1437 1427 ἰδέαν
1466 1391 1611 1448 αὐτὴν,
1643 1392 1677 1426 in

336 1437 495 1484 Οὖ’τως.]
532 1442 588 1474 lta
624 1439 723 1473 Vind.
750 1440 822 1473 DF.
856 1439 951 1472 Flor.
1010 1440 1102 1476 Flor
1117 1441 1158 1476 R.
1183 1436 1300 1484 ἤγουν
1319 1438 1389 1483 τὴν
1414 1436 1520 1473 ἰδέαν
1544 1437 1677 1483 αὐτὴν,

285 1488 363 1522 ΗΊ.
414 1487 549 1531 Reliqui
585 1486 649 1519 inei
686 1490 721 1519 et
765 1485 954 1519 Florentini
1013 1490 1048 1519 et
1081 1487 1192 1530 pauiio
1230 1490 1308 1541 post
1345 1497 1449 1542 super
1483 1484 1678 1529 δυνάμεως

286 1546 361 1567 cnm
386 1534 486 1567 editis
517 1537 596 1566 ante
621 1532 815 1565 *nokkeruni
841 1526 952 1565 οὕτω.
1012 1532 1046 1565 in
1071 1539 1218 1577 utroque
1242 1528 1360 1585 ἤγουν
1388 1529 1511 1571 ἰδέας·
1536 1530 1678 1576 ταύτην

286 1581 487 1620 kaknrus,
512 1583 550 1612 ut
575 1579 683 1616 solet,
708 1582 811 1611 tacet.
1009 1576 1080 1622 γὰρ
1131 1580 1233 1612 καλεῖ
1269 1576 1430 1621 δύναμιν
1473 1579 1607 1622 legitur.
1631 1597 1678 1603 -

332 1623 527 1669 ἐπιστήμη]
554 1621 755 1668 ἐπιστήμης
780 1624 861 1657 editi
875 1627 954 1657 ante
1009 1625 1150 1658 Proelus
1175 1626 1207 1659 in
1234 1625 1309 1658 Civ.
1345 1637 1378 1668 p.
1403 1625 1577 1665 417,16:
1615 1625 1678 1658 ὂν-

286 1672 359 1706 Ast.
393 1684 460 1706 sec.
498 1671 694 1704 tacentibus
729 1671 772 1704 de
805 1671 883 1704 Par.
909 1670 952 1703 K
1009 1669 1154 1725 νάμεως
1182 1668 1251 1715 γάρ
1275 1681 1396 1725 φησιν
1436 1666 1524 1705 ου’τε
1558 1669 1676 1715 χρόαν

286 1719 366 1762 Rip.
1012 1713 1099 1751 οὔτε
1118 1718 1237 1771 σχῆμα
1265 1714 1370 1762 ὁρᾷν.
1416 1718 1509 1752 Idem
1535 1730 1567 1763 p.
1593 1718 1675 1759 425,

334 1763 415 1807 ἐπι]
458 1764 497 1796 In
530 1763 629 1797 Vind.
664 1762 703 1796 F.
741 1761 773 1796 εὶ
804 1761 953 1807 superi
1013 1766 1073 1798 18:
1108 1761 1300 1806 δυνάμεως
1341 1760 1429 1818 γάρ
1455 1774 1545 1807 φησι
1584 1761 1676 1808 μήτε

285 1811 504 1853 adscriptum.
1011 1809 1128 1864 σχῆμα
1145 1807 1236 1853 μήτε
1256 1810 1384 1865 χρῶμα
1412 1807 1517 1864 ὁρᾷν.

333 1856 484 1900 γνῶναι]
513 1858 678 1888 commate
703 1866 722 1887 a
744 1854 951 1898 praeceden-
1058 1852 1144 1890 οὔτε
1165 1856 1304 1900 σχῆμα]
1334 1851 1423 1890 ου’τέ
1443 1868 1478 1889 τι
1498 1866 1548 1900 σχ.
1575 1856 1676 1891 Vind.

285 1903 377 1937 tibus
422 1914 495 1935 cuin
531 1902 652 1934 stalli».
687 1911 755 1934 sec.
800 1900 951 1934 distinxi.
1045 1927 1053 1935 .

287 1950 342 1983 Cf.
372 1960 403 1993 p.
424 1948 503 1982 478.
532 1948 574 1981 Α.
1056 1942 1171 1990 ου’τε]
1197 1944 1238 1981 τέ
1259 1942 1304 1982 οὕ
1330 1948 1410 1982 Bas.
1435 1947 1470 1981 b.

333 1993 431 2050 ἐστι]
459 1991 533 2027 ἐστι
561 1993 659 2027 Vind.
686 1993 728 2026 D.
1058 1991 1152 2037 οἷον]
1180 1993 1271 2027 οἵων
1296 1994 1382 2027 Lob.
1407 1995 1484 2027 vat.
1497 1994 1572 2027 BH.
1590 1994 1675 2027 Ven.

333 2038 432 2085 ωδε]
468 2034 543 2074 ωὸέ
570 2040 667 2073 Vind.
694 2039 732 2073 κ,
769 2031 846 2072 ωδὲ
870 2039 951 2072 Bas.
1013 2040 1085 2073 BC.
1114 2040 1191 2073 Pur.
1209 2040 1284 2073 DK.
1309 2051 1376 2074 see.
1402 2041 1511 2075 Bekk.
1534 2040 1676 2084 Augu.

289 2089 343 2122 ab.
1012 2087 1105 2120 Flor.
1132 2086 1244 2119 TUV.

335 2131 532 2178 πρότερον]
558 2132 710 2176 πρῶτον
735 2132 813 2165 Par.
836 2131 880 2164 K.
901 2141 956 2165 se-
1062 2128 1305 2176 ἄποβλέπων]
1345 2129 1491 2178 βλέπων
1524 2132 1609 2164 ven.
1633 2131 1677 2166 B.

290 2182 432 2214 cundum
462 2180 664 2212 Bekkeruni.
1014 2179 1116 2213 Vind.
1147 2179 1185 2211 Ε.
1212 2179 1289 2211 Vat.
1317 2179 1359 2212 H.
1388 2179 1479 2211 F.lor
1507 2178 1613 2211 ΑΟΊ.

337 2227 459 2270 Πῶςς]
485 2229 557 2259 sine
573 2223 843 2269 interpunctione
855 2222 958 2256 Vind.
1061 2221 1100 2259 δ’
1122 2224 1194 2268 εἰς]
1220 2222 1258 2258 δε
1276 2224 1327 2264 εἰς
1351 2224 1561 2258 10b.Vind.
1576 2223 1678 2258 BDF.
1707 2218 1748 2261 D

290 2273 332 2307 B.
1061 2268 1102 2304 τέ
1122 2267 1217 2315 ἐστι]
1244 2282 1282 2304 τε
1304 2269 1378 2305 ε’στι
1403 2271 1503 2304 Vind.
1523 2271 1562 2305 F.
1586 2271 1679 2304 Bek—

227 2317 259 2360 C
335 2316 442 2362 γὲνος
467 2318 524 2361 τι]
566 2313 672 2360 γένος
703 2313 749 2359 δὴ
788 2314 887 2348 Vind.
914 2314 958 2348 Ε.
1015 2316 1141 2358 kerus,
1175 2319 1248 2350 Ast.
1274 2320 1354 2352 tert.
1381 2321 1416 2350 et
1440 2317 1564 2351 stallb.
1612 2316 1683 2351 Sed

291 2365 368 2398 Vat.
394 2365 439 2397 H.
466 2364 556 2397 Flor.
585 2362 725 2397 ACTV.
1016 2363 1279 2408 praepositionis
1312 2363 1417 2397 maior
1452 2363 1506 2397 hic
1539 2362 1592 2398 vis
1617 2367 1683 2405 est,

334 2406 359 2444 ἑὶ
383 2407 603 2453 δυνάμεθα]
641 2420 706 2442 om.
738 2407 824 2440 Lob.
860 2405 958 2440 Vind.
1017 2421 1118 2454 quam
1142 2410 1249 2442 verbi

288 2457 359 2491 BF.
391 2458 466 2490 Vat.
497 2456 572 2490 ΒΜ.
599 2457 682 2488 Ven.
711 2454 752 2488 C.
778 2454 856 2488 Par.
881 2453 960 2487 DK.
1062 2456 1114 2502 τῷ
1146 2452 1273 2501 αὐτῷ]
1310 2455 1366 2489 Ita
1401 2455 1479 2489 Par.
1505 2455 1544 2488 A.
1582 2454 1682 2488 Vind.

289 2503 383 2538 Mon.
411 2503 448 2535 Β.
475 2503 566 2536 Fior.
594 2502 640 2535 U.
1016 2501 1087 2535 BD.
1115 2502 1194 2535 Vat.
1218 2490 1332 2535 ΒΗΜ.
1360 2503 1446 2536 Ven.
1474 2501 1514 2535 C.
1548 2498 1591 2536 τὸ
1615 2497 1682 2534 ocv’-

337 2545 490 2593 ὅτιπερ]
532 2549 642 2592 Vulgo
674 2546 708 2579 in
742 2546 812 2580 tria
835 2545 959 2580 dividi-
1015 2545 1058 2582 τὸ
1095 2559 1168 2581 cuni
1209 2548 1349 2592 reliquis
1393 2548 1560 2592 editisque
1603 2552 1684 2581 ante

289 2598 356 2630 tur.
1015 2594 1209 2628 deoerum
1226 2594 1254 2627 L
1258 2595 1313 2629 ob.
1339 2594 1399 2628 sed
1421 2593 1558 2638 utrique
1583 2590 1604 2629 ὁ
1626 2605 1683 2627 su—

338 2639 515 2685 &v'vnwu
526 2641 539 2684 ]
582 2636 749 2695 δύνηται.
776 2637 853 2671 Ald.
878 2632 958 2671 BaS.
1015 2640 1213 2696 perscripto
1234 2652 1273 2674 ω.

291 2689 346 2723 ab.
376 2688 496 2742 Suph.
545 2683 640 2730 δυνη
644 2696 726 2719 ται·
752 2683 869 2717 Astius
905 2694 958 2727 pr.
1060 2684 1307 2731 τεταγμένην]
1339 2683 1542 2730 τεταμένην
1578 2685 1680 2720 Vind.

291 2744 361 2768 sec.
388 2731 557 2777 δύνηται,
580 2733 768 2772 kakerus,
782 2731 856 2763 Ast.
880 2732 958 2763 tert.
1014 2731 1053 2765 Β.
1081 2733 1161 2769 Vat.
1188 2733 1237 2767 M.
1264 2733 1357 2767 Flor.
1381 2732 1487 2769 ACV.
1524 2732 1563 2766 In
1579 2732 1682 2766 Vind.

293 2783 329 2814 et
353 2746 481 2815 ὃταὶἰὺη
503 2790 643 2833 quorum
668 2777 749 2812 nihil
771 2777 815 2812 ad
839 2773 958 2821 φήσο·
1015 2778 1057 2812 D.
1083 2791 1119 2837 γ
1127 2779 1187 2814 int.
1213 2790 1302 2813 vers.
1329 2782 1394 2813 est.

292 2837 359 2871 μεν
383 2830 500 2872 aptum
523 2825 667 2860 videtur.
1060 2822 1124 2859 καὶ
1154 2823 1198 2860 τὸ
1225 2821 1320 2860 αὐτὸ
1355 2821 1680 2870 ἀπεργαζομένην]
