1807 3219
407 76 410 77 ⁷
469 97 633 139 civi
658 98 806 153 TAS
846 99 1179 142 1.lB.V11.527

1434 100 1519 141 295

133 210 407 268 γεωμετρίας
426 207 647 265 ἔμπειροι,
683 208 750 253 ὅτι
782 209 892 268 αὕτη
921 209 948 266 ἡ
979 208 1191 266 ἐπιστήμη
1219 213 1310 252 πᾶν
1330 208 1517 253 τούναν-

132 279 230 323 τίον
258 277 343 334 ἔχει
367 282 458 329 τοῖς
487 277 534 321 ἐν
568 277 681 336 αὐτῇ
716 278 862 335 λόγοις
892 278 1142 335 λεγομένοις
1164 275 1252 320 ὑπὸ
1274 281 1363 321 τῶν
1386 293 1516 333 μετα-

132 347 450 405 χειριζομένων.

133 418 264 467 λοίως
303 431 348 458 τε
387 413 460 458 καὶ
499 413 771 469 ἀναγκαίως·

511 349 637 397 Πῶςς
685 346 780 405 ἔφη.
840 347 1028 404 Λέγουσι
1058 347 1138 404 μέν
1183 361 1272 390 που
1300 344 1415 402 μάλα
1443 361 1517 402 γε-

833 415 890 467 ὡς
929 414 1013 472 γάρ
1053 413 1317 469 πράττοντές
1360 430 1403 458 τε
1444 414 1518 458 καὶ

131 484 329 540 πράξεως
358 482 486 527 ἕνεκα
515 482 681 534 πάντας
710 482 814 534 τούς
843 483 1004 540 λόγους
1034 483 1293 540 ποιούμενοι
1324 483 1514 539 λέγουσι,

130 553 460 609 τετραγωνίζειν
497 566 542 594 τε
580 552 654 595 καὶ
694 553 972 607 παρατείνειν
1012 553 1084 596 καὶ
1123 551 1412 607 προστιθέναι
1441 550 1515 593 καὶ

130 623 274 666 πάντα
310 619 428 664 οὕτω
466 618 762 676 φθεγγόμενοι
778 636 785 644 ·

829 620 877 663 τὸ
907 619 948 663 δ’
987 621 1077 665 ἔστι
1106 637 1194 664 που
1232 624 1321 663 πᾶν
1350 617 1399 663 τό
1431 617 1514 675 μά-

130 696 253 750 θημα
266 689 469 746 γνώσεως
488 688 612 732 ἕνεκα
634 688 1009 744 έπιτηδευόμενον.
1039 688 1302 732 Παντάπασι
1319 687 1399 744 μὲν
1418 681 1510 733 οὖν,
1540 686 1576 728 Β

130 759 226 816 ἔφη.
270 756 449 802 Οὐκοῦν
478 759 611 800 τοῦτο
643 757 704 800 ἔτι
736 758 1098 814 διομολογητέον,·
1146 756 1206 801 Τό
1242 761 1398 806 ποῖον,·
1443 753 1517 806 Ὡς

129 830 212 872 τοῦ
242 824 307 871 ἀεὶ
341 824 468 878 ὄντος
499 825 724 882 γνώσεως,
756 824 851 869 ἀλλ’
879 823 934 869 οὐ
954 830 1036 870 τοῦ
1061 824 1165 869 ποτέ
1190 843 1231 869 τι
1252 822 1517 881 γιγνομένου

130 1011 208 1041 eOS,
235 998 293 1044 qui
315 997 371 1032 hic
393 997 483 1032 illius
507 997 582 1031 aevi
601 1000 792 1041 geometras

128 1044 332 1091 reprehendi
355 1047 549 1085 autumant,
573 1055 638 1077 nou
663 1044 794 1078 metho—

128 1091 208 1125 dum
229 1090 376 1132 illorum,
400 1090 461 1124 sed
484 1089 599 1123 vitium
625 1089 797 1135 quoddam

127 1137 234 1183 ipsius
282 1136 447 1170 scientiae
491 1137 601 1169 notari
646 1136 793 1178 docebit,

127 1194 218 1228 quae
241 1194 345 1228 quum
361 1193 419 1216 res
437 1182 614 1216 sensibiles
633 1182 795 1215 adhibere

127 1229 172 1263 ad
196 1229 406 1263 theoremata
430 1240 492 1262 sua
515 1228 717 1273 οΧΡίὶ(ε111(]εῑ
737 1240 794 1262 co—

127 1279 251 1320 gatur,
276 1275 389 1308 verbis
413 1286 558 1327 quoque
574 1274 793 1307 efficientiam

62 1325 77 1328 ’
127 1321 320 1356 sensibilem
353 1319 625 1365 significantibus
658 1320 709 1353 uti
733 1321 794 1353 de-

127 1369 230 1409 beat3
263 1379 467 1412 quamquam
497 1367 553 1400 hic
594 1367 687 1400 locus
721 1367 793 1411 ipse

128 1416 164 1447 et
201 1413 290 1458 quod
324 1414 488 1447 Socrates
518 1412 574 1445 vel
609 1413 794 1457 paullulum

127 1459 335 1504 geometriae
357 1459 489 1504 peritos
513 1470 626 1492 secum
650 1470 794 1492 consen-

126 1517 224 1540 suros
249 1506 421 1548 affirmat,
455 1506 544 1538 idem
577 1506 702 1539 docere
735 1515 793 1538 eos

125 1555 273 1606 poterat.

173 1593 296 1654 ον’τω]
325 1608 432 1631 ουτοι
456 1596 542 1632 Lob.
566 1597 646 1632 Vat.
671 1597 712 1630 B.

172 1642 215 1678 τὸ
249 1641 281 1677 δ’
308 1641 407 1688 ἔστι]
456 1641 500 1677 τὸ
535 1639 567 1677 δ’
599 1639 674 1677 ἐστὶ
706 1642 793 1677 Lob.

126 1690 220 1726 Mon.
246 1691 287 1724 B.
313 1690 413 1723 Vind.
437 1689 481 1724 Ε.
506 1689 628 1734 steph.
653 1690 722 1722 Ast.
738 1700 791 1734 pr,

130 1749 200 1771 sec.
224 1733 269 1770 τό
293 1732 325 1770 δ’
344 1733 420 1769 ἔστι
441 1735 517 1770 Ald.
541 1737 621 1769 Bas.
649 1736 703 1769 ab.
752 1735 793 1767 In

127 1783 191 1818 hae
208 1781 365 1824 formula,
390 1782 486 1815 cuius
509 1793 607 1815 usum
631 1781 793 1826 exemplis

124 1829 344 1863 Heindorfius
369 1827 411 1862 ad
436 1828 583 1862 Theaet.
608 1829 640 1872 ἓ.
653 1829 709 1862 37.
737 1838 793 1860 ra-

125 1875 252 1909 tionem
275 1875 393 1908 Astius
417 1874 451 1907 in
486 1886 602 1908 couun.
630 1874 673 1908 ad
697 1873 738 1907 L.
762 1873 791 1907 Ι.

125 1933 162 1967 1).
197 1923 279 1957 363.
316 1920 499 1965 explicuIt,
536 1921 675 1954 verbum
711 1920 792 1953 sub-

127 1967 312 2001 stantivum
335 1966 512 2000 formulam
546 1967 716 2011 excipiens
740 1966 792 1998 iu-

126 2013 248 2047 clinari
267 2017 414 2046 recusat.
440 2012 498 2046 Cf
506 2013 650 2068 Pr-otag
662 2024 702 2067 p.
712 2012 791 2047 344.

126 2060 177 2094 E:
200 2057 244 2094 τὸ
267 2055 299 2093 δ’
329 2056 404 2093 ε’στι
430 2056 608 2116 γενέσθαι
635 2070 701 2114 μεν
729 2070 792 2101 χα-

127 2103 263 2149 λεπὸν,
289 2102 455 2139 δυνατὸν
482 2102 522 2139 δὲ
549 2102 706 2147 ἐσθλὸν,
734 2102 794 2147 ε’μ-

125 2163 234 2195 μεναι
249 2131 290 2185 δὲ
310 2148 515 2186 αδύνατον.
548 2152 607 2185 Sic
631 2162 717 2184 unus
741 2150 795 2183 in-

127 2200 181 2231 ter
203 2198 412 2231 recentiores
442 2198 642 2231 Bekkerus:
675 2196 793 2255 reliqui

126 2242 170 2279 τὸ
191 2241 223 2277 δ’
244 2240 331 2277 ε’στί.
380 2243 435 2277 Cf.
460 2244 503 2277 D.

59 2298 96 2339 Β
177 2288 231 2324 Τὸ
251 2292 386 2330 ποῖον,·
398 2290 411 2334 ]
446 2302 512 2324 om.
537 2289 632 2324 Mon.
657 2289 698 2322 Β.

99 2353 103 2358 ·
171 2333 233 2376 Ὡς
274 2335 343 2369 τοῦ
365 2336 377 2379 ]
425 2335 481 2369 Ita
527 2347 603 2369 cum
650 2334 792 2380 reliquis

126 2382 281 2416 omnibus
316 2382 402 2415 Ven.
435 2382 476 2416 Β.
512 2394 533 2415 a
564 2393 608 2415 m.
639 2392 693 2426 pr.
753 2381 792 2414 In

125 2428 327 2462 editionibus
360 2430 440 2462 ante
485 2427 681 2463 Bekkerum
726 2439 793 2470 της

125 2474 375 2520 interpositum.

172 2544 231 2587 τι]
267 2554 333 2577 om.
370 2542 474 2577 Vind.
509 2542 583 2576 EF.
633 2542 716 2585 Aug.
749 2542 791 2577 B.

125 2589 223 2624 Flor.
234 2589 374 2622 ACRT.
398 2588 475 2623 Fic.
495 2592 531 2622 et
550 2588 792 2623 Stallbaumius

127 2635 162 2669 in
183 2646 255 2669 sec.
279 2634 446 2668 incertum
479 2637 593 2668 utrum
616 2634 769 2678 significa
771 2655 791 2665 .-

126 2681 216 2715 tione
249 2681 379 2725 magis,
413 2693 456 2714 an
480 2692 560 2714 casu
582 2680 791 2725 pronominis

127 2728 289 2765 offensus.
336 2726 407 2760 Sed
438 2726 642 2771 significatio
666 2726 790 2760 nullam

127 2773 362 2808 difficultatem
408 2773 529 2808 habet:
585 2772 628 2806 ad
676 2783 788 2806 casum

850 997 940 1043 quod
964 998 1109 1040 attinet,
1142 1007 1224 1032 sane
1246 995 1443 1030 soloecismo
1469 995 1515 1028 si-

850 1044 937 1077 milis
962 1047 997 1078 et
1021 1044 1151 1077 Graeci
1175 1044 1303 1089 pariter
1327 1046 1431 1087 atque
1447 1042 1516 1075 La-

851 1090 911 1123 tini
945 1090 1123 1143 participii
1155 1094 1299 1123 naturae
1345 1088 1518 1122 cont1aria

851 1140 904 1168 est
929 1137 1013 1169 haec
1036 1135 1232 1170 nominativi
1263 1147 1338 1168 cum
1362 1134 1511 1178 genitivo

852 1182 1078 1224 constructio,
1122 1186 1157 1215 et
1189 1186 1321 1222 tamen,
1355 1180 1516 1234 quemad—

852 1229 985 1262 modum
1018 1227 1062 1263 τὸ
1098 1227 1190 1262 ποτέ
1225 1241 1260 1261 τι
1285 1224 1514 1281 γιγνόμενον,

849 1274 901 1308 ita
925 1275 1027 1308 etiam
1051 1275 1119 1308 τοῦ
1137 1272 1229 1308 ποτέ
1245 1287 1281 1307 τι
1297 1270 1517 1327 γιγνομένου

851 1321 917 1354 dici
942 1321 1091 1364 potuisse
1115 1321 1271 1362 videtur,
1302 1320 1379 1364 ipsa
1412 1331 1516 1352 voca-

850 1367 921 1400 buli
944 1368 1114 1400 brevitate
1150 1370 1185 1400 et
1217 1347 1439 1410 ambiguitate
1465 1365 1514 1398 vi-

850 1413 935 1446 tium
968 1414 1168 1446 occultante.
1218 1413 1326 1446 Simili
1357 1412 1516 1445 libertate

852 1460 1004 1492 Gilenus
1035 1460 1078 1492 de
1113 1459 1218 1503 Hipp.
1244 1462 1279 1492 et
1309 1458 1359 1491 Pl
1361 1462 1397 1491 it
1422 1457 1514 1490 deon·

850 1505 891 1539 L.
917 1506 1011 1539 VIII.
1037 1505 1080 1538 in.
1107 1506 1151 1538 Ἰ.
1177 1505 1218 1538 V.
1242 1516 1276 1549 p.
1303 1506 1381 1538 64).
1401 1503 1512 1537 Kiilin.

851 1548 963 1585 οὐδὲν
983 1563 1034 1590 ως
1058 1549 1155 1594 πρὸς
1173 1549 1219 1584 τὰ
1240 1548 1411 1603 παρόντα
1435 1550 1514 1583 δια-

850 1595 1034 1643 φέροντος
1060 1598 1168 1640 dixit,
1194 1597 1321 1631 maiore
1346 1597 1515 1640 Ozigenes

850 1644 926 1678 adv.
964 1643 1055 1677 Cels.
1087 1622 1308 1699 L.'1111.p
1341 1645 1418 1677 200.
1452 1643 1512 1676 inf.

850 1702 902 1729 ως
934 1687 1051 1733 μόνης
1084 1690 1216 1743 ψυχῆς
1253 1686 1360 1732 ἔργον
1400 1684 1515 1732 ου’σης

848 1736 965 1778 θεοῦ,
1003 1736 1149 1769 maxima
1181 1738 1272 1789 ipse
1289 1735 1387 1768 Plato
1411 1735 1515 1768 Polit.

849 1794 882 1828 p.
908 1762 987 1817 27⁷2.
1012 1782 1066 1816 Εε
1107 1779 1230 1820 πάσας
1261 1778 1414 1831 ἑκάστης
1443 1781 1513 1825 τῆς

847 1828 971 1872 ψυχῆς
1002 1826 1071 1867 τὰς
1117 1825 1275 1884 γενέσεις
1322 1825 1514 1861 ἀποδεδω-

847 1875 972 1930 κυίας,
1013 1870 1084 1909 ὅσα
1114 1874 1161 1918 ἠν
1193 1871 1327 1919 εκάστῃ
1355 1884 1513 1929 προστα-

847 1918 960 1965 χθεν,
978 1920 1146 1955 ωσαῦτα
1165 1920 1217 1960 εἰς
1236 1921 1305 1964 γῆν
1322 1917 1514 1963 σπέρματα

848 1964 1047 2010 πεσούσης.
1081 1970 1195 2012 Atque
1217 1970 1256 1999 ut
1279 1968 1364 2000 haec
1388 1968 1430 2000 ob
1453 1978 1514 1999 co—

847 2013 961 2047 dicum
980 2013 1240 2069 discrepantiam
1257 2024 1319 2057 pro
1344 2012 1515 2057 corruptis

849 2059 981 2100 haberi,
1000 2060 1168 2115 Origenis
1192 2057 1298 2102 ἔργον
1323 2062 1437 2092 autem
1461 2060 1513 2092 sa-

850 2105 913 2139 cile
937 2105 972 2138 in
997 2103 1104 2149 ἔργον
1128 2105 1252 2138 mutari
1274 2105 1405 2149 possit,
1439 2106 1513 2138 Ga-

849 2151 917 2186 leni
939 2151 1076 2205 quidem
1109 2148 1221 2185 ουδεν
1256 2155 1354 2185 extra
1377 2151 1514 2185 dubita-

850 2197 977 2231 tionem
1000 2197 1146 2243 positum
1171 2201 1206 2231 et
1229 2197 1271 2230 ad
1295 2210 1331 2231 τι
1353 2197 1521 2230 tuendum*

848 2244 1011 2278 sufficere
1034 2244 1179 2278 videtur.
1212 2243 1289 2277 Nec
1308 2255 1515 2288 magnopeie

848 2291 965 2323 obstat
986 2290 1174 2323 Alcinous'
1165 2301 1250 2333 isag.
1276 2302 1304 2323 c.
1326 2292 1359 2324 7.
1385 2291 1471 2323 haec
1495 2302 1514 2322 e

849 2339 966 2370 nostro
991 2337 1064 2369 loco
1088 2339 1267 2380 repetens.
1298 2333 1343 2369 τό
1370 2347 1410 2380 γε
1438 2333 1513 2390 μὴν

848 2379 946 2416 κατὰ
964 2380 1049 2439 τὴν
1062 2382 1285 2438 γεωμετρίαν
1309 2379 1513 2438 επιτηδειό;

849 2440 964 2462 τατον
990 2440 1055 2462 και
1085 2425 1180 2463 αυτὸ
1212 2426 1308 2482 πρὸς
1344 2426 1413 2482 τὴν
1444 2427 1512 2461 τοῦ

849 2472 1000 2529 ἀγαθοῦ
1024 2475 1184 2531 γνῶσιν,
1211 2471 1303 2508 ὅταν
1325 2472 1365 2517 γε’·
1393 2486 1448 2513 τις
1463 2472 1512 2517 μὴ

848 2517 1050 2575 πραξεως”’
1029 2532 1149 2575 ενεκεγ
1160 2521 1263 2566 μετίῃ
1278 2520 1513 2575 γεωμετρίαν,

849 2563 941 2600 ἄλλα
965 2565 1252 2622 προσχρώμενος
1270 2563 1365 2622 αὐτῇ
1385 2563 1435 2606 (ὃς
1453 2563 1514 2600 ἐπὶ

848 2609 892 2647 τὸ
914 2609 960 2647 ὃν
979 2610 1038 2646 ἀεὶ
1060 2611 1205 2647 ἀνιέναι
1220 2612 1283 2647 καὶ
1297 2611 1347 2657 μὴ
1372 2612 1512 2669 διατρί-

847 2658 927 2712 βειν
948 2658 1032 2703 περὶ
1049 2658 1093 2693 τὸ
1117 2657 1314 2703 γινόμενον
1327 2658 1388 2693 καὶ
1398 2655 1511 2693 α’πολ

847 2702 1015 2749 λύμενον.

892 2786 970 2819 γιγι
975 2773 1130 2819 ομένου]
1156 2786 1224 2818 γιν.
1252 2773 1351 2808 Vind.
1379 2773 1419 2808 Ε.
