1807 3219
254 144 340 184 334

714 139 1194 188 P‘LATONIS

256 252 364 297 ὅταν
392 268 456 303 τις
486 252 843 309 φιλογυμναστὴς
866 253 946 310 μὲν
974 257 1048 299 καὶ
1078 255 1330 314 φιλόθηρος
1352 253 1382 315 ᾗ
1402 256 1477 300 καὶ
1496 256 1638 300 πάντα

253 322 308 365 τὰ
339 320 409 364 διὰ
440 324 520 364 τοῦ
550 319 750 376 σώματος
779 327 1025 382 φιλοπονῇ,
1057 326 1312 383 φιλομαθής
1342 326 1389 370 δὲ
1418 323 1500 382 μή,
1531 326 1640 382 μηδὲ

255 388 471 446 φιλήκοος
501 388 608 445 μηδὲ
639 390 860 446 ζητητικὸς
880 426 891 444 ,
941 390 1041 437 ἀλλ’
1071 393 1119 438 ἐν
1157 399 1265 438 πᾶσι
1303 395 1479 445 τούτοις
1516 405 1639 450 μισο-

252 461 394 514 πονῇ·
440 457 578 513 χωλὸς
608 458 654 502 δὲ
684 459 758 502 καὶ
796 459 820 502 ὁ
859 460 1068 506 τοέναντία
1102 463 1264 508 τούτου
1312 461 1642 520 μεταβεβληκώς

251 525 332 583 τήν
377 528 659 582 φιλοπονίαν.

715 525 1005 584 Ἀληθὲστατα
1026 565 1037 584 ,
1075 530 1158 588 ἔφη
1175 568 1186 585 ,

1237 532 1386 588 λέγεις.
1462 529 1642 575 Οὐκοῦν

252 594 326 638 καὶ
359 594 472 647 πρὸς
503 593 736 650 ἀλήθειαν,
767 591 824 653 ἦν
854 597 894 641 δ’
927 599 1033 654 ἐγώ,
1062 597 1226 643 ταύτὸν
1254 605 1387 644 τοῦτο
1411 598 1644 656 ἀνάπηρον

191 670 225 710 Ε
256 661 401 718 ψυχὴν
432 662 653 720 θήσομεν,
684 664 713 721 ἢ
743 664 797 708 ἂν
826 663 874 708 τὸ
906 666 986 722 μὲν
1016 666 1219 711 ἑκούσιον
1250 671 1413 721 ψεῦδος
1437 673 1541 726 μισῇ
1568 668 1641 712 καὶ

252 735 449 788 χαλεπῶς
490 732 604 790 φέρῃ
641 732 749 790 αὐτή
790 750 834 777 τε
871 735 944 778 καὶ
975 735 1134 790 ἑτέρων
1163 737 1447 792 ψευδομένων
1476 736 1642 793 ὑπερα-

254 804 472 858 γανακτῇ,
507 801 554 844 τό
588 800 632 846 δ’
665 801 878 847 ἀκούσιον
908 801 1097 856 εὐκόλως
1125 806 1414 862 προσδέχηται
1436 806 1508 849 καὶ
1532 804 1644 861 οἶμα-

255 868 480 913 θαίνουσοέ
511 886 600 913 που
638 868 904 928 ἁλισκομένη
945 872 1003 930 μή
1036 872 1285 932 ἀγανακτῇ,
1324 873 1424 918 ἀλλ’
1460 874 1645 930 εὐχερῶς

167 947 236 982 536
262 936 409 994 ὥσπερ
439 941 602 996 θηρίον
631 939 756 984 ὕειον
799 942 846 985 ἐν
876 939 1047 1000 ἀμαθίᾳ
1076 942 1338 1000 μολύνηταις
1381 943 1645 987 Παντάπασι

303 1059 396 1099 ὅταν
415 1065 491 1108 τις]
518 1061 667 1106 ὁτοῖντις
690 1066 791 1101 Vind.
814 1067 858 1100 E.

304 1110 624 1168 φιλογυμναστὴς]
669 1113 736 1146 Pro
770 1125 793 1158 η
826 1114 921 1149 Mon.

256 1157 298 1192 B.
325 1168 344 1191 a
368 1169 411 1190 m.
439 1169 489 1212 pr
516 1162 532 1191 ἰ’
553 1160 712 1193 habebat.

303 1202 366 1237 καὶ
387 1202 598 1248 φιλόθηρος
617 1206 663 1251 ᾑ]
689 1206 712 1251 ᾐ
733 1205 796 1240 καὶ
817 1208 922 1251 φιλο-

257 1248 450 1294 μόχθηρος
486 1252 585 1285 Stob.
645 1253 744 1287 Conf
779 1253 821 1287 L.
856 1254 922 1288 III.

255 1309 289 1342 p.
315 1300 393 1331 412..
418 1297 459 1330 Β.

301 1342 349 1376 τὰ
372 1341 450 1387 διὰ]
478 1341 526 1377 τὰ
550 1356 615 1378 om.
635 1345 720 1379 Lob.
751 1345 921 1381 Vat.BM.

256 1387 321 1422 διὰ
348 1402 411 1423 om.
443 1390 544 1423 Vind.
570 1391 611 1425 Β.
644 1391 739 1426 Μοη.
766 1392 806 1427 C.
840 1393 919 1427 Vat.

256 1436 300 1469 H.
326 1435 420 1469 Flor.
446 1436 553 1471 ATV.

302 1482 512 1526 φιλοπονῇ]
539 1484 738 1526 φιλοπονεῖ
758 1484 859 1521 Vind.
879 1483 921 1520 F.

256 1527 421 1573 διαπονῇ
446 1529 545 1563 Stob.

301 1573 520 1618 φιλομαθὴς
553 1572 593 1609 δὲ
638 1574 724 1621 μὴ]
771 1574 821 1621 μὴ
860 1588 925 1612 om.

256 1621 355 1655 Stob.
391 1622 509 1655 Trinc.
546 1625 625 1655 ante
673 1623 749 1667 φιλ.
793 1626 925 1668 ponunt

256 1668 364 1701 Gesn.
390 1671 426 1700 et
457 1667 570 1701 Gaisf.

302 1710 417 1758 μηδὲ]
467 1711 516 1757 μὴ
550 1711 588 1747 δε
629 1714 716 1750 Lob.
758 1714 859 1748 Vind.
883 1714 927 1748 Β.

256 1759 349 1794 Mon.
374 1760 414 1794 C.
442 1760 541 1793 Stob.
567 1760 685 1796 Trinc.
715 1761 788 1795 Ald.

303 1804 505 1863 φιλήκοος]
531 1807 719 1850 φιλείκοος
741 1807 835 1842 Μοῐι.
858 1807 899 1841 C.

303 1852 419 1896 μηδε]
460 1852 511 1897 μὴ
545 1851 584 1886 δὲ
619 1854 720 1887 Vind.
748 1854 789 1889 Β.
823 1855 923 1888 Stob.

257 1899 377 1934 Trinc.
401 1899 477 1932 Ald.
513 1897 565 1942 μή
585 1897 624 1933 δὲ
650 1900 737 1933 Lob.

303 1945 504 1991 μισοπονῇ]
525 1949 723 1989 μισοπονεῖ
737 1946 837 1983 Vind.
847 1947 922 1982 BF.

258 1991 351 2026 Mon.
366 1992 421 2046 'C'

260 2037 484 2118 cffssi't‘ffi}
511 2096 543 2129 p.
569 2086 647 2119 424
675 2085 716 2119 c

312 2126 519 2164 Ουκοῦν-
474 2129 756 2175 -μολύνηται;
778 2131 836 2177 Ε.]
861 2130 924 2165 ha-

258 2178 320 2210 bet
355 2177 526 2210 stobaeus
550 2189 650 2211 serm
675 2178 814 2224 X11.p.
844 2177 923 2215 141.

262 2220 345 2257 Οὔκ
368 2222 438 2256 οὐν
458 2226 522 2256 etc.
544 2224 656 2259 Gaisf.

305 2266 474 2324 ταύτὸν]
509 2266 625 2304 ταύτὸ
664 2271 763 2304 Stob.
788 2271 861 2304 cod.
884 2272 925 2304 A.

308 2311 519 2359 ανοὶπηρον]
546 2327 751 2361 αναπειρον
769 2316 862 2351 Μοη.
884 2317 925 2353 C.

259 2361 474 2416 Phrynichus
505 2363 655 2396 Bekkeri
689 2364 807 2397 anecd.
833 2375 866 2408 Ι).
891 2365 926 2405 9,

259 2410 324 2442 22:
350 2404 563 2451 οέναπηρία·
599 2407 661 2442 διοὶ
694 2409 762 2443 τοῦ
796 2413 825 2453 η’
855 2407 927 2453 τὴν

257 2452 486 2509 τρίτην,οὕ
518 2453 583 2488 διὰ
611 2455 678 2499 τῆς
705 2456 736 2490 ἒῖ
740 2454 926 2513 διφθόχ-

257 2511 346 2556 γον,
373 2497 424 2539 ὥς
452 2499 488 2534 οὶ
512 2498 684 2544 αμαθεῑς.
708 2500 750 2536 τὰ
772 2513 838 2545 μεν
856 2513 926 2536 ουν

260 2543 455 2602 ανάπηρος
485 2547 770 2602 καθωμίληται,
815 2547 858 2583 τὸ
891 2545 924 2583 δ’

259 2588 453 2636 ἄναπηρία
471 2591 640 2628 σπάνιον.
680 2595 750 2628 Sed
773 2594 807 2628 in
830 2595 926 2629 Mon.

261 2640 304 2673 C.
337 2649 361 2681 η
395 2641 430 2671 et
464 2650 495 2672 ει
526 2651 631 2684 saepe
664 2642 805 2675 confusa
834 2644 925 2683 sunt,

261 2687 297 2718 et
320 2683 504 2728 Phrynichi
537 2687 753 2732 reprehensio
777 2688 928 2721 fortasse

261 2734 394 2764 tantum
419 2731 461 2764 ad
495 2733 740 2767 substantivum
763 2734 923 2777 pertinet.

263 2777 426 2810 Ceterum
460 2778 596 2820 nescio,
635 2778 715 2823 quid
747 2780 926 2814 Gesnerus

263 2821 486 2868 cogitaverit,
517 2824 575 2870 qui
607 2823 642 2859 in
667 2825 818 2871 margine
842 2827 928 2861 Sto—

977 1067 1056 1102 baei
1080 1079 1142 1113 pro
1169 1064 1367 1112 οἷνοῖπηρον
1391 1080 1468 1103 sese
1491 1068 1645 1114 μετρίαν

978 1114 1076 1149 malle
1101 1114 1261 1148 ostendit.

1025 1159 1176 1218 ψυχὴν]
1202 1161 1301 1206 ψυχῇ
1329 1162 1426 1195 Stob.
1454 1161 1528 1196 cod.
1552 1162 1594 1196 A.

1025 1205 1070 1251 ἣ]
1109 1204 1244 1251 37¹L0b.
1278 1208 1377 1242 Vind.
1401 1208 1445 1243 F.
1477 1213 1565 1242 eta
1598 1207 1690 1248 m.E

981 1265 1032 1300 pr.
1058 1254 1151 1287 Mon.
1177 1254 1217 1286 B.

1029 1300 1130 1344 μισῇ]
1156 1301 1256 1343 μισεῖ
1275 1300 1369 1334 Mon.
1382 1301 1424 1335 O.
1447 1301 1549 1343 μισοι
1560 1299 1646 1335 Lob.

982 1346 1060 1380 vat.
1087 1347 1136 1380 Μ.

1026 1404 1073 1437 φε
1059 1390 1145 1448 ρῇ]
1172 1389 1301 1447 φέρει,
1326 1403 1400 1436 sup.
1425 1402 1471 1436 η,
1497 1392 1592 1427 Mon.
1603 1391 1644 1425 C.

1026 1435 1179 1493 αὐτή]
1205 1435 1302 1483 αὐτῇ
1351 1439 1450 1473 Stob.
1495 1438 1569 1472 cod.
1603 1439 1646 1472 A.

978 1486 1095 1520 Trinc.
1130 1480 1250 1528 αὐτῆς
1275 1486 1384 1518 Gesn

1027 1528 1330 1576 ὑπεραγανακτῇ]
1349 1527 1649 1584 ὑπεραγανακτεῐ

981 1577 1085 1614 Vind.
1112 1578 1153 1612 F.
1180 1578 1279 1612 Stob.
1304 1577 1423 1611 Trinc.
1457 1574 1649 1621 ἀγανακτῇ

985 1624 1060 1657 cod.
1085 1625 1127 1658 A.
1176 1624 1373 1668 Stephanus
1398 1635 1528 1668 mgnum
1545 1623 1650 1656 mter

983 1670 1129 1726 rogandi
1152 1669 1292 1704 addidit.

1029 1714 1073 1750 τὸ
1098 1712 1129 1750 δ’
1145 1735 1194 1741 ——
1219 1713 1434 1761 ἀγανακτῇ]
1463 1727 1527 1750 om.
1551 1714 1647 1750 Mon.

984 1763 1027 1798 C.
1051 1760 1094 1796 τὸ
1122 1759 1161 1795 δε
1181 1767 1246 1797 etc.
1272 1763 1370 1796 Stob.
1397 1763 1478 1796 Bas.
1503 1763 1537 1796 b.

1030 1806 1281 1854 προσδέχηται
1300 1810 1314 1854 ]
1405 1805 1651 1852 προσδέχεται

979 1854 1128 1890 Mon.B
1132 1881 1140 1890 .

1029 1897 1326 1959 ἀμαθαίνουσά]
1342 1895 1526 1943 ἃμαθαίν
1545 1898 1647 1933 Vind.

979 1948 1021 1982 F.
1059 1945 1327 1992 αμαρτανουσα
1351 1948 1438 1990 Ang.
1465 1946 1507 1980 B.

1028 1996 1127 2039 που]
1163 2005 1215 2039 πη
1249 1994 1345 2028 Mon.
1380 1958 1428 2027 Bg
1463 2002 1544 2032 πως
1566 1992 1647 2028 vat.

519 2038 563 2082 τῆ
594 2035 732 2073 τούτου
764 2039 846 2075 vat.
882 2038 922 2073 B.
980 2041 1032 2076 M.

1030 2083 1203 2133 ἀμαθία]
1251 2082 1421 2129 ἄμαθεία
1467 2083 1568 2118 Vind.
1599 2084 1646 2119 Ε.

979 2120 1254 2236 Μῖῗολξνηται]
1272 2174 1471 2220 μολυνεται
1494 2176 1588 2211 Mon.
1607 2177 1646 2212 B.

1030 2223 1102 2261 οὲνδ
1104 2225 1203 2269 ρίαν]
1231 2221 1408 2268 ἀνδρείαν
1434 2224 1519 2258 Lob.
1543 2223 1645 2258 Vind.
1649 2229 1717 2264 536

983 2271 1023 2306 F.
1049 2272 1145 2306 Mon.
1170 2272 1210 2306 C.
1236 2271 1331 2305 Flor.
1356 2270 1496 2305 ACRT.
1523 2270 1644 2316 Stepb.

984 2318 1284 2408 813*ἱῖτὶἓέἥκιστα]
1318 2359 1649 2416 ⁰⁷5x71'25·Vind·B·

983 2411 1088 2466 Mon„
1106 2411 1146 2444 C.
1169 2410 1369 2466 {zon-minus
1386 2410 1463 2443 Fm.

1027 2455 1386 2545 ἔξῑ].“ἓᾈοῖ’ΐῒ.ῗ;
1398 2455 1624 2536 ”33:310ss

1028 2549 1093 2605 τε]
1129 2560 1194 2582 om.
1219 2549 1313 2583 Mon.
1339 2548 1382 2583 C.

1027 2593 1096 2629 τὸν
1114 2592 1298 2650 γνήσιον]
1314 2592 1358 2628 τὸ
1376 2606 1409 2637 γ.
1433 2592 1533 2629 Vind.
1557 2592 1601 2627 E.

1028 2637 1245 2685 ἐπίστηται]
1282 2637 1472 2684 ἐπιστῆται
1504 2637 1583 2674 Bas.
1615 2639 1647 2673 b.

983 2684 1217 2731 ἐπιστήσεται
1239 2687 1325 2731 Ang.
1352 2687 1392 2721 B.
1416 2686 1508 2719 Flor.
1534 2685 1576 2718 R.

1028 2732 1075 2767 τὰ
1103 2734 1285 2788 τοιαῦτα]
1318 2733 1381 2767 His
1413 2732 1513 2776 vulgo
1546 2742 1648 2775 prae-

981 2780 1130 2825 positum
1154 2776 1303 2823 πάντα,
1335 2790 1436 2824 quum
1459 2780 1588 2812 tantum
1613 2778 1648 2812 in

984 2827 1063 2862 Par.
1087 2825 1164 2860 ΒΚ.
1195 2825 1291 2860 Mon.
1315 2825 1356 2860 B.
1391 2825 1483 2860 Flor.
1507 2824 1553 2858 U.
1590 2835 1646 2859 re·
