1807 3219
453 106 793 150 CIVITAS
841 104 966 146 LIB.
997 104 1070 146 Vl.

1101 106 1169 145 495
1422 113 1505 154 ιτς)

105 232 264 276 πτηται
293 217 368 262 καὶ
409 218 584 276 ἕλκηται
613 216 725 274 πρός
754 217 1048 274 φιλοσοφίαν,
1087 217 1130 259 τί
1170 216 1356 274 οἰόμεθα
1395 220 1504 276 δρά-

108 297 202 330 σειν
251 285 446 339 ἐκείνους
488 287 595 340 τοῦς
633 286 908 345 ἡγουμένους
956 283 1203 330 ἀπολλύναι
1245 287 1386 333 αὐτοῦ
1423 289 1504 346 τὴν

110 356 262 412 χρείαν
289 371 336 400 τε
361 355 436 400 καὶ
465 356 709 412 ἑταιρείαν,
740 353 796 398 οὕ
825 358 913 398 πᾶν
932 355 1013 410 μὲν
1034 353 1187 435 ἔργον,
1217 359 1308 399 πᾶν
1332 355 1376 401 δ’
1401 358 1507 410 ἔπος

111 422 320 480 λέγοντάς
351 441 397 469 τε
435 424 510 469 καὶ
548 423 823 479 πράττοντας
861 423 935 466 καὶ
974 422 1074 504 περὶ
1105 421 1265 477 αὐτόν,
1298 424 1418 477 ὅπως
1447 426 1505 471 ἂν

111 491 172 549 μή
201 495 386 550 πεισθῇ,
419 492 495 536 καὶ
522 492 617 546 περὶ
649 490 729 537 τὸν
757 493 994 551 πείθοντα,
1025 490 1146 544 ὅπως
1175 490 1231 535 ἂν
1260 493 1319 550 μή
1357 492 1450 546 οἷός
1469 492 1505 539 τ’

111 556 166 617 ᾗ,
194 561 269 605 καὶ
298 562 388 618 ἰδία
417 559 787 617 ἐπιβουλεύοντας
815 560 889 604 καὶ
923 561 1113 618 δημοσίᾳ
1144 562 1204 612 εἰς
1225 559 1398 618 ἀγῶνας
1427 581 1505 607 κα-

111 628 378 681 θιστάνταςς
407 627 579 686 Πολλὴ,
609 631 637 685 ἡ
675 627 721 674 δ’
751 628 825 682 ὸς,
856 625 1039 685 ἀνάγκη.
1084 627 1235 673 ’Ἐστιν
1267 632 1352 675 οὐν
1385 631 1503 684 ὅπως
1525 637 1593 674 495

111 696 138 742 ὁ
165 700 366 750 τοιοῦτος
394 697 712 754 φιλοσοφήσεις

767 693 832 740 Οὐ
871 693 1004 739 πάνυ.

1058 694 1191 754 Ὁρᾷς
1221 694 1327 751 οὖν,
1369 694 1426 757 ἦν
1457 700 1504 744 δ’

109 765 221 824 ἐγώ,
260 765 330 812 ὅτι
365 765 421 811 ού
450 770 598 819 κακῶς
626 765 855 822 ἐλέγομεν,
898 762 959 816 ὥς
989 762 1076 819 ἄρα
1099 766 1175 810 καὶ
1203 763 1314 810 αὐτὰ
1345 766 1398 811 τὰ
1427 770 1505 824 τῆς

110 939 177 969 tur.
226 935 450 972 cf..L111.
487 932 778 982 p..=402A62'

111 979 335 1026 οἰκειότητα.

156 1048 210 1091 εἴς
229 1048 483 1096 αἰσθανηταί]
521 1048 578 1091 οἷς
598 1050 650 1085 αἰ.
675 1050 777 1085 Vind.

108 1097 153 1132 E.
186 1098 266 1131 Par.
299 1097 343 1132 K.
377 1109 446 1131 see.
478 1097 590 1132 Bekk.
633 1092 703 1141 ⁷7³6
725 1096 777 1131 αἰ.

108 1144 195 1179 Lob.
224 1139 326 1179 Vind.
350 1144 392 1177 B.
424 1144 503 1178 Vat.
529 1143 577 1177 M.
613 1142 774 1178 εἰσαίσθ,

105 1190 208 1225 Vind.
231 1190 277 1224 F.
309 1189 414 1224 αἰσθ.
437 1189 582 1233 (emisso
601 1186 670 1234 εἷς)
687 1190 774 1233 Ang.

105 1236 147 1270 B.
181 1233 454 1280 διαισθάνηταί
485 1235 579 1269 Μοιι.
603 1235 644 1269 Β.
679 1235 776 1269 Flor.

104 1282 151 1317 U.
202 1286 239 1317 et
284 1281 561 1323 Stallbaumius‚
608 1281 777 1323 nesciens,

105 1328 187 1372 quid
211 1329 278 1364 isto
298 1325 350 1368 εἷς
373 1327 567 1362 faciendum
591 1327 648 1361 sit.
697 1327 777 1362 Sci-

103 1375 187 1410 licet
220 1372 290 1410 τόν
318 1370 419 1409 οὕτω
445 1371 710 1417 διατιθέμενον
733 1384 777 1408 ex

106 1421 343 1466 superioribus
366 1421 402 1456 in
426 1425 539 1454 mente
562 1420 692 1454 habens
709 1431 777 1454 non

104 1468 248 1502 videbat
270 1468 325 1502 hie
348 1478 416 1501 non
440 1466 508 1500 iam
532 1466 688 1507 eundem,
714 1465 777 1500 sed

104 1525 210 1548 unum
243 1513 391 1559 aliquem
424 1524 468 1547 ex
493 1512 611 1546 eodem
634 1523 776 1546 numero

104 1560 279 1605 designari
311 1571 457 1605 eumque
489 1556 555 1593 ἕνα
579 1558 668 1600 dici,
694 1558 776 1603 quia

103 1606 147 1641 de
178 1606 334 1651 pluribus
366 1605 456 1640 idem
486 1605 684 1651 praedicari
708 1616 775 1639 non

105 1618 210 1699 posge
231 1652 418 1688 videretur.

61 1723 96 1764 E
153 1719 216 1767 τέ]
243 1732 286 1756 ex
308 1721 388 1756 Par.
399 1721 441 1754 A.
465 1721 551 1756 Ven.
575 1719 616 1754 C.
641 1719 777 1755 aBek-

109 1768 194 1802 kero
231 1767 385 1802 additum
416 1771 453 1801 et
484 1778 505 1802 a
549 1766 777 1801 Stallbaumio

109 1814 153 1849 in
169 1825 239 1848 sec.
263 1818 441 1859 receptum
472 1816 545 1855 est,
582 1813 673 1858 quod
705 1812 776 1846 uti-

106 1872 175 1906 que
205 1860 339 1895 illorum
372 1859 535 1894 librorum
577 1858 775 1894 auctoritati

105 1907 212 1941 tribui
235 1906 350 1941 debet.
397 1905 537 1952 Reliqui
560 1915 601 1939 eo
621 1908 750 1939 carent.

153 1973 301 2031 ἕλκηται
324 1995 372 2000 -
391 1972 564 2019 δράσειν]
600 1969 774 2019 ἤλεγκται

106 2041 153 2048 --
171 2019 346 2067 δράσσειν
368 2021 528 2058 Vind.F

154 2088 388 2136 οἷπολλυναι]
427 2086 636 2125 ἇπολλῦναι
671 2088 773 2124 idem.

104 2136 247 2171 Ficinus
269 2138 335 2172 hoe
358 2148 434 2171 cum
466 2147 527 2171 sex
551 2136 775 2182 sequentibus

103 2193 287 2228 perperam
318 2184 499 2218 monitoris
523 2183 618 2217 illius
649 2194 713 2216 usu
739 2186 775 2217 et

104 2230 348 2264 consuetudine
358 2231 608 2264 adolescentem
618 2240 770 2262 corrum—

99 2276 142 2320 pi
169 2275 415 2321 interpretatus
449 2274 596 2320 ideoque
627 2285 649 2308 a
689 2274 771 2308 St&

103 2321 216 2367 phano
239 2333 273 2368 p.
298 2323 355 2358 23.
379 2324 516 2356 notatus
536 2323 601 2355 est.

149 2387 349 2435 ἑταιρείαν]
378 2387 546 2434 ἑταιρίαν
562 2389 649 2424 Lob.
669 2388 770 2425 Vind.

100 2436 207 2471 BEF.
232 2437 309 2482 Aug
310 2438 369 2471 ..Β
393 2438 474 2474 Vat.
486 2436 535 2472 M.
564 2435 619 2470 Cf.
643 2436 720 2471 Vol.
741 2435 769 2469 I.

99 2494 136 2528 p.
163 2484 242 2524 137,
267 2495 299 2518 a.
323 2483 393 2518 Pro
417 2483 514 2527 signo
537 2481 772 2526 interrogandi

99 2528 290 2612 ἓὲὲὲηξᾶε.
324 2530 380 2565 ab.
416 2540 546 2564 comma
578 2527 771 2574 appositum

146 2641 216 2689 ου’]
249 2642 314 2679 καὶ
350 2644 432 2680 Bas.
467 2645 502 2679 b.
557 2643 653 2677 Idem
688 2642 769 2677 Ste-

100 2689 232 2770 pigi-im?
249 2691 362 2771 ple2'3
379 2690 768 2772 osianlggsvetvufxgetnge

99 2739 298 2827 {estponin
302 2748 364 2820 gg&
386 2787 501 2819 tamen
524 2747 765 2819 servataginfi-

835 933 977 969 nitivum
1012 934 1237 969 διατελέσειν
1260 936 1316 969 vel
1339 933 1387 970 οὗ
1405 934 1500 970 παύ-

835 982 970 1015 σεσθαι
992 980 1026 1015 ἱιι
1050 981 1119 1014 fine
1141 981 1277 1026 periodi
1297 988 1374 1026 post
1393 984 1502 1017 καθι-

834 1024 997 1067 στάντας
1021 1026 1218 1070 desider,at
1243 1028 1326 1074 quia
1351 1026 1503 1072 δράσειν

834 1073 925 1107 haud
956 1076 1038 1118 apte
1083 1077 1311 1118 repeteretul.
1372 1076 1504 1110 Contra

834 1120 953 1154 Astius
976 1120 1011 1153 in
1035 1130 1153 1153 comm.
1179 1120 1388 1174 participia,
1413 1133 1504 1167 quae

833 1168 1045 1210 sequuntur,
1077 1165 1122 1199 ad
1147 1163 1310 1209 οἰόμεθα
1336 1168 1444 1201 refert
1467 1171 1504 1202 et

834 1190 1080 1246 infinitivonim
1112 1211 1186 1245 loeo
1221 1213 1335 1257 posita
1367 1214 1503 1255 statuit,

833 1257 934 1302 quasi
968 1254 1072 1301 οιμαί
1098 1268 1137 1292 σε
1166 1255 1322 1302 λέγοντα
1344 1258 1433 1293 idem
1455 1260 1503 1294 si-

833 1303 999 1358 gnificare
1030 1303 1162 1348 possit,
1209 1305 1301 1350 quod
1336 1301 1441 1348 οἶμαί
1464 1315 1504 1340 σε

833 1347 971 1393 λέγειν,
998 1353 1123 1394 atque,
1147 1353 1186 1383 ut
1208 1351 1341 1395 possit,
1365 1352 1505 1386 hicnon

832 1395 940 1430 futuri
972 1396 1107 1440 potius,
1162 1408 1264 1441 quam
1309 1398 1505 1442 praesentis

832 1441 996 1487 temporis
1029 1441 1215 1487 participia
1238 1444 1396 1497 ponenda
1418 1444 1505 1478 fuis-

832 1490 920 1523 sent.
955 1487 1042 1522 Mihi
1065 1487 1150 1521 haec
1173 1489 1357 1535 participia
1376 1501 1505 1535 gerun-

832 1534 965 1568 diorum
994 1534 1062 1568 vim
1096 1533 1225 1568 habere
1255 1538 1291 1569 et
1315 1536 1504 1592 appositio-

832 1580 886 1614 nis
909 1579 1009 1614 modo
1035 1579 1078 1613 ad
1097 1580 1206 1615 verba
1222 1581 1260 1615 τί
1281 1580 1432 1626 δράσειν
1446 1593 1503 1617 re-

832 1626 975 1660 ferenda
998 1625 1180 1660 videntur.
1216 1630 1503 1673 quemadmodum

831 1673 912 1707 illos
955 1678 1197 1707 transacturos
1233 1675 1379 1719 putas?
1435 1687 1504 1711 mm

833 1719 951 1754 omnia
969 1719 1140 1754 tentando
1165 1722 1230 1753 etc.
1239 1720 1258 1755 2

879 1784 921 1822 δ’
942 1785 1031 1827 ε’πος
1059 1785 1270 1833 λέγοντας]-
1288 1787 1329 1822 δὲ
1346 1788 1502 1845 προσλέ-

830 1845 968 1878 ’γοντας
991 1835 1077 1869 Ven.
1105 1834 1147 1868 C.
1172 1834 1252 1869 Par.
1270 1834 1346 1870 DK.
1372 1833 1412 1870 δὲ
1435 1834 1502 1881 ῥῆ-

831 1892 883 1924 μα
917 1877 1192 1925 προσλέγοντας
1225 1880 1318 1915 Mon.
1344 1882 1386 1916 Β.
1422 1886 1458 1916 et
1481 1894 1503 1917 a

831 1938 875 1961 ιιι.
901 1937 930 1961 s.
961 1926 1057 1961 Flor.
1083 1927 1129 1962 U.
1172 1923 1216 1981 δ’
1236 1939 1306 1972 επη
1328 1925 1503 1972 λέγοντας

830 1974 911 2008 Vat.
935 1973 977 2007 B.
1025 1972 1067 2006 In
1089 1972 1243 2018 margine
1266 1974 1346 2010 Par.
1371 1975 1415 2010 D.
1441 1973 1501 2011 λό-

828 2030 896 2063 γον
920 2018 1084 2064 scriptum
1107 2022 1171 2053 est.

876 2083 1021 2133 αὐτὸν]
1049 2084 1179 2122 αὐτῶν
1204 2087 1305 2123 Vind.
1329 2088 1374 2122 F.

876 2153 1049 2201 οἷγῶνας]
1087 2154 1218 2200 ἀγῶνα
1246 2159 1334 2193 Ven.
1357 2158 1399 2193 Β.
1423 2169 1499 2193 mun

831 2201 930 2237 editis
954 2205 1034 2237 ante
1057 2203 1266 2238 Bekkerum.
1357 2216 1363 2222 ·

827 2317 860 2352 F
874 2269 1134 2352 φᾶἐοσοῖήσει]
1147 2270 1386 2318 φιλοσοφήση
1396 2272 1497 2309 Vind.
1520 2276 1590 2311 495

863 2344 871 2352 .
937 2329 979 2351 on
1048 2344 1057 2353 .

873 2360 951 2420 Ου]
978 2363 1055 2399 Καὶ
1078 2365 1159 2400 Bas.
1183 2366 1217 2400 b.

873 2406 1013 2457 Ορᾷς]
1051 2406 1128 2454 ἄρα
1151 2412 1231 2447 Par.
1256 2412 1298 2446 A.
1322 2410 1424 2448 Vind.
1452 2411 1497 2448 Ε.

829 2448 924 2502 ἆρα
932 2446 1029 2492 Flor.
1052 2457 1127 2493 Ac.

876 2496 968 2547 οὖν]
997 2515 1063 2538 om.
1086 2503 1176 2539 Lob.
1211 2501 1312 2539 Vind.
1337 2503 1378 2537 B.
1416 2504 1497 2540 vat.

826 2548 906 2583 ΒΜ.
931 2549 1008 2584 Fic.

871 2589 947 2652 ἦν]
974 2597 1036 2630 int.
1060 2606 1150 2629 vers.
1175 2605 1196 2627 a
1220 2606 1263 2630 m.
1285 2607 1313 2630 s.
1338 2595 1441 2630 Vind.
1453 2596 1498 2630 F.

873 2639 1069 2685 ἐλέγομεν]
1120 2637 1273 2684 λέγομεν
1316 2642 1418 2677 Vind.
1451 2642 1497 2677 E.

825 2688 905 2724 Vat.
929 2688 975 2721 H.
1000 2687 1097 2721 Flor.
1122 2686 1166 2722 T.
1215 2686 1270 2721 Cf.
1295 2698 1329 2733 p.
1355 2687 1435 2724 491.
1455 2688 1496 2723 Β.

871 2746 923 2773 ως
942 2753 989 2758 -
1012 2729 1128 2778 ὅταν]
1156 2746 1221 2769 om.
1246 2733 1349 2770 Vind.
1373 2734 1418 2770 F.

871 2779 934 2815 καὶ
955 2776 1079 2824 αὐτοὶ]
1107 2792 1172 2814 om.
1196 2780 1274 2815 Fic.

1213 2837 1259 2878 M
1280 2842 1302 2875 2
