1807 3219
280 155 366 194 336

727 152 1207 197 PLATONIS

280 265 402 308 τείαν
432 262 655 320 σώσομεν,
686 262 892 316 ἀλλοίους
923 266 969 309 δὲ
999 264 1180 322 ἄγοντες
1208 265 1278 309 ἐπὶ
1299 268 1438 325 ταῦτα
1457 263 1666 319 τάναντία

282 332 427 376 πάντα
455 333 529 376 καὶ
567 333 790 389 πράξομεν
822 334 896 376 καὶ
935 326 1202 390 φιλοσοφίας
1240 334 1300 377 ἔτι
1338 334 1471 376 πλείω
1500 333 1666 389 γέλωτα

283 401 646 458 καταντλήσομεν.

707 400 902 456 Αίσχρὸν
931 401 1044 458 μέντ’
1075 401 1130 445 ἄν
1160 404 1244 459 εἴη,
1281 397 1309 458 ἦ
1341 400 1380 444 δ’
1413 400 1474 452 ός.

1538 401 1667 445 Πάνυ

281 469 361 553 μὲν
394 471 502 520 οὐν,
534 467 673 512 εἷπον.
723 474 900 525 γελοῖον
938 469 977 514 6'
1010 471 1142 527 ἐγωγε
1181 472 1253 514 καὶ
1295 470 1342 514 ἐν
1381 472 1442 527 τῷ
1482 469 1669 523 παρόντι

214 539 246 580 C
278 537 402 581 ἔοικα
432 543 603 580 παθεῖν.
651 538 712 581 Τὸ
742 544 897 588 ποῖονς
929 538 1024 595 ἐᾞφη

1063 537 1390 595 Ἐπελαθόμην
1422 532 1479 594 ἧν
1502 536 1545 581 6²
1569 538 1667 593 ἐγώ,

281 606 351 649 ὅτι
386 606 639 661 ἐπαίζομεν,
680 607 754 649 καὶ
798 611 964 662 μᾶλλον
1008 608 1308 664 ἐντεινάμενος
1340 606 1477 651 εἶπον.
1529 607 1669 663 λέγων

276 674 360 729 γάρ
394 673 485 728 ἅμα
518 675 677 731 ἔβλεψα
706 675 818 728 πρὸς
847 678 1121 731 φιλοσοφίαν
1151 677 1224 719 καὶ
1254 676 1360 719 ἰδών
1384 680 1685 733 προπεπηλα-’

276 741 487 799 κισμένην
519 741 703 795 ἀναξίως
729 741 1032 800 ἀγανακτήσας
1060 761 1135 799 μοι
1166 746 1283 787 δοκῶ
1313 744 1563 800 καὶ’ὤσπερ
1583 751 1669 789 θυ-

283 812 445 866 μωθεὶς
474 817 567 862 τοῖς
599 814 753 863 αἰτίοις
791 812 1142 866 σπουδαιότερον
1178 812 1313 854 εἰπεῖν
1342 810 1373 854 α’
1402 811 1538 857 εἶπον.

770 880 937 924 οὔκουν
978 879 1036 932 ὥς
1081 880 1117 936 γ’

280 879 340 934 μοὶ
373 880 451 923 τὸν
482 878 574 932 Δί’,
617 881 728 938 ἔφη,

282 947 342 998 ὥς
372 948 487 1004 ἐμοὶ,
530 946 586 1005 ἦν
617 949 662 993 6’
694 949 799 1005 ἐγώ,
843 948 1008 1006 ῥήτορι.

1603 812 1668 858 Οὐ

1150 879 1245 934 ἐμοὶ
1294 878 1499 938 ἀκροατῇ.
1556 881 1665 926 Ἀλλ’

1068 947 1168 992 τόδε
1200 948 1246 992 δὲ
1278 948 1335 1004 μή
1368 950 1668 994 ἐπιλανθανώ-

281 1022 415 1071 μεθα,
461 1015 528 1060 ὅτι
558 1017 604 1061 ἐν
632 1018 711 1075 μὲν
738 1022 791 1076 τῇ
830 1018 1021 1076 προτέρᾳ
1061 1017 1217 1074 ἐκλογῇ
1254 1017 1500 1074 πρεσβύτας
1539 1019 1669 1071 ἐξελέ-

220 1083 259 1125 D
283 1101 443 1141 γομεν,
495 1085 543 1128 ἐν
583 1086 628 1130 δὲ
667 1086 804 1143 ταύτῃ
845 1084 928 1130 οὐκ
971 1084 1214 1142 ἐγχωρήσει.
1273 1085 1448 1130 Σόλωνι
1490 1085 1572 1142 γάρ
1598 1085 1669 1146 ,οὐ

282 1154 502 1206 πειστέον,
553 1154 611 1206 ὠς
645 1154 878 1212 γηράσκων
914 1172 979 1206 τις
1009 1154 1151 1199 πολλὰ
1193 1154 1381 1206 δυνατός
1410 1153 1668 1211 μανθάνειν,

284 1220 381 1266 ἀλλ’
414 1217 571 1279 ἦττον,
596 1222 645 1280 ἢ
675 1224 862 1281 τρέχειν·
901 1225 1016 1268 νέων
1046 1223 1091 1268 δὲ
1118 1223 1276 1275 πάντες
1306 1226 1351 1267 οἱ
1378 1222 1560 1286 μεγάλοι
1595 1224 1670 1273 καὶ,

281 1346 442 1395 ἀληθεία
473 1348 767 1393 interpretandum
807 1349 944 1384 videtur

282 1396 379 1428 Crat.
406 1407 438 1440 p.
461 1395 540 1430 433.
564 1396 607 1428 A.

325 1437 435 1485 ἡμῖν]
472 1446 551 1487 post
579 1438 626 1475 οὗ
655 1439 840 1486 μέμψεται
863 1442 944 1476 Ρ31·.

320 1530 515 1576 ἀλλοίους]
559 1529 732 1573 άλλοῖὀυς
763 1533 865 1569 Vind.
900 1535 944 1567 F.

283 1577 439 1618 οἷλλοίως
463 1580 548 1614 Lob.
573 1580 665 1613 Mon.
693 1581 732 1613 B.
758 1581 838 1615 vat.
865 1581 945 1614 ΒΜ.

280 1628 367 1661 Ven.
411 1627 452 1660 C.
499 1627 580 1660 Par.
625 1627 669 1660 Κ.
718 1638 787 1661 sec.
835 1627 944 1662 Bekk.

279 1672 373 1706 Flor.
398 1673 442 1705 U.

325 1717 389 1752 καὶ
417 1715 627 1762 πράξομεν]
665 1717 728 1752 καὶ
752 1731 817 1753 om.
842 1719 944 1754 Vind.

280 1765 323 1798 F.
358 1765 452 1798 Mon.
477 1765 548 1798 BC.
587 1765 668 1800 Par.
703 1765 746 1800 D.
791 1767 876 1809 Ang.
903 1766 942 1799 B.

280 1811 374 1846 Flor.
408 1811 484 1845 RU.
530 1811 606 1845 Ald.
643 1811 722 1845 Bas.
755 1823 785 1846 3.
820 1812 942 1857 steph.

279 1859 352 1891 Ast.
380 1868 432 1902 pr.
458 1868 525 1892 sec.
548 1858 670 1892 Stallb.
696 1870 763 1891 sec.
812 1858 880 1891 Est
902 1858 943 1892 il-

279 1903 336 1937 lud
378 1902 490 1948 paullo
537 1903 736 1937 insolentius
764 1904 944 1958 positum,

280 1950 342 1984 sed
365 1950 435 1990 ita,
460 1952 498 1982 ut
515 1947 698 1984 τάναντία
719 1948 843 1984 πάντα
862 1962 943 1995 par-

279 1996 339 2029 tim
364 1996 406 2029 ad
431 1995 584 2029 civitatis
603 1996 838 2038 conditionem,
858 2009 944 2042 qua

279 2042 345 2075 lem
386 2041 509 2086 ineptis
552 2042 765 2087 indignisque
801 2024 844 2077 agl
885 2043 943 2078 illa

278 2087 394 2122 studia
426 2088 595 2124 admissis
642 2089 816 2133 experturi
863 2089 943 2131 sint,

279 2134 403 2179 paitim
427 2134 469 2167 ad
495 2134 682 2178 opinionem
700 2136 868 2169 hominum
890 2140 944 2169 at-

279 2192 346 2225 que
379 2179 661 2214 existimationem
699 2181 943 2226 philosophiae,

278 2238 379 2270 quam
404 2227 500 2270 sequi
525 2238 677 2261 errorem
714 2228 818 2261 istum
842 2239 942 2272 opor-

278 2275 371 2314 teat,
404 2275 561 2316 spectare
595 2276 630 2306 et
652 2279 832 2319 utramque
861 2286 938 2307 con-—

276 2322 352 2360 tra,
393 2330 493 2363 quam
526 2319 653 2353 dictum
690 2321 941 2365 optandumque

277 2364 342 2406 s3,t
366 2375 521 2398 casuram
544 2377 621 2399 esse
644 2365 823 2421 significet.

277 2407 437 2489 Μὲῗῗῖἓ.
447 2406 545 2492 Ἥ]
549 2409 677 2492 μέὲἃέ.
696 2424 750 2492 5131
774 2412 939 2502 νξιῖ3ιὲῥ

275 2501 376 2537 Vind.
397 2503 440 2536 E.

325 2548 404 2593 εἴη]
431 2560 495 2582 om.
522 2548 615 2582 Mon.
640 2549 682 2585 Β.

321 2593 371 2637 η’]
399 2606 462 2627 οηι.
488 2594 590 2630 Vind.
614 2595 654 2631 F.

321 2641 481 2684 γελοῖον]
506 2638 651 2732 γέλοΡιον
674 2642 759 2677 Lob.
782 2641 882 2678 Vind.
894 2642 939 2677 F.

277 2685 333 2720 Cf.
358 2686 456 2719 huius
480 2687 555 2722 Vol.
641 2688 694 2723 14.

321 2699 601 2823 Ἑπέιέᾙοῖξῖ
605 2735 653 2824 1¹³

276 2824 315 2859 M
400 2824 442 2858 C
691 2776 940 2825 η’πελαθόμην

316 2836 371 2860 on.

1000 1395 1033 1429 d
1047 1346 1301 1392 ἐντεινάμενος
1321 1350 1333 1393 ]
1416 1346 1712 1393 ἐντεινόμενοςΟ

998 1408 1010 1429 1
1036 1408 1097 1430 em.

1046 1439 1139 1486 γάρ]
1172 1439 1243 1485 γὰρ
1276 1436 1354 1484 ἅμα
1387 1442 1482 1476 Mon
1516 1442 1557 1476 B.
1594 1442 1667 1475 for—

1001 1491 1095 1521 tasse
1120 1500 1212 1522 vere.
1260 1488 1320 1521 Sic
1344 1489 1446 1545 Aquolx
1475 1500 1509 1544 p.
1534 1489 1591 1522 32.
1615 1489 1665 1522 A.

1004 1531 1050 1568 ι’ν’
1067 1534 1209 1577 εἰδῆτε,
1237 1529 1296 1568 ὅτι
1320 1531 1401 1568 οὐδ’
1424 1531 1471 1567 ἂν
1491 1531 1545 1568 ἑνὶ
1561 1545 1665 1568 νπει-

1002 1578 1162 1623 πάθοιμι
1179 1578 1282 1623 παρὰ
1299 1579 1342 1614 τὸ
1372 1581 1518 1614 δίκαιον
1540 1580 1666 1619 δείσας

1001 1624 1175 1660 θάνατον
1199 1651 1209 1667 ‚
1255 1624 1303 1681 μὴ
1333 1623 1495 1660 νπείκων
1524 1623 1563 1660 δὲ
1588 1622 1666 1669 ἅμα

1002 1672 1064 1706 καὶ
1087 1669 1147 1715 ἅμ’
1173 1685 1221 1706 αν
1249 1669 1466 1716 ἀπολοίμην.
1492 1684 1591 1718 quem
1613 1675 1666 1707 lo-

1002 1731 1077 1752 cum
1101 1721 1186 1752 bene
1210 1719 1372 1763 explicuit
1402 1719 1584 1753 Fischerus
1608 1731 1663 1753 re

1001 1770 1122 1810 cteque
1156 1777 1230 1798 cum
1264 1765 1509 1810 Xenophonteo
1536 1765 1653 1811 Cyrop

1002 1811 1065 1846 III.
1093 1814 1125 1854 1,
1152 1813 1205 1846 15.
1232 1812 1325 1856 (27.)
1351 1811 1549 1856 composuit.

1049 1878 1469 1936 προπεπηλακισμένην]
1503 1890 1664 1926 προσπε-

1000 1924 1275 1971 πηλακισμένην
1298 1928 1379 1961 Par.
1401 1927 1444 1961 D.

1048 1993 1239 2040 άγανακτή
1243 2006 1309 2036 σας
1326 1997 1338 2040 ]

999 2042 1094 2076 Μοῃ.
1119 2043 1159 2078 Β.
1185 2043 1277 2076 Flor.
1303 2043 1348 2076 U.

1046 2085 1139 2132 Δί’]
1167 2089 1231 2122 δία
1259 2089 1351 2123 Mon.
1376 2089 1416 2122 B.
1441 2089 1521 2122 Bas.
1547 2089 1581 2122 b.

1048 2132 1145 2179 ἔφη]
1170 2135 1226 2169 Ita
1248 2135 1336 2170 Lob.
1361 2135 1422 2169 sed
1446 2146 1536 2171 corr.
1567 2132 1662 2180 ἔφην

1000 2181 1078 2214 Vat.
1104 2181 1154 2216 M.

1045 2224 1077 2271 γ’
1101 2225 1202 2272 ἐμοὶ]
1230 2224 1311 2271 ἐμοὶ
1337 2227 1490 2263 Vind.F.
1514 2229 1600 2272 Aug.
1620 2228 1661 2262 B.

997 2273 1092 2306 Flor.
1117 2274 1160 2307 R.
1184 2285 1222 2317 γε
1239 2285 1303 2317 μοι
1324 2273 1512 2317 φαίνεται,
1535 2286 1554 2308 e
1573 2286 1661 2308 corr.

996 2330 1035 2363 γε
1051 2331 1133 2362 μοι,
1160 2320 1252 2353 Mon.
1281 2320 1321 2353 C.

1042 2363 1156 2410 τόδε]
1185 2363 1233 2400 ον’
1253 2363 1342 2400 τόδε
1366 2366 1465 2402 Vind.
1490 2366 1531 2400 F.
1563 2366 1661 2399 Flor.

1043 2456 1106 2514 δε]
1133 2456 1178 2502 δὴ
1205 2459 1285 2493 Vat.
1311 2458 1360 2492 M.

1042 2501 1403 2561 ἐπιλανθανωμεθα]
1438 2504 1494 2537 Ita
1517 2503 1603 2537 Lob.
1626 2503 1661 2536 in

995 2551 1049 2583 νθ
1075 2563 1162 2585 corr.
1202 2547 1535 2593 ἐπιλανθανόμεθα
1559 2550 1659 2585 Vind.

996 2596 1272 2698 Επρεσβύτας]
1301 2643 1341 2676 L.
1365 2642 1429 2676 111.
1455 2653 1490 2686 p.
1512 2642 1590 2677 412.
1617 2642 1658 2678 C.

1044 2700 1114 2722 ουκ
1133 2686 1350 2733 ἐγχωρησει]
1385 2685 1524 2732 οὕκεγχ.
1557 2689 1657 2725 Vind.

996 2732 1218 2825 ΒἼὶῖἶόλωνι]
1255 2780 1310 2816 Cf.
1345 2781 1391 2816 N.
1418 2782 1544 2815 Bachz'i
1576 2781 1658 2815 diss.

999 2827 1043 2862 de
1071 2827 1208 2862 Solonis
1241 2828 1446 2862 carminibus
1465 2853 1476 2870 ,
1522 2828 1661 2862 Bonnae

1411 2008 1457 2040 αγ
1461 1976 1600 2041 ανακτῆ
1605 2006 1666 2031 σαι
