1807 3219
302 156 386 197 132

758 149 1228 194 PLATONIS

302 262 507 314 ὡσαύτως
536 263 743 319 ἔχουσαν,
780 263 918 308 πολλοὶ
945 262 991 307 δὲ
1019 262 1072 306 τοὶ
1102 259 1213 306 καλοὶ
1244 262 1429 316 νομίζει,
1459 261 1622 315 ἐκεῖνος
1650 263 1674 308 ὁ

301 330 587 388 φιλοθεάμων
616 332 690 374 καὶ
718 330 893 389 οὐδαμῇ
923 329 1204 387 ἀνεχόμενος,
1256 326 1313 372 ἄν
1341 346 1407 380 τις
1433 331 1483 372 ὲν
1511 331 1560 374 τὸ
1589 347 1676 374 κα-

301 397 381 443 λὸν
409 402 473 456 φῇ
502 395 614 442 εἶναι
642 399 717 442 καὶ
746 399 918 442 δίκαιον
946 398 1019 442 καὶ
1059 392 1193 441 τᾶλλα
1223 395 1353 440 οὕτω.
1393 395 1564 440 τούτων
1592 399 1676 454 γάρ

303 466 377 524 δὴ,
417 461 452 510 ὦ
491 465 663 521 ἄριστε,
707 464 930 522 φήσομεν,
977 469 1067 508 τῶν
1105 468 1280 508 πολλῶν
1317 469 1466 508 καλῶν
1505 469 1601 522 μῶν
1639 483 1682 510 τι

303 535 444 586 ἔστιν,
490 533 516 578 δ
546 533 629 578 οὐκ
660 532 841 590 αἰσχρόν
879 531 1138 590 φανήσεταις
1189 533 1264 577 καὶ
1292 537 1381 576 τῶν
1420 535 1627 585 δικαίων,
1656 534 1682 578 ὃ

303 601 387 645 οὐκ
415 601 595 652 biduom
628 601 702 645 καὶ
729 605 819 644 τῶν
848 599 1005 652 ὁσίων,
1038 599 1064 644 ὃ
1094 599 1176 644 οὐκ
1201 599 1408 651 ἀνόσιον;
1444 600 1561 653 Οὔκ,
1593 600 1680 645 ἀλλ’

241 672 276 712 Β
308 666 498 725 ἀνάγκη,
529 670 635 724 ἔφη,
665 669 739 713 καὶ
768 668 879 713 καλοί
908 684 999 719 πως
1032 666 1143 712 αὐτὰ
1179 668 1253 712 καὶ
1289 669 1444 725 αἰσχρὰ
1473 674 1682 726 φανῆναι,

360 737 370 753 ἱ
417 736 438 750 ΡΙ
547 734 568 750 ³¹
696 736 708 751 Ί
811 740 828 748 -e

302 753 374 781 και
413 748 495 781 οσα
538 741 650 780 αλλα
691 752 866 794 ερωτᾳς.

302 886 399 925 ιιονίς
425 885 484 920 sed
508 885 596 931 quod
612 884 866 930 perspicuitatis
883 896 963 930 gra-

303 933 351 965 tia
382 932 553 967 Phaedon.
589 943 622 977 p.
653 933 730 965 108.
761 931 802 964 Β.
835 932 963 964 factum

301 979 453 1012 videmus
474 977 510 1010 in
540 977 656 1011 verbis
679 975 750 1020 τὴν
778 973 844 1019 μὲν
870 973 961 1010 οἶκοί-

300 1025 446 1066 θαρτον
471 1022 535 1082 ηαί
557 1035 594 1056 τι
618 1025 871 1078 πεποιηκυῖαν
886 1033 960 1056 τοι·

303 1070 437 1125 οῦτον,
458 1067 494 1123 ᾐ
517 1066 646 1124 φόνων
674 1065 814 1102 ἀδίκων
848 1065 960 1112 ἡμμέ-

300 1127 368 1160 νην
396 1111 417 1158 ἢ
452 1110 545 1148 ἄλλα
580 1110 675 1147 ἄττα
702 1113 862 1148 τοιαῦτα
890 1113 960 1168 εἰρ-

300 1159 505 1215 γασμένην,
533 1156 557 1193 ἃ
586 1158 730 1193 τούτων
741 1157 901 1214 αδελφοί
922 1170 962 1192 τε

301 1206 363 1240 καὶ
382 1185 555 1261 ἀδελφῶν
572 1205 706 1248 ’ψυχῶν
730 1203 815 1248 ἔργα
831 1202 963 1258 τυγχά-

299 1264 357 1286 νει
377 1248 483 1295 ὄντα,
507 1249 647 1295 ταύτην
670 1249 736 1294 μὲν
757 1250 854 1290 ἅπας
873 1247 962 1294 φεύ·

300 1310 377 1342 γει,
413 1298 472 1331 ubi
507 1297 613 1331 codex
635 1297 851 1351 Augustanus
875 1297 961 1330 alte-

301 1356 376 1377 ιιιιιι
416 1355 481 1387 μεν
524 1347 602 1388 post
645 1340 787 1386 ταύτην
827 1342 960 1383 omittit,

300 1390 387 1423 idem
420 1389 652 1433 insigniendae
688 1392 724 1422 et
754 1388 962 1431 distinguen-

301 1438 364 1468 dae
389 1435 535 1469 notionis
559 1446 682 1468 caussa
704 1435 737 1468 h.
759 1435 782 1468 l.
806 1434 881 1467 fieri
899 1445 961 1478 po-

301 1481 406 1514 tuisse
438 1481 588 1515 videtur.
645 1480 743 1514 Hanc
774 1480 860 1514 enim
894 1479 961 1513 vim

299 1538 366 1569 μεν
407 1538 613 1560 cmmnunem
652 1526 756 1559 habet
795 1537 869 1559 qun
908 1536 959 1569 γε,

301 1573 390 1618 quod
415 1572 495 1617 quia
519 1572 626 1605 solum
649 1568 708 1605 ἀεὶ
727 1571 884 1605 afficeret
901 1583 960 1604 ne-

302 1630 368 1663 que
391 1618 434 1651 de
457 1618 614 1663 opposito
647 1617 793 1661 cogitari
814 1617 960 1658 iuberet,

301 1664 411 1697 minus
435 1667 551 1709 aptiun
575 1663 630 1697 hic
653 1666 739 1697 erat.
765 1663 821 1697 cf.
843 1663 918 1698 Vol.
933 1662 960 1697 I.

302 1722 335 1755 p.
358 1712 448 1752 229,
472 1721 505 1744 a.
529 1712 621 1754 etp.
644 1710 724 1745 310.
748 1720 800 1754 sq.

346 1786 441 1822 κατὰ
463 1784 602 1831 ταύτὰ]
620 1784 716 1821 κατὰ
732 1787 853 1821 ταῦτα
862 1786 961 1824 Vind.

300 1835 374 1869 BF.
399 1846 493 1868 κατα
503 1834 624 1868 ταῦτα
647 1833 733 1869 Lob.

348 1899 526 1942 ὥσοιύτως
558 1900 732 1945 ε’χουσαν]
766 1913 794 1934 ω
821 1911 960 1957 σωκρα-

300 1959 360 1989 τες
379 1946 535 2005 i'zpvaoev
559 1948 646 1982 Lob.
669 1949 750 1983 Vat.
773 1946 824 1982 M.
858 1944 959 1990 ε’χου-

301 2005 371 2029 σαν
390 1996 422 2028 ω’
444 1992 626 2039 στόκρατες
647 1993 749 2030 Vind.
771 1993 813 2027 B.

347 2071 485 2114 ἐκεῖνος
529 2070 549 2108 ὁ
585 2071 829 2117 φιλοθεάμων
871 2072 958 2116 καὶ]

302 2121 398 2154 Haec
419 2121 538 2162 verba,
561 2131 650 2165 quae
665 2119 805 2153 Ficinus
825 2125 859 2154 et
878 2121 959 2173 pul-

302 2167 392 2200 chris
409 2168 508 2200 rebus
534 2166 731 2210 spectandis
752 2165 915 2199 deditus·
907 2177 959 2199 ιιι-

301 2216 531 2265 terpretatur,
562 2211 597 2245 in
631 2212 717 2247 Ven.
752 2212 794 2246 B.
825 2211 959 2256 omissa,

303 2259 417 2292 Astms
448 2269 482 2290 ιιι
516 2268 586 2292 sec.
610 2260 646 2290 et
677 2260 757 2291 tert.
779 2257 958 2290 Bekkerus

301 2307 339 2338 et
365 2298 613 2337 Stanbaumius
645 2302 680 2336 in
712 2314 765 2347 pr.
788 2302 883 2336 uncis
904 2302 959 2335 in-

301 2350 496 2390 cluserunt3
536 2348 632 2382 cujus
665 2348 862 2393 suspicionis
895 2360 958 2392 ego

300 2396 425 2429 nullam
449 2395 696 2428 excusationem
718 2394 873 2436 invenio,
895 2393 961 2428 nisi

301 2441 335 2474 in
359 2444 519 2494 corrupta
540 2444 691 2474 veterum
708 2440 915 2474 editionum'
906 2452 958 2473 ιιι-

302 2487 556 2531 terpunctione,
579 2497 664 2532 quas
686 2486 732 2520 illi
754 2490 834 2531 post
857 2483 957 2530 ἔχου-

306 2542 375 2565 σαν
400 2536 560 2577 punctmn
581 2533 637 2566 vel
661 2535 776 2573 colon,
797 2535 876 2576 post
896 2543 958 2566 νο-

302 2577 394 2620 μίζει
418 2578 570 2610 nussam'
561 2578 777 2618 mcisionem,
799 2582 877 2631 post
899 2590 959 2621 φι-

303 2621 499 2665 λοθεάμων
526 2635 654 2657 conuna
676 2623 863 2657 habentes
854 2635 888 2656 ιιι
910 2623 960 2657 al-

303 2673 377 2702 tero
400 2670 567 2713 tertioque
598 2673 633 2703 et
660 2669 728 2714 ipsi
760 2669 960 2712 (Stalibau-

303 2715 389 2747 mius
413 2714 515 2748 etiam
538 2715 574 2748 in
598 2717 685 2759 sec.)
717 2715 824 2749 secuti
850 2715 960 2749 offen-

304 2760 432 2794 sionem
463 2760 619 2806 accipere
649 2765 842 2807 potuerunt.
888 2761 959 2796 Iam

927 738 979 779 Τί
1008 736 1052 780 δέ
1063 754 1075 787 ‚-
1119 735 1173 780 τοὶ
1203 735 1343 779 πολλὰ
1372 735 1577 781 διπλάσια
1605 732 1681 795 ἦτ-

1020 887 1184 918 cmmnate
1219 887 1300 930 post
1331 885 1469 928 νομίζει
1492 886 1604 931 posito
1627 886 1677 920 Ιο-

1019 933 1105 963 οιιιιι
1127 942 1191 974 per
1220 942 1259 965 se
1296 931 1403 965 cuivis
1434 932 1561 965 clarum
1603 933 1678 965 fore

1018 987 1129 1021 spero.

1065 1041 1228 1087 οὐδαμῇ]
1249 1041 1420 1087 ου’δαμοΰ
1431 1045 1676 1082 Ven.B.Vin‹].

1017 1090 1061 1124 E.
1085 1092 1164 1124 Vat.
1189 1091 1233 1124 H.
1256 1090 1351 1124 Flor.
1375 1091 1513 1128 ACTV.
1537 1093 1617 1126 Bas.
1640 1093 1674 1126 b.

1019 1133 1187 1193 (οὐδαμῆ
1197 1136 1347 1190 Steph.)

1066 1177 1136 1226 ἄν]
1162 1179 1229 1215 εοὶν
1253 1182 1333 1216 Par.
1354 1182 1398 1216 K.
1424 1194 1493 1218 sec.
1516 1184 1629 1219 Bekk.

1062 1244 1201 1294 τᾶλλα]
1237 1250 1354 1284 τᾶλλα
1387 1252 1474 1286 Lob.
1514 1249 1552 1285 τ’
1583 1248 1677 1287 ἄλλα

1017 1296 1117 1330 Vind.
1141 1297 1185 1330 E.
1209 1293 1326 1330 τᾶλλα
1358 1297 1460 1333 Vind.
1485 1298 1559 1332 BF.
1583 1299 1677 1333 Mon.

1016 1342 1058 1376 B.
1081 1342 1201 1386 steph.
1224 1346 1299 1377 Ast.

1061 1421 1097 1442 τι
1126 1407 1246 1455 ἔστιν]
1270 1410 1307 1444 τί
1336 1408 1432 1445 ἐστιν
1456 1412 1543 1447 Lob.
1577 1412 1678 1448 Vind.

1016 1455 1123 1489 BDF.
1147 1456 1240 1490 Mon.
1264 1457 1305 1492 B.
1339 1458 1415 1492 Ald.
1449 1459 1530 1493 Bas.
1555 1459 1609 1493 ab.
1644 1472 1680 1493 τι

1018 1497 1116 1534 ἐστὶν
1145 1502 1264 1547 Steph.
1295 1504 1371 1538 Ast.
1395 1516 1447 1549 pr.
1473 1516 1541 1539 sec.

1065 1567 1134 1604 ov'n
1154 1571 1258 1615 αἰσχρ
1263 1569 1331 1615 ὸν]
1369 1570 1416 1606 ov'
1440 1571 1502 1606 καὶ
1524 1570 1681 1616 αἰσχρὸν

1017 1616 1111 1697 Ιὲὲοιι.
1122 1617 1162 1652 Β.
1185 1618 1281 1652 Flor.
1299 1618 1340 1652 U.
1365 1631 1433 1652 ποη
1452 1625 1554 1664 turpe
1574 1620 1680 1654 etiam

1051 1674 1084 1695 1c

1062 1706 1187 1742 uoel—
1203 1702 1381 1752 αδικονς]
1406 1722 1470 1744 om.
1495 1711 1574 1745 vat.
1598 1711 1644 1745 H.

1065 1771 1199 1830 ὁσίων]
1226 1773 1331 1810 ὄσίον
1353 1777 1433 1813 Bas.
1457 1779 1490 1812 b.

1065 1817 1111 1877 ὃ]
1141 1834 1205 1856 om.
1222 1822 1324 1857 Vind.
1347 1823 1391 1858 F.

1064 1864 1146 1901 ἄλλ’
1188 1864 1328 1923 ἀνάγκη
1306 1869 1351 1913 η]
1404 1866 1495 1904 ἀλλὰ
1531 1867 1676 1915 ἀνάγκη

1016 1913 1102 1948 Lob.
1128 1909 1337 1958 ἅλλαναγκη
1361 1916 1461 1951 Vind.
1485 1916 1529 1951 F.

1066 1982 1111 2016 Τί
1138 1980 1204 2023 δέ;
1230 1981 1277 2017 τὰ
1308 1982 1446 2028 πολλὰ]
1477 1983 1524 2018 τὰ
1554 1983 1594 2019 δὲ
1621 1982 1717 2023 τὰΒ

1014 2026 1133 2061 πολλὰ
1158 2008 1259 2064 Vi’nd.
1283 2029 1326 2063 F.
1357 2030 1453 2067 Flor.
1475 2031 1519 2065 R.
1551 2032 1588 2065 τί
1607 2030 1671 2065 δαὶ

1013 2072 1062 2107 τὰ
1092 2086 1130 2109 π.
1167 2074 1247 2110 Par.
1285 2076 1325 2110 A.
1373 2077 1451 2111 vat..
1485 2077 1528 2111 H.
1575 2078 1671 2113 Flor.

1013 2119 1154 2155 ACTV.
1182 2120 1228 2154 Τί
1247 2117 1287 2154 δὲ
1305 2119 1353 2154 τὰ
1372 2132 1410 2156 π.
1430 2121 1506 2157 Ald.
1524 2123 1604 2158 Bas.
1616 2124 1671 2157 ab.

1015 2163 1056 2199 δε
1080 2165 1221 2200 Ficinus
1245 2167 1367 2201 omisit.

1059 2230 1213 2289 ἡμίσεα]
1235 2231 1373 2279 ἦμίσυοι
1396 2235 1496 2271 Vind.
1519 2237 1564 2272 F.

1061 2278 1259 2336 διπλάσια]
1285 2281 1459 2315 διπλασία
1481 2283 1579 2318 idem.

1062 2324 1133 2370 δὴ]
1158 2324 1198 2360 δε
1223 2327 1315 2361 Flor.
1339 2328 1382 2362 T.

1060 2372 1199 2415 μᾶλλον
1221 2368 1271 2417 ὁὶ]
1299 2368 1419 2407 ἄλλο
1408 2387 1427 2408 ο
1454 2374 1554 2410 Vind.
1578 2375 1623 2409 Ε.

1060 2438 1254 2486 φήσωμεν]
1295 2440 1462 2486 φήσομεν
1495 2443 1597 2479 Vind.
1626 2444 1670 2497 F.

1014 2486 1107 2521 Flor.
1132 2488 1174 2522 R.
1197 2488 1273 2522 Ald.
1297 2489 1378 2524 Bas.
1398 2490 1452 2524 ab.
1485 2485 1578 2523 ὁὶόἱν
1599 2501 1669 2533 φη·

1016 2543 1152 2576 σωμεν,
1189 2534 1310 2568 ταῦτα
1341 2535 1479 2569 Ficinus
1502 2536 1592 2570 talia
1618 2536 1670 2568 in-

1014 2581 1222 2624 terpretatus
1246 2583 1309 2615 est.

1059 2644 1262 2692 τᾶναντία]
1286 2645 1487 2683 τούναντία
1509 2648 1611 2684 Vind.
1626 2649 1670 2683 Ε.

1065 2710 1165 2758 Ova,
1193 2713 1278 2750 ἀλλ’
1300 2714 1384 2761 οἷεὶ]
1421 2713 1488 2751 ov'n
1517 2712 1609 2750 ἄλλα
1640 2716 1675 2751 εἰ

1014 2761 1113 2796 Vind.
1136 2762 1180 2796 F.
