1807 3219
481 116 819 158 CIVITAS
865 112 985 156 LIB.
1015 113 1089 154 Vl.
1120 120 1183 153 511

1437 117 1521 156 247

135 224 408 282 ἡγησαμενος
430 225 632 283 μετέχειν.
679 225 938 281 Μανθάνω,
967 225 1072 282 ἔφη,
1103 225 1174 269 καὶ
1209 224 1418 281 ξυγχωθῶ
1447 225 1518 268 καὶ

135 309 276 338 ταττω
307 311 366 346 ως
389 293 533 350 λέγεις.

135 417 293 463 κμήριον
311 413 416 460 εἶναι,
437 431 497 454 οτι
514 415 722 474 α’ναγκαῖον
733 417 802 459 τὰς

134 465 211 498 τῶν
227 462 445 499 τεθνεώτων
461 462 586 508 ψυχάς
606 463 703 500 εἷναί
712 478 799 509 που,

135 506 230 545 οθεν
256 508 302 556 δή
337 508 451 545 πάλιν
486 511 690 555 γίγνεσθαι.
724 512 799 547 scil.

132 554 297 638 Epami),
308 557 430 639 ΠιΙῙυοᾶ
453 556 796 639 ἐᾷἑοίῑΑιηἏέδόκει.

166 615 220 648 eg.
667 617 687 648 ρ
727 616 799 639 ουν

133 647 223 706 υμῖν
244 649 281 683 οἱ
301 615 455 684 παλαξοὶ
479 647 581 694 λόγοι
614 647 798 695 ἀλήθειαν

133 693 226 751 ε’χειν
246 707 331 729 τινα
360 695 557 737 δοκουσιν;
590 698 656 731 Κλ.
681 698 797 731 Ποῖοι

131 739 204 785 δή;
235 737 307 775 Ἀθ.
337 739 390 776 To
417 739 557 782 πολλάς
576 740 797 787 ἀνθρώπων

130 784 286 845 φθορᾶς
309 786 510 846 γεγονέναι
510 790 795 843 κατακλυσμοῖς

129 845 170 868 τε
190 832 254 868 καὶ
274 832 402 874 νόσοις
414 833 477 869 καὶ
495 830 619 875 ἄλλοις
629 837 792 890 πολλοῖς,

130 876 171 913 ἓν
193 878 250 919 οἷς
282 879 402 936 βραχύ
421 893 457 915 τι
482 894 561 915 των
578 878 794 939 ανθρώπων

128 926 323 961 λείπεσθαι
339 925 456 971 γένος.
477 939 524 963 sc.
543 926 657 972 φασὶν
679 928 716 962 οὶ
732 926 793 963 λό-

128 984 199 1028 yon.
242 973 372 1007 Phileb.
402 985 437 1019 p.
463 975 517 1009 15.
551 975 604 1008 B:
639 974 792 1023 πρῶτον

126 1015 194 1062 μὲν
226 1017 266 1052 εἰ
283 1031 389 1059 τινας
406 1020 467 1054 δεῖ
491 1017 672 1060 τοιαύτας
697 1024 794 1054 εἰναι

125 1062 298 1121 μονάδας
328 1062 608 1123 ὑπολαμβάνειν
636 1064 793 1121 ἀληθῶς

127 1107 265 1151 ὸνσας·
310 1109 391 1146 εἶτα
428 1113 510 1158 πῶς
544 1114 593 1147 αύ
633 1110 790 1169 ταύτας,

124 1158 215 1213 μίαν
233 1154 393 1214 ἑκάστην
412 1159 546 1193 οὖσαν
554 1156 613 1194 οἷεὶ
631 1156 701 1214 τήν
722 1171 789 1193 αυ-

123 1200 193 1248 τήν
212 1203 276 1238 καὶ
300 1202 395 1249 μήτε
421 1201 573 1261 γένεσιν
588 1203 681 1261 μήτε
710 1201 788 1240 ὄλε-

119 1251 219 1294 θρον
245 1249 566 1307 προσδεχομένην,
603 1249 704 1294 ὅμως
739 1248 788 1286 εἶ-

118 1308 182 1331 ναι
198 1295 429 1344 βεβαιότατα
449 1298 540 1342 μίαν
557 1296 712 1343 ταύτην.
737 1309 786 1332 sc.

857 416 1139 475 ὑπολαμβάνειν
1167 417 1236 452 δεῖ.
1300 417 1456 462 Denique
1488 418 1518 450 si

855 463 1018 509 μετέχειν
1041 465 1084 498 ad
1107 463 1283 509 sequentia
1303 463 1426 497 referri
1447 465 1519 498 vel-

854 512 903 545 let
925 512 1089 565 scriptor,
1121 510 1237 565 quidni
1261 509 1433 543 omitteret
1455 522 1519 555 po-

853 557 924 591 tius
949 563 984 592 et
1006 557 1149 602 genitivi
1174 553 1354 600 ἀληθείας
1377 567 1519 600 prorsus

852 604 1016 646 eandem,
1050 614 1151 649 quam
1174 602 1379 646 σαφηνείας
1403 602 1517 636 condi-

852 650 978 684 tionem
996 650 1156 685 faceret?
1186 650 1311 694 Itaque
1343 648 1372 681 si
1405 652 1518 682 tamen

852 696 990 745 scripsit
1017 693 1199 751 μετέχειν,
1235 707 1302 729 non
1325 691 1418 749 ηγῇ,
1455 695 1517 728 sed

852 739 969 776 οἶσθα
1001 743 1053 777 vel
1093 739 1292 786 ηγούμεθα
1325 741 1362 774 in
1403 743 1518 774 mente

850 789 1011 823 habuisse
1043 788 1147 834 idque
1177 790 1220 823 ob
1262 787 1515 822 similitudinem

850 834 946 878 eius,
980 834 1071 880 quod
1094 835 1271 869 additurus
1304 837 1399 876 erat,
1431 832 1516 867 omi—

849 881 935 915 sisse
956 881 1101 916 videtur.
1149 881 1221 915 Sed
1253 882 1359 915 multo
1389 880 1515 925 proba-

848 927 948 962 bilius
971 930 1026 962 est
1046 924 1198 971 μετέχει.

895 995 1093 1052 ξυγχωρω]
1120 1005 1198 1040 συγ.
1225 995 1325 1029 Vind.
1343 994 1383 1028 F.
1418 994 1514 1028 Idem

847 1047 929 1088 post
953 1040 1068 1086 λέγεις
1091 1042 1220 1077 initium
1244 1041 1420 1097 sequentis
1435 1039 1513 1073 libri

846 1089 1063 1132 μεταταῦτα
1089 1085 1135 1133 δή
1164 1085 1271 1123 εἶπον
1291 1084 1514 1122 οἷπείκασονε

847 1135 1000 1170 additum
1023 1135 1139 1170 habet.

943 1202 1057 1244 Τέλος
1087 1204 1157 1239 τοῦ
1180 1202 1376 1238 πολιτειῶν
1408 1202 1513 1246 (πλι-

937 1251 1055 1284 πειιόν
1076 1246 1227 1306 ΑΙᾶ.)η
1255 1248 1341 1294 περὶ
1365 1247 1513 1283 δικαιου

941 1294 1048 1332 ἕκτου
1068 1262 1399 1342 λόγον.ηΑ1(1.ρ.Βοε
1425 1295 1478 1329 ab.
