1807 3219
332 129 417 170 204

330 241 526 296 ποιῆσαι.

793 128 1272 171 PLATONIS

584 239 673 282 Καὶ
705 234 855 294 ὀρθῶς
882 239 935 297 γ’,
969 241 1066 297 ἔφη.
1128 238 1307 284 Οὐκοῦν
1336 237 1442 294 μετά
1472 242 1610 283 ταῦτα
1640 243 1723 285 οἴει

330 306 682 363 ὑπογράψασθαι
719 306 776 351 ἄν
816 307 864 352 τὸ
908 314 1050 366 σχῆμα
1096 314 1172 366 τῆς
1211 308 1450 357 πολιτείας,

1515 309 1567 350 Τί
1611 308 1721 364 μήν;

265 380 302 421 Β
319 375 520 429 Ἔπειτα,
555 374 699 430 οἶμαι,
734 375 1074 434 ἀπεργαζόμενοι
1100 377 1248 422 πυκνὰ
1268 376 1324 419 ἂν
1355 373 1592 430 ἑκατέρωσε
1612 376 1720 420 ἄπο-

327 444 553 500 βλέποιεν,
583 443 696 497 πρός
725 461 768 487 τε
799 445 847 488 τὸ
879 447 1011 502 φύσει
1041 449 1216 491 δίκαιον
1246 445 1319 488 καὶ
1354 444 1491 488 καλὸν
1529 445 1604 488 καὶ
1635 449 1720 488 605-

327 529 447 568 φρον
476 512 551 555 καὶ
579 510 724 554 πάντα
753 511 807 555 τά
836 519 1020 558 τοιαῦτα
1058 516 1131 558 καὶ
1175 513 1287 568 πρὸς
1325 512 1468 556 ἐκεῖνο
1499 508 1576 564 αὗ,
1617 512 1644 555 ὃ
1673 513 1720 556 ἐν

327 585 419 631 τοῖς
450 577 708 634 ἀνθρώποις
734 580 977 636 ἐμποιοῖεν,
1018 582 1335 639 ξυμμιγνύντες
1374 597 1418 624 τε
1457 581 1527 624 καὶ
1560 597 1718 634 κεραν-

326 647 483 699 νύντες
512 648 558 691 ἐκ
588 653 678 691 τῶν
707 649 1060 707 ἐπιτηδευμάτων
1089 651 1138 693 τὸ
1170 649 1469 704 ἀνδρείκελον,
1502 647 1580 691 ἄπ’
1611 648 1721 692 ἐκεί*

327 732 411 759 νου
441 716 797 774 τεκμαιρόμενοι,
839 718 864 762 ὃ
895 718 949 776 δὴ
977 719 1052 762 καὶ
1081 718 1279 775 ”Όμηρος
1307 715 1509 761 ἐκάλεσεν
1541 717 1589 761 ἐν
1626 723 1720 769 τοῖς

373 866 539 910 ποιῆσαι.
549 868 563 912 ]

328 912 384 946 ab.
395 913 527 968 (Ast.)

374 971 407 1002 y
395 955 426 1002 ³]
452 971 491 1003 γε
515 960 645 994 Euseb.

327 1025 544 1110 ΑΟΟνῑῗκοῦν]
571 1026 641 1063 οὐκ
659 1025 708 1063 ἂν
734 1029 813 1064 vat.
828 1029 872 1064 H.
896 1030 993 1065 Flor.

375 1141 468 1186 μετὰ
497 1143 642 1187 ταῦτα]
668 1145 884 1187 μεταταῦτα
906 1145 993 1179 Lob.

328 1188 429 1223 Vind.
456 1191 496 1223 B.
522 1191 614 1224 Mon.
641 1191 680 1223 Β.
707 1191 782 1226 Α1(1.
810 1193 889 1225 Bas.
917 1193 971 1225 ab.

375 1235 466 1280 οἴει]
495 1236 551 1280 εἴη
578 1237 678 1270 Vind.
704 1237 748 1271 E.

597 867 774 913 ποιῆσαις
804 868 880 904 Α1(1.
913 869 995 905 Bas.

329 1350 359 1384 A
375 1301 691 1385 ὑποέιράψασθαι]
703 1303 997 1352 ὖπογράψεσθαι

361 1363 415 1396 ng.
473 1377 480 1385 .

379 1417 601 1465 ἑκατέρωσε]
626 1422 678 1455 Ita
702 1421 802 1457 vind.
826 1422 871 1457 F.
902 1421 996 1456 Mon.

331 1468 371 1501 Β.
395 1470 482 1511 Ang.
512 1469 552 1502 B.
576 1468 670 1502 Flor.
696 1469 772 1501 RU.
807 1469 997 1510 Hierocles,

325 1514 453 1547 Euseb.
478 1514 552 1548 Ast.
578 1525 646 1547 sec.
682 1511 877 1558 ἑκατέρωσ’
903 1515 997 1548 Bek-

325 1561 439 1600 keru's,
465 1560 580 1593 Astius
605 1560 638 1593 in
661 1564 740 1594 tert.
762 1565 797 1594 et
821 1561 996 1594 Stallbau-

325 1607 422 1641 1111115.
449 1604 629 1650 ἑκατέρως
652 1607 776 1652 reliqui
801 1607 936 1641 codices
961 1610 997 1641 et

327 1653 508 1686 editiones.

378 1719 510 1766 ἐκεῖνο]
536 1722 592 1755 Ita
615 1721 717 1758 Vind.
742 1721 784 1756 F.
810 1726 889 1756 ante
905 1733 995 1756 corr.

330 1765 455 1803 ἐκείνω
482 1782 500 1803 e
525 1780 614 1803 corr.

377 1831 449 1880 αὖ,
476 1833 496 1872 ὃ
518 1835 556 1871 ἐν
583 1839 663 1877 τοῖς
688 1835 909 1882 ἀνθρώποις
937 1834 996 1881 ε’μ-

330 1885 521 1928 ποιοῖεν,]
556 1884 611 1917 Ita
638 1885 719 1918 Ven.
744 1885 785 1918 Β.
814 1884 884 1917 Ald.
913 1885 995 1919 Bas.

332 1942 364 1964 a.
402 1931 522 1975 Steph.
555 1931 771 1987 (tapentibus
794 1931 890 1987 ΒΗὶρ)
920 1931 995 1963 Ast.

331 1989 384 2022 pr.
411 1981 446 2010 et
470 1989 537 2010 sec.
575 1974 670 2011 αὐτὸ
693 1974 781 2010 ε’ντ.
804 1973 838 2009 οἱ.
860 1974 886 2010 ε’.
909 1977 994 2011 Lob.

332 2024 432 2058 vind.
458 2024 497 2056 Β.
524 2023 603 2057 Par.
611 2024 663 2078 Κ
688 2035 757 2057 sec.
783 2023 891 2056 Bekk.
916 2024 996 2058 Vat.

329 2069 379 2103 M.
405 2070 484 2102 Bas.
509 2070 541 2103 b.
575 2068 622 2103 αὐ
650 2067 693 2103 τὸ
723 2067 810 2103 ἐντ.
834 2066 869 2102 α’.
889 2065 915 2102 ε’.
939 2081 994 2102 re-

329 2116 413 2172 liqui
439 2116 594 2159 codices,
618 2117 708 2150 inter
732 2127 816 2171 quos
840 2115 936 2151 Flor.
949 2115 994 2149 T.

331 2159 516 2205 ἐμποιεῖν,
543 2163 635 2196 Mon
661 2163 702 2196 B.
727 2159 769 2196 τὸ
793 2162 881 2195 linea
897 2166 995 2195 nota-

329 2212 400 2242 tum
425 2213 459 2242 et
481 2220 544 2253 pro
569 2220 608 2242 eo
639 2204 659 2243 ὃ
686 2220 706 2242 a
728 2220 771 2241 111.
785 2220 812 2241 5.
831 2208 865 2240 111
887 2219 994 2251 marg.

330 2255 494 2299 scriptum
517 2255 630 2288 habet.
674 2261 777 2299 atque
801 2256 924 2288 iterum
947 2255 995 2287 ad

330 2303 504 2335 humana.-
541 2307 574 2335 et
609 2302 657 2334 ad
685 2302 871 2344 superioris
900 2302 994 2334 illius

330 2349 504 2391 exemplar
533 2348 687 2380 humana
715 2348 896 2390 disponent
918 2347 991 2379 Fic.

330 2393 390 2438 qui
424 2397 459 2426 et
489 2392 564 2437 ipse
601 2391 645 2427 τὸ
679 2393 805 2435 legisse
845 2393 992 2427 videtur.

328 2440 420 2473 Idem
442 2439 631 2481 Bekkerus,
654 2439 770 2472 Astius
795 2439 829 2471 in
853 2442 934 2472 tert.
957 2440 994 2471 et

330 2486 571 2519 Stallbaumius
605 2490 809 2529 receperunt
841 2489 877 2518 et
912 2488 993 2529 post

329 2528 555 2588 ἀνθρώποις
593 2531 789 2564 incisionem
825 2532 993 2573 feceruut,

329 2590 397 2623 quo
422 2579 513 2611 facto
539 2575 727 2621 ἐμποιοῖεν
753 2577 795 2611 ad
815 2577 994 2621 sequentia

330 2624 474 2658 relatum
510 2626 630 2668 copula
664 2627 782 2665 caret,
823 2635 891 2668 qua
920 2634 995 2656 cum

332 2666 582 2727 ἀποβλέποιεν
628 2669 995 2714 iungatur.1taque

331 2717 447 2750 Astius
482 2715 545 2749 καὶ
573 2719 719 2750 ποιοῖεν
749 2727 813 2760 pro
846 2727 886 2748 eo
910 2715 995 2748 scri-

331 2762 505 2803 bendum,
552 2761 794 2795 Stallbaumius
836 2757 995 2806 αποβλέ-

332 2820 438 2844 ποιεν
472 2808 507 2844 111
545 2804 823 2854 ἀποβλέποντες
862 2811 995 2843 mutan-

1053 869 1153 911 dum,
1187 866 1521 902 Schleiermacherus
1538 892 1548 910 ,
1582 866 1642 912 (1111
1684 870 1722 901 et

1052 915 1128 960 ipse
1162 914 1312 948 Bekkeri
1344 914 1523 948 lectionem
1554 913 1722 958 sequitur,

1052 973 1092 995 τε
1118 965 1197 994 ante
1234 957 1499 1004 ξυμμιγνύντες
1530 959 1724 1003 ponendum

1051 1008 1266 1060 suspicatur:
1292 1018 1436 1052 quorum
1460 1006 1543 1040 nihil
1567 1017 1633 1039 non
1658 1005 1724 1039 du·-

1052 1054 1124 1087 rius
1149 1053 1327 1096 longiusve
1351 1064 1371 1085 a
1395 1053 1550 1086 codicum
1573 1052 1723 1096 scriptu—

1052 1111 1094 1133 ra
1118 1099 1268 1138 distans,
1304 1110 1406 1144 quam
1428 1099 1603 1142 vulgatum
1627 1098 1722 1131 vide-

1053 1149 1122 1178 tur.
1153 1146 1296 1178 Accedit
1319 1145 1430 1197 quod,
1454 1156 1557 1190 quum
1577 1146 1723 1177 alterum

1052 1191 1161 1233 illud,
1208 1203 1275 1236 quo
1322 1191 1472 1235 pictmes
1523 1190 1723 1234 respiciant,

1054 1238 1147 1271 aliud
1179 1249 1255 1271 esse
1288 1249 1352 1270 non
1384 1237 1514 1281 possit,
1546 1237 1613 1271 nisi
1645 1235 1722 1280 ipsa

1051 1283 1182 1327 imago,
1215 1295 1316 1328 quam
1346 1283 1551 1325 informant,
1583 1294 1643 1316 seu
1673 1282 1721 1315 si-

1053 1330 1239 1363 mulacrum
1271 1329 1371 1369 iusti,
1405 1329 1537 1373 pulchri
1569 1332 1605 1362 et
1638 1328 1721 1361 reli-

1054 1387 1220 1421 quorum,
1254 1376 1344 1420 quod
1373 1376 1513 1409 efficere
1543 1375 1579 1408 in
1603 1375 1721 1409 tabula

1053 1433 1133 1455 rasa
1157 1421 1315 1464 student,
1346 1421 1383 1454 id
1414 1421 1524 1478 ipsum
1557 1433 1624 1454 non
1647 1422 1721 1455 sine

1053 1479 1178 1522 magna
1204 1469 1425 1512 ambiguitate
1441 1466 1483 1502 τὸ
1497 1465 1536 1501 ἐν
1557 1469 1636 1507 τοῖς
1654 1465 1721 1501 οἷν-

1054 1512 1228 1558 θρώποις
1252 1514 1435 1555 diceretur,
1437 1515 1580 1568 quibus
1604 1514 1720 1547 verbis

1054 1565 1197 1605 propter
1222 1561 1381 1616 opposita
1403 1556 1446 1594 τὸ
1469 1558 1578 1603 φύσει
1601 1559 1720 1593 δίκαι-

1055 1618 1098 1640 ον
1116 1606 1179 1640 καὶ
1201 1605 1316 1640 καλὸν
1336 1606 1389 1640 vel
1409 1606 1569 1639 virtutum
1589 1606 1720 1639 illarum

1053 1653 1187 1697 species
1221 1653 1254 1686 in
1287 1653 1373 1687 vivis
1406 1652 1596 1686 hominibus
1619 1653 1720 1686 obvia

1052 1699 1190 1743 potius,
1227 1711 1329 1744 quam
1367 1699 1570 1732 adumbrata
1606 1699 1640 1731 in
1663 1701 1720 1732 ta-

1052 1745 1155 1786 bula,
1181 1746 1236 1779 vel
1259 1746 1338 1779 idea
1361 1745 1527 1790 quaedam
1546 1746 1722 1778 humanae

1052 1792 1206 1826 iustitiae
1230 1791 1555 1836 pulchritudinisque
1580 1791 1719 1824 diversa

1053 1840 1096 1872 ab
1129 1839 1186 1879 illo
1223 1844 1354 1872 natura
1390 1837 1478 1871 iusto
1512 1837 1721 1882 pulchroque

1053 1884 1242 1928 significari
1263 1884 1451 1917 videretur.
1474 1884 1540 1917 His
1558 1883 1601 1916 de
1622 1894 1719 1916 caus-

1053 1931 1100 1965 sis
1142 1930 1316 1974 vulgatam
1350 1930 1528 1963 lectionem
1571 1929 1721 1971 restitui,

1051 1977 1085 2010 in
1121 1989 1190 2021 qua
1223 1988 1342 2010 sensus
1385 1980 1500 2009 certus
1537 1980 1572 2009 et
1605 1979 1717 2019 aptus,

1053 2023 1227 2068 optativus
1251 2028 1366 2056 autem
1391 2022 1433 2056 ad
1464 2021 1719 2066 hypotheticam

1052 2069 1213 2104 orationis
1238 2070 1381 2102 formam
1412 2066 1563 2113 legitime
1586 2079 1719 2101 accom-

1051 2116 1208 2149 modatus
1234 2118 1298 2148 est.

1099 2181 1387 2228 ξυμμιγνύντες]
1414 2193 1520 2227 σνμμ.
1546 2183 1646 2216 vind.
1672 2182 1717 2216 Ε.

1051 2229 1317 2275 ξυμμιγνῦντες
1355 2231 1456 2264 Viud.
1515 2230 1651 2264 .Mon.
1675 2229 1719 2265 B.

1050 2277 1136 2311 Eus.
1163 2277 1238 2311 Ald.
1265 2278 1345 2311 Bas.
1371 2278 1426 2312 ab.

1097 2325 1163 2367 τε]
1190 2336 1254 2359 om
1279 2323 1380 2357 Vind.
1404 2322 1448 2356 E.

1095 2389 1349 2437 κεραννύντες]
1361 2390 1605 2436 κεραννῦντες
1615 2389 1713 2424 Vind-

1048 2438 1092 2472 F.
1118 2439 1210 2471 Mon.
1235 2439 1275 2474 B.
1301 2439 1385 2472 Eus.

1097 2482 1364 2540 ἀνδρείκελον]
1435 2484 1598 2518 Timaeus
1646 2483 1714 2518 lex.

1048 2542 1083 2575 p.
1110 2532 1174 2565 36:
1180 2527 1455 2585 ἀνδρείκελον·
1480 2528 1574 2574 χρόα
1592 2526 1716 2572 ε’πιτη·

1051 2577 1134 2610 δεία
1160 2590 1211 2616 ως
1250 2575 1346 2620 πρὸς
1384 2572 1526 2620 ανδρός
1553 2576 1716 2619 μίμησιν.

1051 2634 1140 2667 quae
1163 2623 1343 2668 explicatio
1367 2634 1433 2656 non
1451 2622 1557 2666 magis
1578 2622 1610 2654 in
1627 2622 1715 2655 hunc

1051 2669 1161 2703 locum
1189 2670 1356 2714 quadrat,
1392 2680 1492 2712 quam
1515 2669 1548 2701 in
1572 2668 1715 2701 alterum

1054 2715 1186 2759 Cratyli
1220 2727 1253 2761 p.
1285 2715 1365 2750 424.
1398 2715 1443 2749 Ε.
1474 2714 1533 2748 ubi
1564 2714 1716 2758 pictores

1052 2761 1222 2794 interdlun
1254 2761 1378 2795 multos
1411 2760 1540 2794 colores
1573 2759 1715 2794 miscere

1052 2807 1238 2851 dicuntur,
1262 2805 1344 2842 οἷον
1364 2802 1458 2841 ὅταν
1479 2804 1714 2850 ἀνδρείκελον
