1807 3219
277 142 362 184 222

730 136 1209 180 PLATONIS

276 264 352 294 τα·
395 248 669 305 μαντεύομαι
710 250 756 294 δὲ
796 249 962 306 μηδένα
1004 248 1114 293 αὐτοὶ
1150 248 1366 304 πρότερον
1413 249 1663 306 γνώσεσθαι

277 320 455 368 ἱκανῶς.

514 321 673 369 Καλῶς
713 317 826 374 γὰρ,
869 318 974 374 ἔφη,
1017 317 1226 376 μαντεύῃ.
1288 317 1468 362 Οὐκοῦν
1495 320 1604 377 ἡμῖν
1632 320 1660 378 ἦ

277 386 477 429 πολιτεία
519 386 671 437 τελέως
708 387 1050 443 κεκοσμήσεται,
1110 387 1187 430 ἐὰν
1228 386 1250 431 ὁ
1282 392 1486 439 τοιοῦτος
1525 387 1664 446 αὐτὴν

278 454 493 510 ἐπισκοπῇ
524 453 690 509 φύλαξ,
732 452 755 498 ὁ
787 453 957 498 τούτων
997 455 1264 511 ἐπιστήμων,-

1322 455 1504 512 Ἀνάγκη
1515 490 1526 509 ,
1566 457 1662 514 ἔφη.

278 520 387 566 ἄλλα
419 521 474 565 σύ
509 523 583 578 δὴ,
626 516 661 565 ὦ
690 521 944 577 Σώκρατες,
987 523 1176 577 πότερον
1215 523 1454 581 ἐπιστήμην
1480 524 1529 569 τὸ
1561 523 1663 581 ἀγα-

272 589 358 634 θὸν
390 589 479 647 φῂς
509 587 641 642 εἶναι,
673 589 703 646 ἢ
731 588 920 646 ἡδονήν,
952 589 980 647 ἢ
1012 589 1118 635 ἄλλο
1148 608 1189 635 τι
1217 591 1339 647 παρὰ
1368 598 1526 645 ταῦτα,·
1577 589 1662 638 Οὗ-

271 676 370 711 τος,
402 654 461 715 ἦν
495 656 537 702 δ’
569 657 674 714 ἐγώ,
705 655 819 714 οἷνήρ
852 659 1007 712 καλὸς,
1047 654 1166 717 ἦσθα
1194 661 1267 704 καὶ
1297 660 1433 706 πάλαι
1461 679 1663 719 καταφα-

271 726 375 785 νής,
406 727 476 770 ὅτι
512 738 584 770 σοι
614 724 696 771 οὐκ
726 724 968 785 ἀποχρήσοι
998 728 1047 772 τὸ
1081 732 1174 779 τοῖς
1194 726 1342 780 ἄλλοις
1366 731 1536 774 δοκοῦν
1565 731 1664 787 περὶ

271 874 319 911 τὰ
343 876 418 910 Ald.
444 876 525 910 Bas.
536 875 590 910 ab.
615 876 734 921 Steph.
757 880 792 911 et
809 877 938 919 Astius‚

273 923 331 977 qui
365 923 465 956 simul
497 920 710 965 ἀγνοοῦντα
742 935 811 979 pro
830 921 939 977 dyvo-

272 967 414 1012 ούμενα
447 969 659 1002 scribendum
694 972 728 1003 et
767 968 816 1013 μὴ
851 970 939 1003 inter

272 1015 388 1049 τοῦτο
419 1020 453 1047 et
479 1011 692 1058 (ἔςνοοῦντα
723 1015 939 1049 inserendum

272 1063 306 1095 in
342 1064 423 1096 te1t.
459 1061 678 1117 suspicatur,
718 1061 754 1094 in
790 1063 938 1095 secunda

273 1111 309 1141 et
333 1105 472 1151 φύλακι
503 1110 538 1140 et
563 1104 797 1150 ἀγνοούμενα
819 1120 938 1142 serva—

272 1154 342 1195 vit,
367 1152 415 1197 μὴ
441 1165 523 1186 vero
547 1156 624 1198 post
647 1153 760 1187 τοῦτο
782 1154 936 1196 inseruit,

271 1211 415 1244 quariun
462 1199 640 1232 lectionum
695 1203 818 1233 neutra
872 1212 937 1233 non

270 1246 387 1290 inepta
414 1245 559 1279 videtur.
594 1238 778 1279 Aldinam'
770 1258 804 1279 in
824 1258 938 1301 prorn-

271 1295 333 1336 ptu
358 1294 411 1325 est
434 1291 600 1335 originem
623 1291 749 1325 debere
781 1292 831 1325 illi
864 1289 937 1336 φύ-

272 1340 375 1380 λακι,
410 1349 476 1382 quo
502 1341 640 1381 recepto
665 1350 766 1382 quum
790 1338 938 1392 cognitio

269 1384 435 1417 iustorum
460 1387 494 1417 et
516 1384 754 1428 pulchrorum,
791 1385 856 1418 nisi
880 1396 937 1418 ra-

269 1430 395 1471 tionis,
427 1442 496 1475 qua
529 1430 646 1463 eadem
686 1431 774 1464 bona
810 1434 938 1471 essent,

270 1476 419 1520 cognitio
455 1476 654 1517 accederet,
691 1477 812 1509 nullius
841 1476 962 1521 pretii·

270 1524 387 1556 sutura
411 1522 542 1556 custodi
579 1522 725 1555 civitatis
756 1522 821 1556 dici
843 1523 940 1556 vide—

270 1572 388 1610 retur,
411 1569 518 1602 verba
543 1563 589 1601 ἒὶν
614 1565 760 1602 ἑαυτῶν
781 1580 841 1613 pro
866 1569 940 1602 ine—

269 1615 338 1659 ptis
384 1618 419 1648 et
459 1614 590 1647 vitiosis
633 1614 752 1648 haberi
799 1626 940 1648 necesse

272 1664 370 1703 erat,
407 1664 440 1693 et
472 1661 629 1704 quoniam
660 1661 692 1694 in
717 1662 939 1705 sequentibus

272 1708 436 1740 Socrates
472 1707 580 1750 ipsam
612 1706 779 1740 iustorum
804 1710 839 1740 et
863 1707 940 1751 pul-

272 1754 432 1786 chrorum
466 1752 690 1796 cognitionem
729 1765 771 1786 ne
808 1754 939 1787 contin-

271 1811 355 1843 gere
385 1798 520 1843 quidem
563 1798 635 1840 eis,
682 1799 742 1844 qui
773 1799 939 1833 rationem

271 1846 364 1878 illam
412 1848 628 1889 perspectam
674 1857 740 1878 non
776 1846 938 1888 habeant,

271 1903 373 1936 posse
420 1891 660 1932 demonstrat,
706 1892 837 1924 exstitit
881 1892 940 1936 qui

272 1938 341 1971 iam
365 1937 420 1970 hic
455 1938 597 1970 eandem
627 1937 831 1970 sententiam
864 1949 939 1970 cum

271 1983 486 2017 dubitatione
529 1984 778 2027 pronuntiatam
818 1984 862 2017 ab
898 1995 938 2017 eo

272 2029 472 2063 existimans
496 2029 629 2062 illorum
664 2029 697 2062 in
721 2029 831 2063 locum
854 2030 939 2063 haec

273 2075 377 2119 εἴπερ
406 2073 505 2114 εἰκὸς
524 2075 664 2119 γνῶναι
693 2072 790 2109 αὐτὰ
813 2075 938 2109 substi-

272 2125 397 2155 tueret.
463 2121 564 2155 Aliud
611 2122 779 2166 glossema
825 2122 939 2165 paullo

270 2172 351 2224 post
378 2167 697 2221 deprehendemus.
777 2168 939 2201 Ceterum

273 2212 418 2248 {ccv-cmv
450 2214 494 2247 ad
530 2211 679 2257 φύλακα
712 2214 939 2255 referendum,

270 2272 337 2294 non
371 2261 413 2293 ad
448 2257 677 2304 οῗγνοοῦντα,
714 2272 781 2304 quo
819 2260 939 2293 retulit

270 2306 472 2349 Bernhardy
506 2310 597 2350 synt.
632 2318 665 2350 p.
696 2307 771 2340 151.
795 2306 938 2340 interie-

274 2356 366 2386 ctum
391 2352 569 2386 articulum
594 2364 659 2386 non
682 2353 882 2396 respiciens.

316 2399 454 2454 τοῦτο]
481 2396 530 2442 μὴ
551 2398 672 2432 ταῦτα
696 2398 797 2432 Vind.
823 2399 866 2432 E.

316 2441 548 2488 οἷγνοοῦντα
560 2442 822 2489 ]οΞγνοοῦντ,-α,·
838 2445 937 2480 Vind.

317 2533 382 2578 δὲ]
404 2533 454 2591 δὴ
482 2536 581 2570 Vind.
606 2536 650 2569 F.
675 2536 770 2570 Flor.
795 2537 868 2571 AR.

315 2579 483 2626 μηδένα]
509 2581 558 2626 μὴ
587 2582 687 2616 Vind.
713 2583 755 2616 F.
781 2580 867 2627 μηδ’
889 2578 938 2617 ὃὶν

268 2624 336 2662 ἕνα
370 2629 462 2662 Mon.
500 2630 541 2662 B.
587 2625 729 2673 (μήδ’)
767 2629 858 2664 Flor.
892 2629 936 2663 U.

268 2674 530 2709 Stallbaumius.

316 2717 513 2765 πρότερον]
533 2724 613 2765 post
623 2733 695 2765 γνω
690 2718 833 2754 ‘oscam
844 2721 936 2755 Mon.

269 2767 311 2800 B.
345 2767 451 2811 (Par.
479 2767 575 2811 DK.)
611 2779 686 2801 cum
719 2767 818 2801 editis
858 2771 937 2802 ante

270 2813 491 2855 Bekkemm,
540 2812 597 2859 qui
629 2824 811 2859 perperam
843 2813 935 2848 Mon.

997 877 1087 911 inter
1109 878 1232 912 mutati
1266 879 1393 913 ordinis
1424 882 1582 913 auctores
1606 892 1662 914 re·-

998 926 1089 966 fert,
1123 925 1165 958 de
1189 925 1267 960 Par.
1293 926 1369 959 DK.
1397 925 1477 959 nihil
1502 927 1662 960 ostendit.

997 970 1068 1003 Sed
1104 971 1362 1015 Bipontinorum
1410 971 1582 1005 silentium
1629 975 1664 1006 et

996 1016 1148 1060 ipsorum
1181 1017 1345 1050 librorum
1377 1018 1505 1051 indoles
1538 1021 1574 1052 et
1606 1030 1664 1052 co-

996 1063 1111 1105 gnatio
1146 1063 1337 1097 consentire
1370 1075 1427 1097 eos
1461 1076 1535 1097 cum
1569 1065 1662 1098 Mon.

996 1111 1032 1141 et
1066 1108 1268 1144 editionibus
1300 1110 1447 1156 antiquis
1478 1110 1664 1145 verisimile

993 1154 1089 1189 facit.

1042 1221 1204 1267 ἱκανῶς]
1229 1225 1323 1259 Mon.
1348 1225 1390 1259 B.
1417 1227 1452 1257 et
1481 1236 1501 1259 a
1523 1236 1569 1259 m.
1595 1237 1665 1261 sec.

994 1281 1109 1314 margo
1127 1270 1220 1304 Flor.
1239 1271 1284 1303 U.
1290 1270 1399 1327 πρὶν
1422 1267 1469 1304 ὃὶν
1492 1270 1576 1315 περὶ
1597 1269 1661 1305 αὐ-

993 1327 1060 1349 του
1084 1312 1258 1359 ταγαθοῦ
1286 1312 1308 1350 6'
1330 1314 1405 1350 ἐστι
1424 1317 1500 1361 γνῶ
1526 1318 1666 1361 addunt,

994 1361 1084 1406 quod
1110 1363 1277 1406 glossema
1300 1363 1453 1408 ineptum
1478 1367 1541 1398 est.
1575 1364 1666 1398 Nam

997 1407 1105 1452 ipsam
1141 1409 1221 1442 boni
1253 1412 1410 1443 naturam
1446 1411 1608 1444 Somates
1633 1415 1668 1445 et

998 1465 1102 1498 supra
1125 1466 1160 1498 p.
1180 1455 1257 1489 505.
1276 1456 1315 1488 A.
1343 1456 1428 1489 satis
1453 1460 1667 1501 perspectam

997 1500 1189 1533 hominibus
1215 1501 1355 1545 negavit
1380 1506 1415 1535 et
1438 1502 1529 1536 infra
1553 1502 1596 1535 D.
1621 1503 1666 1556 Ε.

997 1546 1169 1590 explicare
1195 1551 1342 1580 recusat.
1369 1548 1490 1592 Itaque
1509 1548 1551 1581 ad
1572 1546 1666 1592 πρό-

998 1604 1108 1635 τερον
1133 1604 1175 1626 ex
1199 1593 1429 1649 superioribus
1445 1594 1668 1651 supplendum

998 1641 1051 1671 est
1088 1637 1176 1681 πρὶν
1214 1635 1261 1672 ὃὶν
1305 1635 1379 1684 ὅπη
1409 1652 1500 1674 ποτε
1534 1637 1667 1684 αγαθα

997 1681 1072 1717 ἐστι
1097 1685 1185 1731 γνῷ.
1234 1685 1352 1719 Etiam
1383 1686 1528 1720 Ficinus
1564 1699 1667 1732 quam

999 1732 1120 1765 bonum
1142 1719 1268 1765 addens
1293 1744 1313 1766 a
1336 1744 1418 1767 vero
1435 1733 1619 1767 aberravit.

1041 1797 1226 1845 μαντεύῃ]
1266 1798 1442 1844 μαντεύει
1485 1801 1588 1837 Vind.
1621 1801 1665 1835 F.

996 1848 1032 1878 et
1054 1847 1274 1880 recentiores.

1042 1912 1197 1959 τελέως]
1238 1916 1429 1955 παντελῶς
1452 1916 1539 1950 Lob.
1563 1916 1664 1950 Vind.

994 1961 1066 1997 BF.
1092 1961 1185 1995 Mon.
1211 1962 1249 1995 B.
1287 1964 1365 1997 Vat.
1392 1963 1472 1996 ΒΜ.
1508 1964 1593 1997 Ven.
1622 1963 1664 1997 C.

994 2007 1074 2040 Par.
1099 2007 1175 2040 DK.
1211 2008 1303 2042 Flor.
1335 2009 1442 2042 ACU.
1484 2009 1664 2043 Bekkerus

996 2056 1031 2086 et
1055 2053 1310 2088 Stallbaumius.
1336 2055 1507 2100 (perfecte
1530 2055 1623 2099 Fic.)

1043 2119 1170 2166 ἀλλὰ]
1218 2120 1317 2157 Ἀλλὰ
1365 2123 1440 2158 Ald.
1488 2124 1570 2158 Bas.
1605 2119 1707 2162 ³12.ss

996 2168 1114 2213 Steph.

1044 2234 1145 2283 φῇς]
1172 2238 1249 2282 φῆς
1274 2238 1367 2272 Mon.
1393 2239 1434 2272 B.
1458 2238 1558 2273 vind.
1573 2239 1616 2272 F.

1040 2303 1063 2351 ἢ
1087 2303 1278 2351 ἡδονὴν,]
1305 2302 1327 2351 ἢ
1352 2303 1518 2351 ἦδονήνς
1544 2307 1664 2351 Steph.

994 2354 1104 2387 Bekk.
1153 2354 1226 2387 Ast.
1269 2353 1303 2386 in
1346 2357 1428 2388 tert.
1473 2358 1508 2388 et
1540 2354 1662 2388 Stallb.

995 2400 1084 2445 quod
1133 2400 1312 2434 Adimanto
1360 2412 1379 2433 e
1423 2400 1567 2434 Socrate
1597 2411 1664 2433 non

994 2449 1063 2479 tam
1095 2448 1206 2480 utrum
1247 2457 1289 2479 ex
1327 2445 1481 2489 duobus,
1522 2457 1665 2491 quorum

996 2495 1152 2526 neutrum
1195 2494 1227 2527 ei
1270 2492 1408 2537 piacere
1446 2492 1513 2525 iam
1547 2492 1665 2533 sciret,

995 2550 1097 2583 quam
1121 2538 1203 2583 quid
1228 2538 1359 2572 omnino
1384 2538 1507 2571 bonum
1532 2540 1662 2572 statue-

995 2587 1068 2626 ret,
1108 2583 1302 2618 sciscitanti
1335 2584 1444 2618 minus
1469 2587 1584 2629 aptum
1608 2583 1663 2617 vi-

994 2630 1106 2664 detur.

994 2745 1025 2778 Ε
1039 2697 1144 2744 παρὰ
1165 2698 1301 2744 ταῦτα]
1321 2697 1547 2743 παραταῦτα
1562 2697 1662 2734 Vind.

1044 2807 1192 2858 Οὗτος]
1231 2809 1351 2853 οὕτως
1377 2813 1476 2850 Vind.
1503 2813 1547 2847 F.
1572 2813 1660 2857 Ang.
