1807 3219
314 179 399 219 108

313 285 341 330 ὂ
368 288 430 345 τῷ
462 283 646 342 μεγίστῳ
679 282 1017 340 προσῃκάζομεν
1046 283 1218 340 κύματι.

761 171 1238 216 PLATONIS

1277 283 1491 341 εἰρήσεται
1526 281 1569 326 δ’
1601 277 1696 334 οὖν,

311 356 350 398 εἰ
379 353 454 397 καὶ
482 352 625 408 μέλλει
661 350 816 407 γέλωτί
861 368 906 395 τε
946 350 1134 409 ἀτεχνῶς
1174 351 1317 408 ὥσπερ
1353 358 1473 408 κῦμα
1511 351 1697 408 ἐκγελῶν

310 422 386 467 καὶ
416 421 572 479 ἀδοξίᾳ
602 418 902 464 κατακλύσειν.
941 419 1094 464 σκόπει
1124 421 1170 465 δὲ
1200 420 1226 466 ὂ
1255 421 1393 476 μέλλω
1421 419 1572 475 λέγειν.
1611 420 1698 464 Λέ-

308 507 381 546 γε,
412 490 509 547 ἔφη.
563 488 666 533 Ἐὰν
696 487 777 545 μὴ,
817 482 875 546 ἦν
915 487 962 532 δ’
1001 488 1116 545 ἐγώ,
1154 489 1183 547 ἢ
1224 491 1269 534 οἱ
1297 488 1542 547 φιλόσοφοι
1570 492 1696 548 βασι-

354 635 377 675 ὃ
398 639 479 686 τῷ]
506 634 581 685 δ’τῳ
607 638 704 672 Stob.
729 637 849 673 Trinc.

354 674 656 731 προσῃκάζομεν]
703 685 758 719 Ita
799 683 898 718 Vind.
929 683 974 720 F.

306 733 393 776 Ang.
418 733 462 766 B.
487 733 582 765 Flor.
607 731 650 764 R.
685 728 976 775 προσεικάζομεν

308 779 409 812 Stob.
462 774 730 821 προεικάζομεν
763 777 843 810 Par.
867 777 975 812 ADK.

306 824 395 858 Lob.
419 824 522 858 Vind.
547 824 586 858 Β
611 824 690 857 Vat.
714 823 792 857 BM.
824 823 908 858 Ven.
934 823 974 859 C.

306 871 404 905 Mon.
428 870 469 904 B.
493 870 589 903 Flor.
614 869 660 903 U.
685 869 877 904 Bekkerus.
904 881 975 902 πα-

308 913 523 959 ρεικάζομεν
557 917 643 952 Ven
676 916 718 949 Β.
763 916 863 949 Vind.
898 915 976 950 DE.

307 963 388 996 Vat.
413 963 457 996 H.
482 962 741 998 Flor.ACTV.
767 961 977 995 Stob.n1a1·-

307 1020 351 1053 go
377 1010 482 1042 Gesn.
516 1008 591 1040 Ald.
625 1008 705 1041 Bas.
732 1008 786 1041 ab.
812 1009 976 1052 Stephan.

307 1054 427 1088 Astius
453 1056 488 1088 et
511 1053 765 1087 Stallbaumius.
821 1054 977 1099 Denique

308 1098 564 1145 προῃκάζομεν
595 1100 774 1132 Bekkerus
796 1099 832 1133 in
857 1111 976 1133 coimn.

306 1146 488 1189 legendum
519 1145 662 1187 statuit3
705 1145 760 1178 cui
802 1146 978 1179 Stallbau-

308 1192 398 1225 mius
422 1192 504 1225 nihil
527 1191 591 1224 nisi
615 1192 733 1235 Symp.
767 1201 802 1234 p.
827 1193 907 1226 216.
934 1191 974 1224 C.

308 1241 345 1272 et
369 1238 478 1282 Gorg.
502 1249 536 1281 p.
564 1238 644 1271 493.
671 1237 711 1269 C.
734 1237 791 1270 ubi
815 1249 977 1281 augmen-

307 1286 380 1317 tum
402 1284 535 1329 pariter
558 1283 717 1316 omissum
741 1282 797 1324 sit,
822 1287 858 1316 et
873 1284 976 1317 Butt-

306 1341 466 1363 mannum
489 1340 629 1372 gramm.
653 1329 681 1362 I.
713 1341 750 1374 p.
774 1329 853 1363 328.
880 1330 976 1363 obie-

306 1375 375 1418 cit,
400 1376 442 1409 de
467 1375 575 1409 altera
598 1375 754 1409 lectionis
778 1374 866 1408 illius
889 1387 974 1420 par-

305 1425 361 1463 te,
387 1421 443 1455 cui
468 1421 603 1455 codices
626 1421 756 1465 magis,
781 1433 883 1466 quam
897 1421 973 1454 vul-

304 1471 408 1512 gatae
432 1469 551 1501 favere
584 1468 736 1509 videret,
770 1467 973 1500 sententiam

303 1515 398 1547 serre
433 1513 636 1568 supersedit.
707 1513 795 1546 Mihi
831 1514 973 1547 verbum

304 1557 535 1604 προεικάζειν
566 1560 644 1593 huic
687 1558 760 1592 loco
793 1559 973 1593 convenire

304 1618 373 1640 non
395 1607 544 1647 videtur,
569 1616 672 1650 quum
697 1617 738 1638 ea
756 1605 972 1649 significatio,

329 1665 373 1686 ua
405 1652 526 1706 utique
557 1654 674 1696 aptmn
704 1655 817 1692 esset,
847 1652 876 1684 si
907 1663 972 1696 pro

304 1664 344 1733 ἓν
371 1698 424 1744 τῷ
452 1695 621 1740 πρόσθεν
648 1695 838 1741 εἰκάζομεν
863 1697 973 1742 accipi

303 1747 440 1790 posset,
473 1745 516 1778 ab
550 1755 591 1777 eo
625 1742 762 1786 aliena,
805 1755 846 1777 ea
877 1755 973 1785 vere,

303 1802 406 1836 quam
436 1793 552 1835 potest
583 1790 729 1832 habere,
761 1792 801 1823 ut
835 1800 974 1834 compa-

303 1837 472 1870 rationem
512 1839 635 1877 antea,
669 1847 772 1880 quam
805 1846 862 1869 res
895 1835 973 1879 ipsa

302 1882 547 1927 apparuisset,
592 1883 721 1915 factam
763 1882 973 1915 demonstret

302 1930 369 1973 (im
394 1940 521 1962 voraus
548 1929 785 1973 vcrgleichen,
809 1927 972 1972 quemad-

301 1975 437 2008 modum
456 1974 787 2008 Schleiermacherus
803 1974 972 2018 interpre-

301 2024 396 2055 tatus
419 2021 488 2064 est)
524 2020 578 2054 hic
605 2020 741 2066 quidem
760 2020 888 2054 inutilis
912 2020 971 2055 sit.

300 2066 394 2102 Nam
429 2078 469 2100 eo
493 2066 567 2111 ipso
589 2068 688 2109 loco,
725 2078 793 2111 quo
826 2066 971 2121 primum

301 2111 345 2148 τὸ
387 2111 559 2157 μέγιστον
601 2111 665 2146 καὶ
707 2110 970 2156 χαλεπώτατον

301 2160 372 2204 τῆς
406 2159 598 2204 τρικυμίας
632 2160 970 2201 commemorabatur,

300 2218 337 2260 p.
362 2207 442 2241 472.
466 2206 508 2239 A.
539 2205 665 2239 fluctus
703 2205 762 2239 ille
794 2208 864 2238 tam
886 2216 970 2250 pro-

301 2252 450 2297 pinquus
475 2255 570 2293 erat,
604 2254 643 2284 ut
677 2262 798 2285 caussa
822 2263 888 2285 non
913 2262 970 2284 es-

302 2300 377 2340 set,
403 2297 494 2352 quod
517 2298 676 2342 exiguum
699 2297 864 2342 temporis
887 2308 969 2350 spa-.-

301 2344 388 2378 tium
418 2344 507 2377 inter
541 2343 826 2396 comparationem
861 2346 896 2377 et
918 2343 969 2378 rei

300 2390 408 2434 ipsius
438 2390 791 2435 repraesentationem
813 2390 969 2435 interpo-

299 2437 403 2470 situm
436 2436 603 2481 peculiari
632 2437 737 2469 veibo
770 2448 879 2481 eoque
912 2447 969 2469 ra-

300 2482 437 2516 rissimo
460 2482 496 2516 in
516 2482 712 2516 memoriam
736 2485 968 2516 revocaretur.

299 2527 377 2561 Iam
412 2528 443 2562 si
473 2525 736 2572 προεικάζομεν
765 2540 848 2562 vera
883 2527 972 2562 scri-

301 2577 405 2619 ptura
429 2586 495 2608 nou
519 2578 591 2617 est,
625 2578 739 2608 tamen
761 2586 866 2608 verae
887 2585 971 2618 pro-

302 2619 396 2653 xima
442 2621 597 2655 habenda
631 2624 667 2654 et
697 2621 787 2655 inter
819 2620 970 2665 reliquas

302 2666 487 2700 secundum
510 2678 587 2701 eam
615 2667 736 2701 electio
759 2666 970 2700 instituenda

302 2715 367 2746 est.
417 2713 541 2757 Itaque
564 2711 844 2765 προσῃκάζομεν
869 2712 970 2757 elegi,

302 2757 393 2803 quod
418 2770 519 2811 quam
544 2760 644 2793 facile
667 2760 702 2793 iu
725 2770 869 2804 προεικ.
895 2759 970 2793 abi-

302 2815 341 2838 re
373 2805 544 2848 potuerit,
585 2806 724 2840 Bastius
751 2805 793 2840 ad
832 2807 969 2850 Grego-

1033 637 1121 672 rium
1153 650 1187 684 p.
1218 640 1296 675 712.
1331 638 1585 673 demonstravit.
1645 639 1698 673 De

1033 688 1214 729 augmento
1249 686 1386 719 dubium
1417 697 1483 719 non
1508 689 1579 728 est,
1615 685 1698 730 quin

1032 731 1131 765 Plato
1155 731 1190 765 id
1213 732 1381 765 interdum
1406 732 1565 766 omiserit.
1593 732 1698 765 Certe

1033 778 1151 822 Symp.
1200 778 1221 811 l.
1270 790 1301 812 c.
1349 777 1501 821 εἷ’,κασα
1549 777 1695 811 Phaedr.

1031 835 1112 868 pag.
1146 824 1226 858 248.
1257 824 1298 857 A.
1334 804 1527 879 εἰκασμένη
1545 850 1554 867 ,
1594 824 1695 858 Polit.

1032 880 1067 913 p.
1086 871 1166 904 260.
1191 870 1236 904 Ε.
1263 867 1484 912 εἰκάζομεν·
1475 882 1509 903 m
1533 870 1699 912 omnibus,

1034 916 1143 960 Gorg.
1179 915 1201 950 l.
1238 928 1270 950 c.
1303 913 1484 960 οἷπήικασε
1516 916 1618 960 idque
1642 927 1697 949 su-

1032 962 1226 1014 perscripto
1252 961 1286 996 εί
1307 963 1341 995 in
1372 973 1438 995 uno
1462 962 1541 997 Par
1565 962 1623 995 W.
1648 962 1698 995 le-

1032 1007 1135 1051 gitur.
1183 1008 1253 1041 Sed
1275 1012 1460 1057 propterea
1484 1020 1550 1041 non
1571 1008 1699 1053 ubique

1033 1053 1237 1087 abstinuisse
1261 1053 1446 1088 censendus
1464 1057 1517 1087 est
1535 1066 1587 1096 eo,
1607 1055 1699 1099 quod

1033 1100 1243 1143 grammatici
1267 1112 1389 1145 magno
1415 1111 1580 1134 consensu
1606 1100 1699 1134 Atti-

1033 1156 1109 1178 cum
1131 1146 1323 1190 perhibent.
1373 1146 1429 1180 Cf.
1455 1147 1584 1180 Moeris
1608 1147 1696 1180 eius-

1034 1202 1101 1234 que
1133 1192 1337 1236 interpretes
1368 1204 1402 1238 p.
1430 1194 1506 1227 182.
1533 1195 1568 1226 et
1599 1193 1699 1226 scho-

1033 1236 1152 1270 liastes
1193 1236 1350 1282 Dionysii
1390 1239 1540 1272 Bekkeri
1579 1239 1696 1272 anecd.

1031 1293 1066 1326 p.
1094 1284 1173 1326 804,
1197 1284 1253 1318 30.
1304 1284 1427 1328 Neque
1451 1284 1698 1317 Stallbamnius

1031 1328 1118 1372 Leg.
1142 1330 1183 1362 L.
1210 1330 1322 1365 VIIII.
1359 1341 1394 1374 p.
1420 1331 1498 1364 857.
1533 1329 1573 1363 C.
1599 1330 1698 1363 unius

1030 1373 1123 1408 Flor.
1148 1375 1189 1409 A.
1213 1376 1378 1420 suffragio
1396 1375 1534 1420 ancipiti
1558 1376 1654 1419 (nam
1666 1387 1699 1410 ει

1028 1420 1698 1520 {ZffisslpffiEsssssssstffdflffssiffisszsski

1028 1509 1194 1556 κάσαμεν
1212 1479 1255 1547 (ὲὺ
1281 1480 1584 1559 οἷπῃκοὶζομενᾳεκ
1605 1480 1696 1559 An}

1029 1558 1069 1591 B.
1093 1562 1129 1592 et
1152 1561 1231 1593 Vat.
1253 1560 1293 1593 C.
1319 1561 1355 1594 in
1379 1572 1446 1605 quo
1470 1561 1553 1593 item
1575 1571 1695 1605 super-

1028 1605 1193 1650 scriptum
1216 1610 1270 1640 est
1294 1617 1348 1648 ει,
1371 1618 1435 1651 pro
1461 1603 1580 1641 οἷπεικ.
1605 1607 1696 1652 quod

1029 1651 1108 1684 Par.
1132 1652 1173 1684 A.
1198 1653 1382 1698 utrobique
1406 1656 1579 1686 correctus
1600 1653 1699 1686 exhi-

1029 1696 1112 1739 bet,
1111 1699 1300 1754 reposuit.
1325 1699 1442 1733 Etiam
1465 1699 1556 1733 Tim.
1581 1711 1614 1743 p.
1637 1701 1695 1754 79

1029 1742 1072 1777 D.
1102 1723 1129 1777 ὃ
1157 1742 1202 1798 δὴ
1234 1744 1297 1778 καὶ
1332 1742 1610 1801 προσῃκάζομεν
1641 1745 1695 1791 τῷ

1030 1789 1098 1823 τοῦ
1127 1787 1266 1834 κύρτου
1293 1789 1472 1835 πλέγματι
1512 1780 1696 1825 secundum

1029 1835 1149 1880 optimi
1189 1837 1266 1870 libri
1318 1849 1454 1871 manum
1493 1838 1636 1882 primam
1663 1845 1696 1872 a

1027 1882 1188 1915 Bekkero
1221 1883 1348 1917 editum
1381 1886 1455 1925 est,
1501 1885 1590 1928 quod
1621 1883 1695 1918 sine

1026 1927 1131 1962 litura
1165 1929 1331 1975 scriptum
1372 1929 1408 1965 in
1442 1909 1542 1964 ’Vind.
1565 1930 1609 1964 F.
1640 1930 1696 1964 in-

1027 1973 1118 2008 veni.
1420 1998 1422 2000 -

1072 2063 1237 2111 κύματι]
1281 2063 1438 2111 σχήματι
1477 2068 1575 2103 Stob.
1610 2066 1691 2113 (κύ-

1025 2122 1114 2157 ματι
1137 2125 1181 2147 m.
1205 2114 1330 2158 Gesn.)

1071 2201 1136 2251 δ’]
1164 2217 1229 2240 om.
1252 2204 1333 2242 Par.
1358 2204 1402 2239 K.

1071 2297 1205 2343 μέλλει]
1231 2295 1357 2343 μέλλοι
1379 2297 1478 2334 Vind.
1498 2297 1570 2333 BD.
1596 2297 1690 2333 Mon.

1071 2433 1201 2480 γέλωτί
1220 2437 1283 2482 τε]
1308 2434 1421 2481 γέλως
1446 2433 1488 2470 τὲ
1514 2447 1569 2476 τις
1594 2435 1688 2469 Mon.

1024 2481 1067 2515 B.
1091 2482 1186 2516 Flor.
1206 2483 1251 2516 U.
1280 2482 1536 2518 Stallbaumius.
1575 2481 1690 2515 Etiam

1025 2528 1144 2562 Astius
1168 2528 1224 2562 hic
1247 2530 1359 2564 haesit
1392 2532 1428 2563 et
1450 2528 1494 2563 ad
1517 2527 1691 2569 coniectu-

1026 2585 1099 2607 ram
1144 2575 1325 2621 prolapsus
1371 2578 1434 2609 est.
1513 2575 1689 2616 Socrates,

1026 2631 1128 2665 quum
1152 2621 1208 2665 id,
1245 2622 1336 2667 quod
1357 2621 1490 2656 iamiam
1513 2619 1690 2654 dicendum

1027 2669 1124 2709 erat,
1168 2678 1245 2701 cmu
1276 2667 1382 2702 fluctu
1414 2667 1691 2711 comparavisset,

1026 2712 1084 2757 qui
1109 2725 1200 2758 aqua
1223 2716 1314 2747 salsa
1328 2713 1536 2759 perfundere
1557 2716 1593 2745 et
1609 2713 1690 2746 sub-

1025 2768 1181 2803 meigere
1205 2763 1327 2794 nautas
1357 2761 1464 2800 solet,
1499 2758 1601 2792 nihilo
1626 2757 1689 2790 mi-

1025 2816 1087 2839 nus
1107 2805 1276 2840 dictur-iun
1294 2816 1333 2841 se
1348 2805 1540 2851 profitetur,
1557 2803 1690 2840 etiamsi
