1807 3219
269 76 355 115 296

271 184 346 227 καὶ
403 182 723 238 ἀπολλυμένου

812 178 1195 236 Εὐομολόγητον,
1254 179 1370 236 ε’·φη

271 250 340 295 ἀεὶ
380 249 508 301 ὄντος
545 247 572 305 ἡ
610 248 872 305 γεωμετρικὴ
915 251 1076 304 γνῶσίς
1117 247 1247 290 ἐστιν.

725 68 1200 112 PLATONIS

1438 184 1518 223 τοῦ
1571 181 1656 236 γὰρ

1300 245 1456 291 Ὁλκόν
1487 247 1658 303 ἅρα,ω
1624 244 1659 293 ὦ

270 325 467 376 γενναῖε,
500 322 639 374 ψυχῆς
669 316 781 372 πρὸς
812 315 1022 373 ἀλήθειαν
1053 317 1117 371 εἴη
1148 314 1202 358 ἄν
1232 316 1306 358 καὶ
1337 314 1661 371 ἀπεργαστικὸν

273 385 530 444 φιλοσόφου
570 387 768 436 διανοίας
797 384 909 440 πρὸς
932 383 982 427 τὸ
1013 381 1106 427 ἄνω
1136 389 1253 440 σχεῖν
1283 383 1310 427 ἃ
1340 388 1425 427 νῦν
1455 383 1574 428 κάτω
1607 385 1662 429 οὐ

274 455 376 500 δέον
406 455 568 511 ἔχομεν.

606 453 683 506 Ὡς
713 451 809 498 οἶόν
837 469 882 496 τε
911 451 1119 508 μάλιστα,
1151 451 1248 508 ἔφη.
1287 451 1362 504 Ὡς
1386 450 1482 496 οἷόν
1504 451 1538 496 τ’
1563 451 1665 508 ἄρα,

213 534 246 577 C
274 521 332 580 ἦν
363 522 405 568 δ’
439 522 548 579 ἐγώ,
589 523 775 580 μάλιστα
812 521 1135 576 προστακτέον,
1179 520 1297 572 ὅπως
1328 522 1370 564 οἱ
1399 520 1447 564 ἐν
1475 526 1530 579 τῇ
1559 527 1665 566 καλ-

275 591 445 637 λιπόλει
489 603 561 635 σοι
600 589 754 646 μηδενὶ
794 588 942 644 τρόπῳ
979 590 1243 644 γεωμετρίας
1289 588 1540 645 ἀφέξονται.
1591 593 1667 635 καὶ

276 659 362 717 γοὲρ
392 659 445 703 τὰ
474 657 673 714 πάρεργα
706 655 847 701 αὐτοῦ
877 655 932 700 οὐ
967 654 1144 712 σμικρά.
1176 660 1317 706 Ποῖα;
1348 653 1448 714 ἧδ’
1468 658 1531 710 ὅς.
1553 657 1606 702 “A
1624 675 1669 703 τε

279 727 333 785 δὴ
363 727 419 772 σὺ
448 724 584 778 εἶπες,
629 721 684 782 ἦν
715 724 760 769 δ’
794 725 902 781 ἐγώ,
940 724 993 768 τοὶ
1025 725 1120 780 περὶ
1152 723 1229 769 τὸν
1259 724 1474 782 πόλεμον,
1504 727 1576 771 καὶ
1610 726 1664 783 δή

327 896 636 942 Εὕομολόγητον]
659 893 943 942 διομολογητέον

282 947 367 990 Aug.
392 945 430 978 B.
454 945 550 979 Flor.
574 944 713 977 ACRT.
749 942 788 976 εὖ
818 943 946 986 διομο-

282 989 457 1036 λογητέον
490 992 570 1024 Par.
605 991 646 1024 A.
681 989 875 1042 adscripto,
908 992 948 1021 ut

283 1038 445 1072 Faehsius
481 1038 606 1078 ιεῐειῃί
639 1037 673 1069 in
697 1047 769 1068 ma.
772 1036 849 1075 gine
872 1034 947 1067 vul-

282 1089 373 1128 gato.
421 1083 585 1116 Fortasse
597 1062 743 1115 ’ePlato
729 1078 945 1124 ενδιομολό-

283 1142 394 1185 γητον
419 1129 564 1184 scxipsit

327 1172 419 1220 γαρ]
448 1172 486 1208 δε
511 1175 596 1208 Lob.
622 1174 701 1207 Vat.
728 1173 776 1207 M.

328 1219 574 1266 γεωμετρικὴ]
608 1220 647 1253 In
672 1220 747 1253 Ald.
784 1220 866 1253 Bas.
893 1218 948 1252 ab.

284 1268 558 1313 Steph.com1na
590 1266 740 1300 additum
765 1265 950 1299 editorIbus

284 1316 352 1349 hoc
384 1325 505 1347 nomen
544 1312 796 1346 substantivum
841 1311 950 1345 visum

284 1373 361 1394 esse
386 1359 510 1404 arguit.
557 1358 642 1392 Mihi
672 1357 876 1392 adiectivum
898 1357 950 1391 vi

283 1408 394 1442 detur.

329 1450 488 1494 Ὁλκὸν]
535 1451 591 1484 Ita
612 1451 692 1484 Par.
718 1451 756 1483 A.
795 1450 882 1493 Ang.
908 1450 947 1482 B.

284 1500 377 1533 Flor.
417 1498 556 1531 ACRT.
608 1494 724 1541 (ἷρκὸν
766 1497 867 1529 vind.
908 1496 949 1528 F.

283 1542 425 1580 ου’κοῦν
449 1544 549 1577 Vind.
575 1544 619 1576 E.
666 1540 772 1576 ἕλκον
796 1544 882 1575 Ven.
909 1541 949 1575 C.

283 1605 305 1626 a
328 1604 371 1625 m.
395 1602 422 1624 5.
448 1593 483 1623 et
515 1589 637 1634 reliqui
661 1600 736 1622 cum
761 1588 835 1622 Ald.
871 1588 951 1621 Bas.

283 1639 338 1672 ab.
376 1636 496 1681 Steph.
530 1637 605 1670 Ast.
654 1636 708 1668 Cf.
734 1635 778 1668 ad
811 1647 848 1680 p.
872 1635 952 1669 521.

284 1685 326 1718 D.
351 1684 453 1716 dicta.

330 1729 454 1773 ψυχῆς
472 1726 569 1782 πρὸς
590 1723 801 1782 αλήθειαν]
828 1727 888 1760 Sic
911 1727 954 1760 ii-

286 1776 383 1817 dem,
419 1775 478 1819 qui
515 1770 649 1817 ὁλκὸν,
685 1777 720 1806 et
753 1774 853 1807 Vind.
880 1774 953 1807 EF.

287 1824 373 1858 Ven.
408 1821 449 1855 C.
488 1818 614 1864 ψυχὴν
640 1799 736 1864 πρὸς
771 1816 955 1864 ἀλήθειαν

288 1868 413 1913 reliqui
435 1870 574 1912 praeter
605 1867 690 1899 Ven.
718 1867 757 1902 Β.
789 1867 847 1921 qui
879 1877 954 1899 cum

287 1915 386 1948 editis
410 1925 491 1957 supr
495 1925 513 1946 a
531 1912 733 1956 significatis
751 1909 846 1957 πρὸς
866 1908 954 1956 οΞλή-

287 1962 399 1995 θειαν
419 1956 544 2002 ψυχὴν
569 1958 718 1993 exhibet.

337 2002 398 2065 dv]
415 2003 462 2039 Βὶν
487 2005 586 2040 Vin.d
612 2005 652 2037 F.

338 2050 422 2087 οἱόν
441 2048 494 2106 τ’]
519 2048 603 2085 οἷόν
620 2062 659 2084 τε
683 2050 783 2084 Vind.
811 2050 887 2085 EF.

337 2096 570 2140 καλλιπόλει]
616 2094 844 2130 καλλειπόλει
875 2098 956 2132 Vat

292 2146 331 2179 B.
373 2145 466 2188 καλῆ
495 2141 601 2177 πόλει
634 2144 720 2176 ven.
748 2144 788 2178 C.
814 2155 835 2176 a
859 2154 902 2176 ln.
928 2154 956 2176 s.

293 2191 465 2236 καλλίστῃ
496 2187 603 2223 πόλει
634 2190 718 2223 Ven.
743 2190 784 2223 B.
817 2189 895 2222 Bas.
921 2189 954 2222 b.

291 2238 411 2282 steph.
462 2236 534 2277 „In
569 2235 727 2280 praeced.
753 2235 958 2269 editionibus

291 2281 525 2324 καλλιπόλει,
551 2293 614 2326 pro
639 2293 704 2326 quo
729 2282 865 2326 quidam
889 2284 957 2314 vet.

292 2330 461 2374 καλλίστῃ
492 2325 609 2362 πόλει.
675 2327 809 2372 Alioqui
850 2326 960 2361 videri

292 2376 458 2421 potuisset
483 2374 698 2407 scribendum
722 2374 815 2418 καλῃ
840 2370 958 2407 πόλει.

292 2423 363 2455 Sed
388 2421 606 2485 supexlativua
608 2432 628 2452 ιι
647 2420 789 2463 gradum
808 2431 883 2463 agn
877 2419 963 2452 ›scit

294 2470 329 2501 et
354 2468 451 2501 Ficf‘
475 2467 588 2500 idem
581 2478 615 2499 ln
634 2477 678 2501 m.
703 2466 781 2510 (qni
797 2467 961 2510 praecla-

295 2515 462 2547 rissimam
487 2514 576 2546 hanc
598 2513 759 2546 habitant
785 2513 963 2545 civitatem

295 2560 387 2603 Fic.)
415 2558 624 2592 Theniistius
645 2569 694 2591 or.
712 2558 808 2591 XXI.
828 2569 860 2602 p.
881 2556 961 2591 248.

297 2610 346 2639 A·
379 2603 671 2659 βασανιστήρια,
708 2601 764 2642 οἷς
802 2601 963 2657 ἐκαθηρε

296 2649 387 2690 τούς
408 2648 643 2705 φιλοσόφους
661 2648 700 2683 ἐν
718 2650 764 2694 τῇ
789 2646 963 2683 καλλιπό-

297 2700 350 2732 λει
368 2696 431 2730 καὶ
452 2693 702 2752 ἀπειργάσατο
723 2693 963 2739 τελειότερον,

298 2740 321 2788 ἢ
359 2742 509 2782 Φειδίας
539 2740 587 2776 τὰ
620 2739 825 2786 ἀγάλματα.
866 2752 965 2786 quem

1001 897 1112 930 locum
1144 897 1260 932 Astius
1295 897 1338 930 de
1361 897 1505 931 Platone
1528 896 1667 943 eiusque

1003 943 1144 976 civitate
1176 946 1330 987 agentem
1363 947 1458 976 recte
1493 944 1535 976 ad
1561 945 1666 978 stabi-

1002 989 1146 1022 liendam
1173 989 1350 1022 lectionem
1373 987 1582 1023 καλλιπόλει
1605 991 1667 1024 ad—

1003 1035 1123 1068 hibuit.
1171 1036 1241 1068 Sed
1273 1047 1315 1067 ne
1349 1036 1558 1079 Stephanum
1589 1037 1665 1081 qui*

1004 1081 1079 1114 dem
1103 1081 1174 1114 sine
1197 1081 1330 1114 ratione
1345 1082 1499 1125 recipere
1518 1094 1592 1115 eam
1605 1084 1667 1117 du-

1004 1128 1192 1163 bitassedet
1215 1130 1327 1160 tamen
1350 1128 1575 1172 recipiendam
1593 1141 1669 1164 esse

1006 1185 1048 1206 ex
1073 1173 1122 1207 eis
1159 1176 1322 1218 apparet,
1353 1185 1441 1218 quae
1473 1174 1668 1208 Lobeckius

1006 1220 1049 1252 ad
1073 1220 1198 1263 Pliryn.
1224 1231 1258 1263 p.
1282 1221 1359 1253 600.
1385 1230 1460 1264 sqq.
1486 1220 1528 1253 de
1552 1222 1668 1255 huius—

1005 1266 1094 1299 modi
1142 1265 1441 1310 compositionibus
1488 1268 1668 1301 verborum

1007 1311 1204 1356 disputavit.

1053 1358 1133 1401 σοι]
1169 1367 1236 1392 σου
1272 1357 1373 1393 Vind.
1408 1357 1482 1391 EF.
1516 1359 1604 1402 Ang.
1631 1360 1672 1393 B.

1005 1404 1674 1451 Flor.ACRT.A1d.Bas.ab.Steph.

1007 1450 1082 1484 Ast.
1106 1462 1175 1483 sec.

1055 1493 1281 1540 ἀφέξονται]
1307 1496 1362 1531 Ita
1385 1497 1473 1530 Lob.
1501 1499 1581 1532 Vat.
1593 1498 1675 1532 ΒΜ.

1008 1543 1146 1587 Reliqui
1192 1543 1326 1576 codices
1375 1544 1486 1586 (Par.
1521 1544 1565 1577 K.
1607 1556 1676 1577 sec.

1010 1589 1140 1632 Bekk.)
1165 1592 1200 1621 et
1223 1589 1306 1622 editi
1331 1593 1410 1623 ante
1434 1590 1553 1635 Steph.
1583 1586 1678 1635 οἷφέ-

1011 1635 1148 1677 ξωνται
1172 1635 1310 1668 habent.

1059 1678 1245 1725 omitum,
1250 1681 1448 1723 ‚Quomodo
1481 1682 1557 1727 quis
1589 1684 1680 1717 tueri

1011 1727 1122 1772 possit
1156 1707 1342 1772 geniiivuln
1375 1725 1496 1762 αὐτοῦ
1533 1741 1598 1763 non
1622 1730 1676 1764 in-

1010 1774 1146 1818 melligo,
1198 1786 1301 1818 quum
1336 1774 1486 1818 genitivo
1523 1787 1608 1820 opus
1632 1777 1678 1811 sit

1012 1820 1071 1865 qui
1094 1818 1178 1863 περὶ
1200 1820 1268 1864 τῆς
1286 1820 1507 1864 γεωμετρίας
1531 1821 1677 1864 dicatur,

1013 1866 1108 1900 cuius
1132 1878 1251 1900 nomen
1275 1867 1474 1912 praecessit.
1502 1868 1577 1901 Nec
1594 1880 1678 1902 vero

1012 1913 1128 1946 dubito
1153 1913 1233 1957 quin
1258 1913 1423 1958 scriptum
1446 1913 1495 1947 ita
1517 1914 1619 1948 fuerit
1641 1914 1677 1949 in

1012 1959 1086 1992 Fic.
1120 1959 1227 1992 libro:
1267 1960 1326 2004 qui
1366 1960 1454 1993 hunc
1486 1961 1595 1994 locum
1627 1961 1678 1995 ita

1011 2005 1116 2038 vertit
1136 2024 1180 2030 —
1204 2017 1292 2050 quae
1309 2011 1453 2050 practer
1471 2007 1578 2050 ipsius
1594 2019 1678 2050 pro—

1011 2053 1161 2096 positum
1182 2053 1432 2096 quodammodo
1459 2064 1529 2086 esse
1556 2054 1679 2087 viden-

1013 2103 1072 2132 tur
1091 2099 1173 2132 -—.“
1206 2098 1328 2142 Steph.
1353 2110 1387 2141 p.
1413 2098 1468 2132 25.
1493 2110 1595 2143 quem
1617 2098 1679 2132 mi-

1013 2143 1100 2177 reris
1131 2148 1200 2176 tam
1235 2143 1302 2177 cito
1332 2143 1474 2177 oblitum
1506 2156 1583 2178 esse
1606 2144 1679 2178 illo—

1015 2201 1089 2222 lum
1114 2201 1147 2234 p.
1172 2190 1250 2224 526.
1265 2191 1313 2224 C:
1339 2185 1363 2232 ἢ
1383 2191 1605 2234 γεωμετρίαν
1623 2188 1677 2225 λε’-

1015 2247 1052 2279 ys
1039 2248 1112 2276 ις,·
1151 2233 1247 2270 αὐτὸ
1279 2236 1406 2270 τοῦτο.
1442 2239 1480 2270 ut
1511 2236 1578 2270 alia
1601 2249 1681 2282 per-

1015 2283 1121 2315 multa
1155 2285 1308 2324 taceam,
1356 2294 1444 2327 quae
1479 2283 1683 2327 significavit

1016 2327 1183 2361 Matthiae
1207 2340 1346 2372 gramm.
1372 2340 1407 2372 p.
1433 2330 1510 2364 819.
1537 2341 1588 2375 sq.
1624 2329 1679 2363 Cs-

1017 2374 1094 2407 Vol.
1120 2374 1149 2407 I.
1179 2386 1212 2418 p.
1237 2375 1319 2416 364,
1344 2387 1375 2407 a.

1066 2421 1188 2468 Ποῖα]
1213 2420 1306 2454 ποία
1332 2420 1432 2455 Vind.
1457 2421 1498 2454 F.

1065 2463 1188 2511 εἶπες]
1213 2467 1253 2500 In
1277 2469 1363 2503 Ven.
1390 2467 1429 2500 C.
1455 2479 1500 2506 ας
1524 2479 1627 2512 super
1647 2479 1684 2507 ες

1019 2512 1195 2566 scriptum.

1065 2556 1242 2602 πόλεμον,
1255 2561 1267 2603 ]
1302 2559 1358 2592 Ita
1394 2559 1507 2593 Astius
1537 2560 1571 2592 in
1602 2562 1682 2593 tert.

1019 2607 1055 2638 et
1067 2605 1321 2639 Stallbaiunius.
1346 2603 1520 2648 πόλεμον.
1543 2606 1597 2640 vel
1615 2617 1684 2639 πο

1020 2651 1150 2694 λεμον·
1177 2652 1300 2709 reliqui
1323 2651 1482 2686 editores.

1068 2696 1139 2731 καὶ
1153 2696 1197 2741 δὴ
1220 2695 1302 2741 και]
1337 2698 1393 2731 lta
1416 2698 1495 2731 Par.
1519 2699 1559 2731 A.
1583 2697 1684 2731 Vind.

1022 2743 1096 2777 EF.
1121 2744 1153 2778 V
1154 2744 1255 2778 en.B.
1281 2746 1369 2788 Aug.
1380 2744 1420 2778 B.
1443 2744 1685 2779 Flor.ACRT.
