1807 3219
439 120 776 164 CIVITAS
816 118 938 161 LlB.
965 117 1059 158 Vll.
1083 123 1152 156 527

1404 126 1487 164 297

103 244 176 287 καὶ
216 242 327 298 πρὸς
364 244 508 296 πασας
538 243 776 300 μαθήσεις,
817 242 925 285 ὥστε
963 239 1146 284 κάλλιον
1177 238 1486 298 ἀποδέχεσθαι,

101 313 227 367 ἴσμεν
264 326 352 355 που
393 311 460 355 ὅτι
496 316 557 371 τῷ
597 313 685 369 ὅλῳ
727 312 802 355 καὶ
848 311 980 354 παντὶ
1019 310 1173 352 διοίσει
1209 308 1404 366 ἡμμένος
1444 327 1489 355 τε

101 383 363 437 γεωμετρίας
403 382 478 424 καὶ
525 380 597 437 μή.

663 384 734 436 Τῷ
777 379 908 422 παντὶ
949 377 1098 434 μέντοι
1141 376 1195 433 νὴ
1243 376 1337 430 Δί’,
1389 379 1486 435 ἔφη.

103 448 325 503 Δεύτερον
355 447 408 504 δή
440 453 573 492 τοῦτο
601 451 797 502 τιθῶμεν
831 446 1015 503 μάθημα
1045 450 1137 496 τοῖς
1161 445 1302 496 νέοιςς
1347 450 1489 490 Tasta?-

102 533 201 574 μεν,
234 517 329 573 §.qm
393 517 444 559 Τί
474 517 542 567 655
573 518 722 571 τρίτον
753 519 903 572 θῶμεν
929 515 1247 570 οἷστρονομίανς
1278 512 1308 570 ἦ
1339 514 1393 557 οὐ
1415 517 1487 558 δο-
1518 519 1557 560 D

102 590 188 636 κεῖ;
206 583 371 642 ’Ἐμοιγ’
401 578 498 636 οὖν,
529 585 636 641 ε’φη·
666 583 716 628 τό
743 602 825 640 γαρ
848 585 948 639 περὶ
974 583 1092 638 ὥρας
1115 581 1491 638 εὐαισθητοτέρως

106 654 219 710 ἔχειν
253 654 327 698 καὶ
355 669 509 710 μηνων
548 655 622 697 καὶ
665 645 881 696 ἐνιαυτων
913 650 968 696 οὐ
1000 650 1142 707 μόνον
1171 652 1372 733 γεωργίᾳ
1387 650 1502 695 οὐδὲ

38 762 47 775 ,
104 724 306 778 ναυτιλίᾳ
344 721 603 778 προσήκει,
655 721 763 766 ἀλλὰ
812 723 887 765 καὶ
937 721 1173 776 στρατηγίᾳ
1225 718 1305 775 οὐχ
1343 721 1491 775 ἦττον.

102 789 236 842 Ἡδύς
267 787 329 843 εἷ,
369 784 424 846 ἦν
454 788 497 834 δ’
530 789 636 846 ἐγώ,
681 789 750 834 ὅτι
779 791 925 843 ἔοικας
955 788 1114 834 δεδιότι
1151 788 1255 839 τοὺς
1288 789 1491 842 πολλοὺς,

107 962 227 1007 steph.
269 962 379 997 Bekk.
413 964 488 997 Ast.
524 967 604 998 tert.
643 964 767 998 Stallb.

106 1008 170 1042 καὶ
178 1005 237 1062 δή
259 1009 391 1065 reliqui.

154 1050 268 1099 ὥστε]
304 1052 355 1094 ὥς
375 1053 418 1089 τὸ
449 1055 534 1089 Lob.
558 1056 638 1090 Vat.
660 1057 708 1090 M.
734 1061 770 1089 et

108 1114 129 1135 a
151 1113 195 1134 111.
219 1112 272 1144 pr.
298 1102 339 1134 B.
364 1103 450 1156 Ang.
476 1101 514 1135 Β.
541 1102 634 1136 Flor.
657 1102 734 1136 RT.

145 1146 279 1202 ἴσμεν]
319 1145 422 1190 ἰσμέν
454 1148 556 1182 Vind.
590 1149 632 1182 E.
682 1149 770 1188 ισως

106 1190 174 1236 μέν
195 1193 290 1228 Flor.
314 1193 357 1226 R.
383 1194 468 1237 Ang.
493 1194 541 1227 Β.

152 1239 394 1284 γεωμετρίας]
424 1239 486 1272 καὶ
515 1252 546 1283 γ.
562 1237 664 1272 Lob.
692 1240 769 1272 vat.

108 1286 146 1319 B.
171 1286 256 1320 Ven.
283 1286 324 1319 C.
345 1297 380 1341 γ.
401 1283 440 1318 τὲ
464 1286 564 1319 Vind.
591 1285 634 1318 Ε.

153 1329 292 1375 μέντοι]
317 1343 384 1374 μεν
409 1332 507 1366 Vind.
529 1331 606 1365 EF.
631 1332 717 1366 Ven.
730 1331 771 1365 B.

109 1378 195 1422 Ang.
222 1378 260 1410 Β.
286 1378 383 1412 Flor.
408 1378 551 1413 ACRT.

153 1421 407 1468 Δεύτερον-
442 1421 513 1468 ἔφη
521 1425 554 1468 ]
587 1435 651 1457 om.
686 1423 774 1456 Lob.

108 1470 202 1504 Mon.
227 1470 266 1503 Β.
291 1472 371 1506 Vat.
396 1470 436 1504 Β.
461 1473 497 1504 et
528 1482 550 1504 a.
578 1481 623 1502 m.
646 1480 698 1514 pr.
724 1469 774 1504 Μ.

108 1517 186 1550 Par.
212 1516 288 1550 DK.

153 1559 296 1607 νέοιςς]
332 1559 444 1602 νέοις.
469 1561 555 1596 editi
581 1565 660 1596 ante
684 1562 776 1596 Bek-

109 1609 238 1642 kerum.

110 1652 251 1734 Βᾶὶφᾏ]

160 1746 206 1780 Τί
228 1744 313 1792 δές]
339 1747 376 1781 τί
399 1745 432 1781 δ’
455 1745 527 1791 ἔφη
552 1748 631 1781 vat.
650 1747 698 1782 M.
729 1747 775 1781 Τι’

111 1792 198 1834 δαίς
224 1805 299 1827 cum
323 1793 402 1827 Par.
423 1795 463 1827 A.
488 1795 584 1828 Flor.
596 1795 640 1827 T.
667 1794 773 1828 Stau-

112 1840 265 1873 baumius
297 1840 331 1873 in
365 1851 433 1873 sec.
514 1841 556 1873 In
588 1840 689 1876 Vind.
729 1840 774 1874 E.

112 1886 206 1920 Mon.
231 1886 274 1928 BA.
307 1885 384 1920 Ald.
416 1887 497 1920 Bas.
527 1887 581 1920 ab.
618 1887 691 1920 sine
723 1886 774 1919 di-

112 1932 292 1966 stinctione
321 1932 359 1965 τί
383 1929 422 1966 δὲ
443 1933 570 1976 τρίτον
597 1936 663 1966 etc.
690 1932 777 1966 scri-

113 1981 209 2023 ptum
232 1981 268 2011 et
294 1977 328 2011 in
352 1978 446 2012 Mon.
472 1979 511 2012 Β.
537 1982 617 2023 post
647 1979 778 2022 θῶμεν

113 2024 390 2080 interrogationis
415 2025 546 2081 signum
571 2026 729 2069 positum.

298 1651 358 1698 ἔχη
398 1654 474 1688 Ald.
517 1655 597 1689 Bas.
623 1667 655 1690 a.
704 1652 775 1698 ἔχει

46 2075 85 2116 D
152 2065 294 2114 ’Έμοιγ’
317 2064 401 2113 οὖν]
427 2069 598 2115 ε’μοιγοῦν
621 2071 720 2107 Vind.
734 2071 778 2106 F.

114 2114 217 2160 Ἐμοὶ
244 2128 337 2161 γουν
369 2118 566 2160 Bekkerus,
598 2118 714 2151 Astius
744 2117 780 2150 in

114 2166 194 2196 tert.
228 2166 263 2196 et
294 2163 570 2205 Stallbaumius‚
617 2164 780 2208 quemad-

114 2209 249 2242 modum
272 2212 325 2242 est
347 2209 381 2243 in
405 2210 690 2255 Lob.scriptu1n.
723 2210 778 2243 cf.

116 2255 192 2292 Vol.
217 2254 246 2288 Ι.
271 2267 349 2300 pag.
374 2257 431 2291 30.
478 2256 556 2289 Hoc
589 2267 670 2289 vero
703 2258 779 2290 loco

115 2301 218 2335 etiam
249 2301 348 2334 verbi
381 2301 513 2346 ellipsis
548 2302 699 2336 Bekkeri
724 2314 780 2337 ra-

117 2347 202 2381 tioni
227 2346 437 2380 adversatur.

161 2392 268 2436 τὸ].
263 2391 324 2427 ·τό
353 2393 450 2427 Vind.
475 2394 520 2427 E.
549 2391 602 2428 Τὸ
622 2395 703 2428 Bas.
726 2395 780 2428 ab.

161 2439 355 2487 ναυτιλίᾳ]
386 2439 566 2484 ναυτηλία
602 2440 704 2475 Vind.
737 2441 781 2476 E.

118 2486 214 2519 Flor.
240 2486 284 2519 R.

161 2528 275 2571 Ηδὺς
299 2533 392 2587 eta]
429 2532 528 2566 Theo
558 2533 580 2566 l.
615 2545 644 2566 c.
678 2545 712 2578 p.
737 2535 779 2567 6.

117 2575 163 2611 τό
184 2589 223 2612 τε
241 2575 417 2633 χρήσιμον
436 2576 688 2634 παραδεικνὺς
705 2579 782 2613 τῶν

117 2622 352 2681 μαθημάτων
397 2624 531 2679 φησίν·
582 2622 695 2682 ἡδὺς
737 2622 781 2668 εἴ,

120 2666 239 2724 (ἐστὶν
263 2671 472 2727 οο(1.,8(>ε11.)
499 2666 559 2705 ότι
580 2668 704 2711 ἔοικας
725 2671 782 2705 δε-

121 2713 264 2772 διέναι,
269 2714 318 2760 μὴ
333 2712 497 2775 ἄχρηστοι
512 2729 559 2750 τα
576 2716 784 2773 μαθήματα

122 2760 398 2806 προστάττοιμι.
417 2761 498 2806 (καὶ
516 2762 785 2808 προστάττοιμι

122 2808 196 2842 cod.
223 2809 309 2854 Reg.
335 2811 369 2845 3
401 2810 684 2854 προσταττῶμεν
709 2812 782 2846 cod.

825 964 917 997 scal.
920 961 990 1006 )τό
1004 959 1035 996 δ’
1047 959 1144 996 εστὶν
1157 959 1472 1003 (τουτέστινίᾶεῐῃ.
1476 963 1494 1005 )

826 1007 873 1043 ου’
892 1007 993 1043 πάνυ
1012 1006 1187 1052 φαύλοις,
1208 1004 1301 1040 αλλὰ
1321 1007 1412 1040 πᾶσι
1431 1019 1494 1051 χα-

827 1052 938 1089 λεπὸν
974 1056 1078 1110 (χαλ.
1101 1055 1168 1087 πᾶ.
1191 1054 1311 1108 idem)
1346 1064 1491 1087 πιστευ-

825 1103 966 1145 θῆναι7
993 1100 1054 1136 ὅτι
1086 1098 1124 1134 ἐν
1155 1097 1304 1139 τούτοις
1326 1102 1404 1139 τοῖς
1425 1111 1493 1142 μα-

826 1146 994 1191 θήμασιν
1019 1145 1176 1181 ἑκάστου
1209 1144 1292 1180 οἷον
1322 1142 1496 1202 ὀργάνοις

828 1193 870 1228 τὸ
894 1194 1017 1238 ψυχῆς
1037 1191 1302 1248 ἐκκαθαίρεται
1321 1192 1384 1226 καὶ
1406 1205 1496 1226 ανα-

829 1242 1051 1295 ζωπυρεῐται
1098 1235 1197 1282 ὄμμα
1237 1236 1497 1293 τυφλούμενον

828 1286 892 1320 καὶ
933 1283 1259 1342 αποσβεννύμενον
1304 1281 1382 1319 vad
1421 1285 1498 1318 τῶν

832 1328 952 1367 ἀλλων
977 1328 1304 1375 ἐπιτηδευμάτων,
1311 1333 1497 1386 κρεῖττον

833 1376 878 1413 ὂν
912 1380 1106 1432 σωθῆναι
1122 1377 1264 1432 μυρίων
1300 1374 1497 1433 ομμεὶτων·

831 1423 932 1472 μόνῳ
959 1424 1031 1481 γὰρ
1058 1421 1159 1469 αὐτῷ
1195 1421 1356 1467 οιλήθεια
1381 1421 1420 1468 (ἡ
1442 1420 1498 1458 ἀλ.

830 1460 952 1516 idem.)
980 1468 1128 1516 ὁρᾶται.
1165 1470 1422 1504 Nicomachus
1414 1482 1501 1514 lsag.

833 1519 968 1553 arithm.
994 1519 1034 1551 L.
1061 1518 1088 1552 Ι.
1117 1530 1145 1550 c.
1172 1517 1207 1550 3.
1231 1528 1310 1559 pag.
1338 1518 1394 1551 71.
1420 1518 1498 1551 Ast.

832 1562 936 1598 καθὰ
958 1563 1022 1598 καὶ
1044 1561 1063 1597 ὁ
1084 1560 1188 1617 παρὰ
1210 1560 1384 1596 Πλατωνι
1401 1559 1440 1596 ἐν
1452 1563 1499 1607 τῇ

834 1611 1010 1657 Πολιτείᾳ
1023 1607 1228 1652 Σωκρατης
1239 1609 1307 1642 τοῦ
1321 1610 1499 1664 προσδια-

833 1646 1029 1714 λεγομένου
1051 1656 1173 1694 αἰτίας
1192 1653 1299 1694 τινὰς
1321 1652 1499 1699 εὐλόγους

832 1701 1020 1747 ἐπιφέρειν
1041 1702 1245 1740 δοκοῦντος
1267 1704 1348 1741 τοῖς
1375 1700 1500 1745 μαθή-

831 1760 941 1805 μασιν
963 1768 1010 1774 —-
1026 1745 1259 1804 ἐπιπλήττων
1290 1749 1422 1792 φησίν·
1449 1760 1501 1787 ως

830 1793 928 1840 ήδυς
949 1799 981 1829 ει
997 1821 1006 1839 ,
1033 1795 1173 1849 (λῶστε
1183 1790 1293 1827 ‘addit
1326 1796 1397 1828 cod
1408 1796 1500 1849 76.)

833 1855 892 1877 οτι
910 1841 1031 1881 εὀικας
1044 1839 1220 1883 δεδιέναι,
1236 1837 1286 1884 μή
1301 1837 1375 1884 ἄρα
1392 1836 1501 1885 ἄχρη-

833 1900 902 1923 στα
920 1889 1043 1922 ταῦτα
1069 1888 1121 1931 (id
1142 1900 1205 1920 om.
1227 1887 1346 1930 idem.)
1366 1886 1412 1920 τὰ
1432 1899 1500 1930 μοι·

832 1933 989 1990 θήμοιτα
1009 1931 1289 1978 προστιίττοιμι.
1311 1931 1355 1968 τὸ
1371 1931 1413 1967 δέ
1427 1931 1503 1969 ἐστι

833 1979 1090 2037 παγχάλεπον
1124 1980 1265 2023 μᾶλλον
1296 1977 1334 2013 δε
1359 1977 1500 2014 αδύνα-

834 2039 921 2061 τον·
949 2024 1049 2071 ὄμμα
1065 2025 1136 2070 γὰρ
1160 2026 1226 2074 τῆς
1250 2026 1332 2065 (om.
1358 2027 1447 2060 idem
1467 2031 1503 2060 et

836 2074 909 2108 cod.
922 2074 1001 2108 489.
1004 2075 1021 2118 )
1045 2073 1170 2116 ψυχῆς
1188 2069 1266 2106 υπὸ
1285 2073 1360 2106 τῶν
1381 2069 1503 2106 ἄλλων

837 2117 1137 2173 επιτηδενματων
1165 2115 1503 2174 αποτνφλούμενον

836 2165 898 2200 καὶ
922 2162 1241 2210 κατορυττόμενον
1268 2162 1331 2199 δια
1359 2163 1504 2199 τούτων

835 2210 962 2256 μόνων
992 2211 1291 2267 ἀναζωπυρεῖται
1326 2211 1391 2246 καὶ
1421 2210 1502 2245 (ἶνε-

835 2259 1023 2303 γείρεται,
1056 2260 1223 2301 κρεῖττον
1257 2254 1302 2292 ὃν
1317 2258 1504 2314 σωθῆναι

838 2306 978 2360 μυρίων
1033 2315 1250 2359 σωματικων
1305 2301 1504 2349 ὄμματων·

837 2349 950 2408 μόνῳ
955 2364 1024 2405 γαρ
1045 2349 1148 2393 αὐτῷ
1171 2363 1193 2394 η
1218 2350 1304 2395 περὶ
1322 2351 1392 2385 τοῦ
1413 2362 1505 2384 παν-

838 2396 905 2437 τὸς
927 2395 1088 2442 αλήθεια
1109 2395 1256 2439 ὁρᾶται.
1266 2398 1390 2431 —Pro
1411 2393 1508 2452 ήδυς

839 2445 934 2478 Μοι1.
958 2446 999 2480 Β.
1034 2444 1115 2477 Pan.
1140 2444 1217 2477 DK.
1249 2444 1346 2477 Flor.
1370 2410 1435 2479 qu
1454 2455 1508 2482 ως

838 2488 937 2534 ’ἡδὺς
969 2490 1150 2529 exhibent.
1183 2491 1274 2535 quod
1305 2490 1420 2523 Ast'ms
1453 2493 1507 2524 te-

838 2537 923 2570 nuit.
972 2537 1089 2571 Etiam
1112 2536 1271 2570 Ficinus.
1301 2538 1412 2580 Quam
1430 2538 1508 2570 dul—

840 2585 888 2616 cis
906 2596 960 2617 vzr
978 2596 1021 2617 cs.
1045 2583 1161 2637 Atque
1177 2583 1226 2616 ita
1239 2584 1354 2637 Gorg.
1378 2594 1411 2627 p.
1424 2584 1504 2618 491.

839 2630 893 2663 Ε.
913 2641 964 2668 ως
985 2625 1083 2684 ἡδὺς
1099 2629 1270 2684 sLffipp.
1288 2629 1505 2677 n1ai.p.288.

840 2676 886 2709 B:
912 2672 963 2715 (ὁς
978 2673 1112 2720 γλυκὺς
1131 2680 1184 2718 εἰ,
1210 2673 1342 2720 φήσει,
1372 2677 1400 2710 ω’
1422 2673 1506 2710 Στό-

840 2732 981 2776 κρατες.
1031 2722 1100 2755 Sed
1123 2733 1227 2772 supra
1251 2723 1293 2757 L.
1317 2722 1344 2756 Ι.
1370 2735 1402 2768 p.
1424 2723 1503 2757 337.

832 2767 895 2801 ·D:
918 2765 1016 2811 ἡδὺς
1040 2780 1112 2812 γαρ
1135 2772 1177 2803 εἱ.
1203 2780 1304 2825 quem
1329 2769 1373 2802 ad
1397 2769 1505 2802 locum

841 2813 977 2849 Timaei
1008 2815 1154 2859 glossam
1189 2813 1335 2860 (ήδύς·
1361 2812 1506 2860 εὐήθης
