1807 3219
244 192 301 233 64

703 186 1180 232 PLATONIS

184 314 218 356 C
247 299 409 344 ἑαυτοῦ
437 302 601 356 νομίζει
627 317 672 345 τε
700 300 775 345 καὶ
806 300 938 356 λέγει,
987 298 1066 343 τὸν
1104 296 1142 342 δ’
1177 295 1407 352 ἀλλότριον
1447 294 1507 347 ὦς
1545 295 1627 353 οὐχ

187 1147 220 1189 C

244 369 433 413 ἑαυτοῦ·
421 402 432 420 ,
469 370 608 413 Οὕτω.

672 372 724 413 Τί
753 368 799 412 δὲ
829 371 872 412 οἱ
900 385 1020 423 παρα
1052 367 1123 411 σοὶ
1152 366 1365 422 φύλακες;
1398 363 1486 408 ἔσθ’
1509 364 1629 416 ὅστις

244 435 391 480 αὐτῶν
422 438 512 494 ἔχοι
543 437 598 482 ἂν
624 442 714 482 τῶν
745 437 1040 491 ξυμφυλάκων
1068 436 1248 491 νομίσαι
1275 433 1374 477 τινὰ
1403 432 1432 488 ἢ
1456 445 1632 488 προσει-

243 510 341 548 πεῖν
372 522 430 556 ως
456 503 713 561 ἀλλότριον·
702 539 713 556 ,

773 503 1012 559 Οὐδαμῶς,
1044 519 1149 560 εφη
1190 503 1320 546 παντὶ
1358 500 1468 557 γάρ,
1510 502 1543 557 ᾠ
1575 500 1632 544 ἂν

244 572 487 630 ἐντυγχάνῃ
518 591 605 626 τις,
637 573 666 630 ἦ
697 573 755 625 ὥς
785 572 963 632 ἀδελφῷ
987 571 1017 628 ἦ
1048 589 1107 623 ως
1137 571 1330 627 ἄδελφη,
1363 568 1390 626 ἢ
1414 586 1474 620 ως
1496 570 1629 624 πατρὶ

242 639 272 698 ἦ
304 640 362 692 ὥς
393 642 521 698 μητρὶ
548 642 577 698 ἢ
606 644 695 685 υἱεῖ
721 641 749 697 ἢ
778 642 967 697 θυγατρὶ
996 640 1025 696 ἢ
1055 638 1224 683 τούτων
1252 637 1451 694 ἐκγόνοις
1470 636 1499 693 ἢ
1521 653 1633 692 προ-

243 708 396 767 γόνοις
437 716 583 766 νομιεῖ
620 709 911 767 ἐντυγχάνειν.

971 707 1216 761 Κάλλιστα,
1256 702 1311 763 ἦν
1342 705 1384 750 δ’
1414 705 1521 762 ἐγώ,
1562 706 1632 750 λε’-

243 793 353 834 γεις·
398 777 498 823 ἀλλ’
531 779 591 823 ἔτι
621 779 694 823 καὶ
730 777 831 823 τόδε
868 777 979 822 εἰπέ·
1023 775 1213 831 πότερον
1250 774 1398 827 αὐτοῖς
1437 775 1490 818 τὰ
1532 773 1632 819 ὀνό-

291 929 432 972 νομίζει
455 941 495 964 τε
524 928 589 964 καὶ
620 926 734 974 λέγει]
769 928 913 972 νομίζοι

246 986 286 1009 τε
311 975 373 1009 καὶ
403 974 499 1019 λέγοι
523 977 608 1011 Lob.
655 987 693 1010 τε
719 988 784 1010 om.
811 976 911 1011 Vind.

247 1022 290 1056 E.
316 1024 395 1056 vat.
420 1023 465 1056 H.
500 1023 597 1057 Flor.
624 1022 731 1057 ACT.
764 1025 800 1055 et
824 1033 844 1056 a
867 1033 911 1056 m.

246 1079 299 1113 pr.
325 1069 409 1103 Ven.
429 1069 470 1103 B.

295 1134 363 1171 τὸν
388 1133 449 1180 δ’]
474 1134 542 1171 τὸν
567 1133 606 1169 δὲ
630 1136 730 1172 Vind.
754 1136 798 1171 F.

245 1202 477 1286 Αὲαυτοῦς]
525 1202 674 1240 ἑαυτοῦ.
716 1204 798 1238 editi
832 1207 911 1239 ante

277 1252 386 1286 stiiun.

297 1315 435 1363 Οὕτω]
467 1314 609 1358 Οὕτως.
629 1319 819 1353 Bekkerus.
847 1314 912 1353 οὕ-

245 1376 297 1400 τω
322 1377 372 1410 γε.
398 1366 494 1401 Stob.
521 1367 626 1400 Gesn.
652 1366 744 1409 (cod.
768 1365 865 1409 BN.)

298 1434 344 1467 Τί
368 1431 433 1478 δὲ]
476 1434 513 1467 τί
537 1434 601 1468 δαί
631 1435 711 1469 Par.
735 1435 776 1470 A.
809 1435 846 1469 τί
870 1431 911 1469 δ’

247 1481 347 1517 Vind.
372 1481 415 1514 F.
440 1480 526 1524 Ang.
550 1481 591 1514 B.
617 1482 717 1516 Stob.

293 1547 398 1593 παρὰ
435 1547 514 1594 σοὶ]

248 1595 322 1630 Ast.
346 1607 399 1641 pr.

296 1659 423 1708 ὅστις]
463 1659 486 1698 ὅ
509 1676 564 1705 τις
596 1666 676 1700 νεώ.
703 1665 746 1698 Η.
780 1667 815 1697 et
840 1675 913 1697 cum

249 1720 271 1744 σ
295 1722 396 1755 super
424 1723 445 1743 τ
477 1711 576 1745 Vind.
602 1711 644 1744 E.
688 1711 782 1744 Mon.
806 1711 846 1744 Β.
879 1710 913 1743 in

248 1768 315 1802 quo
341 1766 360 1789 6
385 1768 405 1790 a
428 1767 472 1790 m.
497 1768 525 1790 s.
551 1756 831 1803 superscriptum.

297 1821 371 1868 ως]
410 1837 474 1858 om.
498 1825 586 1869 Ang.
610 1826 652 1859 Β.
687 1826 786 1861 Stob.
811 1828 913 1860 Gesn.

249 1871 343 1926 (cod.
367 1870 463 1914 BN.)

299 1912 373 1973 ἂν]
399 1929 463 1950 om.
489 1916 581 1951 Mon.
605 1917 646 1951 B.

298 1959 522 2006 ἐντυγχάνῃ]
573 1960 788 2006 ἐντυγχάνοι
828 1962 915 1997 Lob.

253 2009 356 2044 Vind.
392 2009 498 2043 BDE.
540 2010 620 2043 Vat.
650 2009 730 2043 ΒΜ.
764 2010 849 2043 Ven.
874 2010 915 2042 B.

255 2056 352 2089 Stob.
391 2054 509 2089 Tiinc.
557 2058 592 2088 et
626 2066 699 2087 cum
731 2067 776 2098 νη
814 2066 917 2099 super

255 2113 315 2136 νοι
345 2101 424 2135 Par.
455 2100 499 2136 K.
549 2101 738 2146 optativus
772 2101 918 2135 vitiosus

255 2159 321 2182 non
346 2150 409 2182 est.

257 2216 453 2296 Stgffi]cod.
480 2261 518 2296 A.
552 2262 670 2295 Trinc.
708 2261 821 2296 Gaisf.
862 2273 918 2301 τις

256 2304 306 2342 ἂν
333 2309 423 2342 Mon.
446 2308 487 2342 B.
510 2307 605 2342 Flor.
628 2307 672 2341 U.

299 2372 334 2432 ἣ“
351 2389 402 2416 ως
428 2373 593 2432 ἀδελφῇ]
640 2388 704 2410 om.
736 2375 837 2411 Vind.
872 2375 915 2410 E.

253 2417 278 2466 ἢ
306 2436 356 2462 ως
382 2420 523 2477 οἷδελφὴ
561 2422 662 2457 Vind.
686 2422 729 2454 F.
774 2422 916 2455 Ficinus

253 2481 363 2513 neque
396 2470 459 2502 hoc
484 2481 536 2507 ως
561 2480 670 2513 neque
704 2468 918 2512 sequentium

253 2515 358 2571 '²¹¹¹.¹¹¹¹
381 2515 540 2548 reddidit.

300 2556 323 2604 ἢ
351 2573 400 2600 ως
425 2559 561 2605 πατρὶ]
587 2554 612 2603 ἢ
638 2572 703 2594 om.
729 2558 831 2594 Vind.
852 2558 895 2593 D.

565 1547 669 1594 παρά
702 1559 761 1584 σοι
792 1548 912 1596 Steph.

425 2228 490 2250 om.
528 2214 632 2251 Vind.
664 2214 708 2251 F.
757 2215 843 2260 Ang.
875 2215 917 2249 Β.

256 2629 616 2710 vissd.‘⁰1{³ossf⁷'‘'v⁶a]t.
643 2626 918 2708 ffissmxssffgi

257 2721 337 2755 Par.
361 2721 436 2754 DK.
463 2723 546 2761 Aug.
570 2722 611 2754 B.
636 2721 730 2754 Flor.
750 2719 793 2753 R.

304 2762 327 2810 ἢ
361 2766 456 2810 υἱεῖ]
508 2763 532 2810 ἢ
565 2763 616 2805 ὥς
646 2765 722 2799 υἱεῖ
760 2766 844 2800 ven.
876 2765 917 2800 Β.

259 2813 345 2857 Ang.
369 2813 409 2847 B.
434 2814 513 2848 Vat.
539 2812 586 2846 M.
619 2812 712 2846 Flor.
737 2812 781 2845 T.
817 2812 916 2846 Stob.

259 2859 335 2894 Ald.
359 2860 440 2893 Bas.
465 2859 519 2893 ab.
544 2858 664 2904 Steph.
689 2860 763 2892 Ast.

1014 923 1038 973 ἢ
1074 924 1270 972 θυγατρὶ]
1319 922 1343 970 ἢ
1380 921 1431 966 (ὃς
1469 924 1631 969 θυγατρὶ

967 974 1063 1009 Flor.
1088 975 1132 1009 T.
1158 975 1256 1008 Stob.
1283 974 1356 1006 cod.
1375 972 1421 1027 Β.

1013 1017 1159 1054 τούτων
1184 1016 1347 1074 ἐκγόνοις
1371 1013 1393 1062 ἢ
1409 1014 1630 1073 προγόνοις]

967 1066 1020 1099 τῶ
1053 1064 1198 1099 τούτων
1235 1062 1370 1107 ἐκγόνω
1404 1060 1426 1108 ἢ
1459 1061 1631 1107 προγόνω

969 1113 1068 1146 Vind.
1094 1113 1135 1146 Β.
1181 1111 1249 1145 Pro
1275 1108 1440 1153 ἐκγόνοις
1464 1111 1633 1143 Stubaeus

969 1154 1176 1213 ἐγγόνοις,
1193 1157 1254 1190 sed
1276 1168 1403 1210 margo
1429 1158 1536 1189 Gesn.
1560 1152 1632 1197 ἐκγ.

969 1205 1091 1246 habet3
1115 1200 1138 1247 ἢ
1165 1200 1366 1246 προγόνοις
1391 1215 1456 1241 om.
1480 1205 1566 1246 Ang.
1589 1202 1632 1235 Β.

970 1250 1067 1301 Qb.
1093 1250 1166 1284 cod.
1190 1250 1231 1284 Β.

1014 1318 1155 1362 νομιεῖ]
1183 1318 1302 1360 κομιεῖ
1325 1317 1422 1350 Stob.
1447 1316 1567 1351 T1inc.

1015 1385 1216 1430 Κάλλιστα]
1243 1382 1401 1429 μάλιστα
1425 1385 1511 1420 Lob.
1532 1384 1635 1420 Vind.

970 1434 1011 1469 Β,
1037 1432 1116 1468 vat.
1141 1433 1221 1466 ΒΜ.
1247 1436 1282 1465 et
1306 1444 1325 1465 a
1351 1444 1395 1466 m.
1413 1443 1465 1477 pr.
1490 1433 1575 1468 Ven.
1594 1432 1635 1466 C.

1018 1498 1094 1535 ἄλλ’
1121 1499 1174 1534 ἔτι
1193 1521 1239 1525 -—
1255 1498 1426 1544 μάλιστα,
1449 1498 1532 1544 ἔφη.
1557 1501 1638 1535 464.

971 1549 1027 1593 A.]
1057 1561 1122 1582 om.
1148 1548 1246 1581 Stob.
1273 1548 1346 1581 eod.
1372 1548 1413 1581 A.

1017 1614 1171 1661 αὐτοῖς]
1201 1613 1349 1655 ἑαυτοῖς
1372 1616 1454 1650 Lob.
1479 1617 1510 1652 V
1512 1614 1581 1650 ind.
1595 1615 1638 1649 B.

969 1666 1049 1699 Vat.
1073 1664 1153 1698 ΒΜ.

1015 1731 1133 1776 μόνον
1168 1750 1215 1758 -·
1251 1727 1422 1774 ὀνόματα
1454 1730 1522 1775 D.]
1572 1742 1637 1765 om.

970 1779 1072 1815 Vind.
1093 1779 1138 1813 E.

1018 1847 1159 1891 οἰκεῖα]
1197 1846 1336 1880 οἰκεῖον
1372 1846 1469 1881 Stob.
1497 1845 1572 1880 cod.
1596 1845 1638 1880 B.

968 1898 1165 1939 propinqua
1182 1893 1385 1935 familiaria
1414 1892 1489 1926 Fic.
1538 1892 1639 1926 Conf.

973 1941 1049 2019 ΒΟῙ
1073 1940 1101 1974 Ι
1115 1952 1157 2018 δῐῖε
1169 1942 1249 2019 2ίῖςέ
1274 1938 1637 2018 adveozpzlgtvpv27gv

973 1997 1211 2085 ἡμινμέιζξίέιιν
1230 2028 1367 2064 τούτου
1392 1996 1636 2074 τοῦχθᾌεπτι-

974 2078 1042 2111 κού
1068 2074 1340 2121 προσρήματος.

1021 2122 1104 2166 καὶ]
1134 2136 1198 2158 om.
1223 2123 1323 2158 Vind.
1347 2122 1391 2156 D.

1021 2167 1130 2213 κατὰ]
1158 2168 1220 2203 καὶ
1245 2169 1342 2202 Stob.
1368 2167 1441 2202 cod.
1456 2166 1501 2201 N.
1520 2166 1637 2202 Trinc.
1661 2170 1701 2212 D

1020 2214 1105 2259 περί
1250 2214 1436 2247 Cornarius
1475 2213 1637 2255 offensus,

975 2261 1043 2295 nisi
1067 2262 1184 2303 fallor,
1218 2273 1280 2302 eo,
1316 2260 1405 2304 quod
1430 2260 1465 2295 in
1490 2270 1637 2304 sequen-

974 2309 1067 2341 tibus
1092 2319 1157 2341 non
1189 2306 1358 2341 inveniret
1379 2305 1521 2339 alteriun
1541 2305 1636 2348 illud,

974 2353 1064 2409 quod
1096 2353 1278 2387 secundlull
1316 2363 1355 2385 τε
1391 2355 1635 2397 exspectasset,

974 2398 1058 2442 περί
1089 2411 1127 2433 τε
1159 2396 1250 2438 τοὺς
1282 2393 1416 2437 ἄλλους
1451 2400 1529 2431 ante
1553 2398 1638 2431 haec

975 2444 1144 2479 excidisse
1167 2446 1339 2478 statuebat
1362 2456 1395 2488 p.
1415 2446 1491 2478 100.
1515 2443 1558 2475 Fi
1564 2443 1634 2477 sch.

976 2491 1030 2525 cui
1062 2495 1191 2525 te1ne1e
1227 2501 1385 2524 assensus
1410 2493 1463 2523 est
1486 2490 1637 2534 Stepha-

976 2548 1037 2570 nus
1071 2537 1185 2571 adnot.
1218 2549 1252 2582 p.
1275 2539 1339 2571 21:
1389 2535 1635 2577 „wibendum

976 2586 1030 2615 est
1053 2584 1165 2627 potius
1201 2595 1242 2617 ex
1274 2586 1342 2617 vet.
1375 2581 1460 2625 περί
1483 2592 1522 2614 τε
1544 2579 1635 2619 τοὺς

977 2623 1111 2668 ἄλλους
1134 2628 1196 2662 καὶ
1220 2627 1303 2672 περι
1327 2626 1416 2666 τοὺς
1434 2625 1635 2682 ποιτέροιςέι

976 2678 1012 2706 et
1035 2675 1066 2707 in
1092 2686 1160 2709 sec.
1185 2676 1237 2709 ed.
1249 2674 1363 2708 Astius
1382 2673 1466 2716 περί
1484 2684 1523 2706 τε
1544 2671 1636 2712 τοὺς

977 2715 1110 2759 ἄλλους
1133 2720 1195 2754 καὶ
1218 2718 1308 2760 τούς
1325 2717 1489 2763 πατέρας
1504 2720 1538 2752 in
1558 2719 1635 2764 ipso

975 2768 1071 2799 textu
1103 2768 1285 2808 exhibens,
1321 2766 1357 2799 in
1397 2765 1636 2799 commentario

975 2815 1088 2845 autem
1120 2813 1269 2846 lemmati
1309 2823 1352 2845 ex
1385 2811 1514 2866 prima
1527 2810 1636 2855 ipsius

974 2857 1122 2893 editione
1145 2859 1252 2905 petito
1283 2857 1367 2902 περί
1390 2868 1429 2901 γε
1452 2854 1542 2896 τοὺς
1565 2867 1636 2890 ποι-

1138 2216 1198 2259 τε]
