1807 3219
439 152 779 198 CIVITAS
827 151 950 196 LIB.
980 152 1034 195 V.
1063 153 1133 193 452

1437 149 1494 192 13

102 269 312 328 θηρεύειν
344 267 418 312 καὶ
446 261 580 310 τᾶλλα
609 269 740 323 κοινῇ
769 264 999 321 πράττειν,
1044 263 1074 321 ἢ
1103 262 1180 315 τοὶς
1219 264 1298 320 μὲν
1339 261 1492 306 οἰκου-

105 343 200 394 ρεῖν
229 337 360 382 ἔνδον
389 333 448 386 ὡς
478 331 726 386 ἀδυνάτους
757 333 828 377 διὰ
858 331 938 377 τόν
967 336 1059 376 τῶν
1096 330 1330 375 σκυλάκων
1358 330 1494 374 τόκον

103 423 150 450 τε
180 406 253 450 καὶ
282 403 474 460 τροφὴν,
505 403 610 454 τούς
639 403 684 446 δὲ
713 406 867 445 πονεῖν
897 417 942 445 τε
971 401 1045 445 καὶ
1073 404 1218 445 πᾶσαν
1248 399 1492 456 ἐπιμέλειαν

105 474 217 530 ἔχειν
245 472 345 527 περὶ
372 470 425 515 τοὶ
455 471 637 526 ποίμνια
652 487 672 518 ,·
717 474 885 526 Κοινῇ,
926 469 1032 527 ἔφη,
1073 468 1240 513 mima·

1288 469 1404 523 πλὴν
1434 464 1494 517 ὥς

106 540 439 596 ἀσθενεστέραις
459 538 683 595 χρώμεθα,
713 544 805 590 τοῖς
826 539 872 582 δὲ
894 536 952 589 ὦς
983 538 1294 594 ἰσχυροτέροις.
1334 533 1441 580 Οἷόν
1460 530 1492 577 τ’
1524 531 1560 572 Ε

107 606 220 662 οὖν,
261 609 374 665 ἔφην
415 607 524 665 Qui,
576 608 644 652 ἐπὶ
677 607 730 652 τὰ
768 605 878 652 αὐτὰ
920 608 1114 662 χρῆσθαί
1157 623 1244 650 τινι
1276 604 1398 662 ζώῳ,
1444 602 1500 647 ἂν

106 678 164 735 μή
195 677 274 734 τήν
301 675 445 732 αὐτην
457 675 649 758 ,τροφήν
685 691 730 719 τε
771 675 843 719 καὶ
873 676 1077 719 παιδείαν
1107 672 1353 732 ἀποδιδῷςς
1408 669 1500 727 Οὐχ

107 745 203 794 Οἷόν
239 762 296 789 τε

105 816 180 860 καὶ
218 819 311 866 τοῖς
349 811 560 868 ἀνδρασι,
611 811 750 856 ταῦτα
792 812 867 855 καὶ
908 811 1137 856 διδακτέον
1186 808 1334 861 αὐτάς.

105 882 315 939 Μουσικὴ
356 881 435 937 μὲν
471 879 656 932 ἐκείνοις
685 897 728 924 τε
758 880 832 924 καὶ
868 879 1141 936 γυμναστικὴ
1184 878 1331 934 ἐδόθη.

355 747 413 788 Εἰ
451 762 537 798 αρα
575 749 669 795 ταῖς
708 743 909 800 γυναιξὶν
949 743 1018 786 ἐπὶ
1057 740 1196 786 ταύτοὶ
1231 739 1499 825 χρησόμεθα

1392 809 1496 852 Ναί.
1520 809 1590 844 452

1391 877 1499 920 Ναί.

106 953 197 995 Καὶ
223 955 318 1002 ταῖς
346 950 546 1006 γυναιξὶν
577 949 665 1003 ἄρα
695 947 838 992 τούτω
868 947 927 992 τώ
959 948 1087 1004 τέχνα
1117 948 1190 991 καὶ
1220 946 1272 990 τοὶ
1295 946 1395 1001 περὶ
1418 944 1499 989 τὸν

106 1018 300 1075 πόλεμον
329 1015 571 1062 ἀποδοτέον
600 1018 673 1062 καὶ
698 1016 908 1074 χρηστέον
937 1015 1048 1061 κατὰ
1085 1014 1234 1060 ταύτά.
1284 1013 1420 1067 Εἰκὸς
1455 1014 1500 1067 ἐξ

106 1128 190 1180 puto
223 1125 307 1163 ταῖς
338 1135 405 1167 μεν
433 1129 512 1157 ante
544 1136 596 1162 ως
622 1119 774 1156 ασθενε-

107 1167 275 1226 στέραιςε
297 1173 336 1202 ut
359 1166 513 1215 sequitur
535 1173 615 1209 τοῖς
635 1167 674 1203 δὲ
697 1174 776 1202 ante

108 1229 160 1256 ως
184 1214 442 1260 ἰσχυροτέροις.
449 1218 476 1234 “
502 1215 775 1258 Cf.Be1nha1-dy

107 1263 151 1296 de
172 1262 307 1307 syntaxi
328 1261 465 1306 linguae
477 1263 635 1295 Graecae
649 1273 681 1306 p.
695 1263 773 1296 309.

106 1309 168 1343 ubi
204 1308 295 1342 inter
330 1308 398 1342 alia
423 1309 575 1353 exempla
606 1319 707 1341 unum
732 1317 775 1340 ex

107 1354 297 1389 Aristotele
320 1353 457 1388 allatum
481 1358 555 1396 est,
590 1353 691 1399 quale
715 1353 777 1386 de-

109 1401 286 1435 siderabat
319 1401 580 1442 Stallbaumius,
617 1412 690 1434 eum
714 1411 776 1443 ge-

109 1447 200 1481 neris
224 1446 424 1480 diversitate
450 1447 671 1480 coniunctum.
705 1445 776 1478 Sed

109 1498 225 1527 nostro
250 1492 325 1526 loco
351 1493 502 1526 codicum
534 1492 638 1526 lectio
662 1503 776 1526 exem-

107 1539 262 1593 plorum
272 1539 397 1572 auxilio
427 1551 494 1572 non
530 1544 630 1583 eget,
664 1550 775 1583 neque

109 1587 193 1624 ταῖς
224 1581 290 1628 μὲν
338 1596 402 1630 per
443 1585 575 1630 ellipsin
606 1585 774 1625 omissum,

109 1632 171 1666 sed
196 1633 280 1670 ταῖς
302 1626 472 1675 θηλείαις
495 1636 616 1676 utpote
640 1643 681 1664 ex
699 1631 776 1674 ipsa

111 1677 282 1712 sententia
313 1683 349 1710 et
382 1689 424 1711 ex
456 1677 623 1711 adiectivo
661 1674 775 1710 οἷσθε-

108 1721 298 1777 νεστέραις
321 1723 422 1757 facile
439 1723 693 1768 intelligendum
711 1734 777 1756 non

111 1770 321 1804 enuntiatum
343 1775 406 1803 est.

110 1862 153 1894 V
145 1813 466 1895 ᾰὲθῧιεστὲραις]
505 1811 778 1859 α’στενεστέραις

144 1873 176 1895 ln

163 1904 224 1964 δὲ]
259 1903 290 1941 δ’
327 1907 425 1941 Vind.
450 1907 490 1941 F.
516 1908 602 1952 Ang.
628 1907 669 1941 B.
695 1907 775 1941 Gal.

162 1950 229 1997 ἂν]
257 1951 324 1987 ἐὰν
349 1955 430 1988 Gal.

114 1997 370 2082 ...mm
392 1998 458 2079 ’ἑαὲ
478 1999 666 2079 ’ξαιδὲιαῖῗ
686 2010 778 2079 ’ΤΨ

163 2089 246 2126 οἷόν
270 2093 322 2136 τε]
349 2059 436 2126 οἷτερ
450 2058 548 2126 171ξέ.
575 2058 629 2126 Ε0

158 2137 346 2195 γυναιξὶν]
373 2137 516 2182 γυναιξὶ
539 2138 626 2172 Lob.

160 2182 244 2241 ἐπὶ]
270 2197 336 2218 om.
362 2185 441 2218 Bas.
466 2186 499 2218 b.

159 2227 303 2273 ταυτὰ]
327 2228 375 2263 τὰ
401 2227 500 2264 αὐτὰ
527 2232 605 2265 Gal.
639 2231 719 2265 Bas.
742 2231 776 2265 b.

114 2274 238 2310 ταῦτὰ
263 2276 362 2310 Vind.
387 2276 428 2309 F.
453 2277 513 2310 sed
536 2277 632 2322 piior
656 2289 778 2310 accen-

114 2326 171 2356 tus
195 2334 216 2356 a
238 2333 280 2355 m.
306 2333 332 2355 s.
367 2322 500 2356 additus
534 2327 596 2357 est.
646 2323 778 2357 Eodem

115 2368 213 2402 modo
237 2367 350 2412 paullo
373 2371 460 2412 post.

161 2412 341 2515 Ξῖξῖὲτῖόῗ]
361 2412 571 2516 Ιιὲῗδροῖῑιῖῗ
575 2414 672 2495 Vli31g.
697 2461 739 2495 Ε.

161 2503 304 2549 ταύτὰ]
330 2503 378 2539 τὰ
404 2504 503 2540 αὐτὰ
527 2508 607 2541 Gal.

164 2550 293 2591 αὐτοῖς.
305 2553 317 2596 ]
359 2549 501 2593 αὕτάς,·
542 2553 617 2587 Ald.
656 2554 777 2599 Steph.

114 2598 292 2632 Bekkerus
326 2602 360 2631 et
390 2599 653 2641 Stallbaumius‚
687 2601 778 2645 quod

115 2656 182 2678 non
206 2651 275 2678 tam
300 2645 437 2686 sensui.
463 2656 563 2689 quam
588 2646 777 2680 conforma-

115 2690 202 2724 tioni
225 2691 405 2725 verborum
425 2691 607 2735 syllogismi
631 2692 778 2736 speciem

116 2748 201 2782 prae
225 2748 262 2770 se
284 2737 465 2770 ferentium
487 2743 666 2782 repugnat.

50 2794 120 2831 452
165 2783 227 2826 τε]
252 2795 316 2819 om.
341 2783 442 2816 vind.
460 2784 501 2818 Ε
530 2784 604 2817 Vat.
616 2784 660 2816 H.
684 2784 776 2818 Flor.

121 2828 228 2863 CTV.
253 2828 332 2864 Gal.
366 2829 534 2864 Enelitica
557 2830 600 2864 ad
622 2829 775 2874 μουσικὴ

832 1120 1008 1166 peltinens
1046 1124 1231 1167 propterea
1263 1119 1329 1154 huc
1370 1118 1500 1153 reiecta

831 1167 984 1209 videtur,
1023 1169 1114 1221 quod
1138 1167 1327 1220 palticulae
1349 1162 1416 1209 μὲν
1440 1177 1502 1198 ne-

832 1225 897 1258 que
916 1214 1082 1259 praeponi
1101 1226 1212 1259 neque
1233 1212 1391 1268 subiungi
1408 1223 1500 1245 com-

832 1260 929 1293 mode
954 1265 1093 1304 posset,
1130 1266 1166 1294 et
1200 1265 1239 1294 ut
1264 1256 1417 1297 ἐκείνοις
1442 1269 1499 1291 so·-

833 1317 910 1339 num
936 1306 1118 1350 acciperet.
1160 1307 1215 1340 Cf.
1241 1305 1324 1359 Leg.
1349 1305 1390 1338 L.
1418 1303 1501 1338 XII.

832 1363 867 1395 p.
893 1353 973 1386 966.
999 1353 1049 1385 A:
1087 1352 1132 1386 Τί
1158 1349 1196 1386 δε
1224 1349 1294 1395 δή,·
1314 1349 1413 1406 περὶ
1436 1361 1500 1382 κα-

832 1398 899 1431 λοῦ
924 1409 963 1431 τε
987 1397 1051 1432 καὶ
1076 1395 1229 1442 α’γαθοῦ
1250 1394 1395 1431 ταυτὸν
1413 1408 1501 1429 του-

832 1455 875 1477 το
901 1441 1184 1487 διανοούμεθα,·
1221 1456 1272 1483 ως
1296 1440 1399 1477 πόλλ’
1427 1440 1503 1475 ἔστι

832 1486 952 1532 μόνον
989 1488 1145 1524 ἕκαστον
1180 1488 1325 1524 τούτων
1346 1515 1355 1533 ,
1410 1486 1503 1527 τοὺς

833 1533 1004 1578 φύλακας
1036 1533 1127 1580 ἡμῖν
1151 1535 1358 1591 γνωστέον,
1389 1530 1412 1578 ἢ
1439 1533 1503 1568 καὶ

834 1579 935 1622 ὅπως
962 1581 1000 1617 ἕν
1025 1594 1063 1616 τε
1089 1583 1153 1617 και
1179 1579 1275 1626 ὅπη,·
1318 1582 1503 1624 1121.sz-

833 1627 903 1663 ὁὸν
939 1626 1025 1663 ἔοικ’
1062 1626 1098 1671 ἐξ
1133 1626 1296 1672 α’νοὶγκης
1329 1629 1407 1661 δεῖν
1439 1626 1504 1660 καὶ

834 1672 937 1714 ὅπως
968 1672 1011 1709 ἓν
1037 1675 1286 1709 διανοεῖσθαι.
1324 1674 1388 1708 ubi
1407 1678 1504 1718 post-

833 1721 948 1778 posita
972 1721 1129 1754 enclitica
1151 1718 1193 1754 ἐν
1218 1720 1382 1764 insignius
1405 1720 1456 1753 fit.

881 1765 1011 1811 ἐδόθη.
1027 1769 1038 1811 ]
1065 1764 1203 1811 ἐδώθη.
1228 1768 1310 1800 Bas.
1336 1767 1389 1800 ab.
1418 1762 1502 1799 ἐδό-

834 1815 935 1870 1372,-
940 1814 1055 1847 Astius
1080 1818 1116 1847 et
1151 1814 1277 1855 iidem,
1304 1812 1361 1856 qui
1397 1823 1502 1867 supra

836 1857 1271 1905 avzd931nter1ooat1on1
1289 1859 1406 1893 obstat
1422 1869 1501 1901 μεν,

834 1907 960 1940 Latino
987 1907 1086 1951 atqui
1109 1918 1175 1940 non
1210 1906 1315 1940 multo
1342 1904 1501 1947 debilius,

835 1954 877 1987 de
901 1965 968 1995 quo
993 1954 1036 1986 cf.
1062 1953 1137 1986 Vol.
1163 1952 1192 1985 I.
1245 1953 1353 1987 310.

880 1999 982 2042 Ναί]
1007 1999 1067 2032 int.
1091 2010 1180 2032 vers.
1209 1998 1308 2031 Vind.
1333 1997 1378 2031 E.

879 2044 1061 2099 γυναιξὶν]
1087 2044 1234 2088 γυναιξι
1258 2044 1346 2077 Lob.

880 2089 1024 2135 τούτω]
1059 2089 1228 2125 τοσούτω
1254 2091 1332 2125 Vat.
1356 2089 1401 2124 H.
1440 2100 1501 2123 το-

837 2136 958 2183 σούτῳ
983 2138 1012 2171 F
1016 2140 1076 2170 lor.
1102 2138 1176 2171 AC.

882 2174 957 2227 τώ]
990 2195 1036 2217 τα
1083 2183 1187 2217 vind.
1217 2182 1289 2217 BD.
1337 2181 1418 2216 Vat.
1450 2181 1501 2215 M.

834 2231 914 2265 Pa1.
940 2230 982 2263 K.
1008 2242 1076 2263 sec.
1102 2229 1212 2263 Rekk.

880 2273 990 2319 τέχνα
1014 2288 1077 2309 και
1101 2288 1148 2317 τα
1174 2273 1284 2319 περὶ]
1309 2272 1373 2309 τέ.
1389 2299 1420 2308 ..
1438 2272 1503 2308 καὶ

836 2321 883 2357 τὰ
908 2320 985 2356 πά.
1018 2322 1154 2355 ‚Vind.
1180 2322 1223 2354 D.

884 2348 1109 2412 α’ποδότέον]
1139 2364 1352 2401 α’ποδοτὲον
1372 2377 1411 2400 τε
1422 2365 1502 2400 Gal.

837 2411 1069 2456 oc'n060156'0v3
1107 2414 1227 2459 steph.
1290 2414 1331 2446 In
1363 2411 1504 2457 leliquis

836 2462 1038 2496 editionibus
1085 2461 1158 2494 fere
1192 2471 1320 2493 comma
1353 2458 1504 2492 additum

836 2512 909 2549 est,
933 2508 1005 2541 sine
1029 2506 1256 2547 necessitate,
1297 2504 1504 2560 Ριειρεεηὶιιι

835 2566 952 2610 quum
970 2554 1056 2587 haec
1088 2552 1236 2596 χρῆσις,
1270 2562 1371 2596 quam
1405 2548 1501 2584 κατὰ

834 2597 957 2634 ταύτὰ
990 2599 1181 2635 faciendam
1214 2597 1318 2638 dicit,
1367 2597 1503 2631 diversa

835 2646 881 2680 sit
905 2647 947 2679 ab
972 2646 1029 2679 illa
1053 2645 1086 2678 in
1120 2643 1352 2699 superioribus
1375 2643 1502 2696 posita,

835 2704 924 2737 quae
947 2689 1007 2725 ἐπι
1031 2688 1153 2724 ταυτὰ
1179 2689 1255 2722 fieri
1273 2690 1408 2723 dicitur.
1433 2688 1503 2722 Hic

835 2740 953 2772 eodem
985 2738 1085 2771 modo
1128 2737 1306 2770 habendas
1344 2735 1502 2769 mulieres

833 2785 967 2819 statuit.

880 2828 976 2863 κατὰ
993 2825 1140 2873 ταύτά]
1160 2824 1387 2874 καταταυτοῖ.
1400 2825 1499 2860 Vind.
