1807 3219
282 202 340 242 82

739 191 1216 240 PLATONIS

283 308 381 368 γάρ.
438 306 566 351 Ἀλλά
593 304 701 363 γάρ,
739 305 963 363 φήσομεν,
993 309 1068 353 καὶ
1090 306 1220 362 ’παρα
1249 303 1383 358 δόξαν
1410 298 1550 347 πολλοὶ
1568 307 1672 348 atoa-¹

284 383 378 429 λοῖς
407 375 460 433 δὴ
498 374 680 432 ἐγένετο.

738 375 826 418 Καὶ
862 375 989 430 μάλα.

1049 374 1174 431 Πρὸς
1204 375 1358 417 τοίνυν
1383 372 1439 418 τά
1475 377 1674 424 τοιαῦτας

287 442 322 491 ὦ
352 446 694 502 φίλεμπτεροῦν
721 442 802 499 χρὴ
827 446 986 488 παιδία
1017 444 1125 489 ὅντα
1155 441 1318 493 εὐθὺς,
1345 439 1402 484 ’ἵν’
1431 440 1494 485 ’ἄν
1523 440 1676 499 τιδέῃ

221 523 256 564 Ε
286 514 518 570 πετόμενοι
558 511 856 567 ἆποφεύγωσι.

924 516 1027 565 Πῶς
1067 513 1235 568 λέγεις;
1280 510 1377 566 ἔφη.
1430 507 1527 553 Ἐπὶ
1567 510 1673 560 τούς

285 585 471 634 ἵππους,
512 574 569 637 ἦν
609 577 653 624 δ’
688 578 797 636 ἐγώ,
837 578 1155 638 ἀναβιβαστέον
1191 579 1252 631 ὥς
1286 576 1557 631 νεωτάτους,
1597 579 1673 622 καὶ

286 650 570 707 διδαχθέντας
613 648 811 692 ἱππεύειν
850 646 917 704 ἐφ’
958 650 1104 692 ἵππων
1141 647 1300 693 ἀκτέον
1336 647 1407 691 ἐπὶ
1439 645 1674 703 τὴν-θέαν

329 797 431 835 Ἀλλὰ
453 797 539 844 γὰρ]
565 795 637 843 γὰρ
659 810 725 833 om.
746 797 834 832 Lob.
845 796 948 834 vind.

286 848 329 882 B.
352 849 433 882 vat.
460 846 540 880 ΒΜ.

331 890 437 937 παρὰ
459 889 589 946 δόξαν]
614 887 837 934 παραδόξαν
848 889 950 925 vind.

286 940 364 974 DE
388 905 632 1019 1,Ιτῐιεαραδόξων
666 937 753 971 Lob.
787 936 886 974 vind.
909 936 951 970 B.

287 987 369 1022 Vat.

333 1029 519 1074 πτεροῦν]
547 1028 689 1072 πτεροῦν
712 1027 953 1072 Ang.13.1u-

287 1078 396 1112 lianus
419 1077 454 1110 in
477 1076 608 1109 laudem
634 1074 827 1108 Constantii
849 1086 882 1119 p.
898 1075 952 1108 14.

288 1124 344 1159 ed.
368 1123 506 1157 Schaef.
537 1119 711 1163 καθάπερ
738 1116 758 1155 ὁ
784 1122 954 1175 γενναῖος

286 1168 422 1214 ἠξίωσε
462 1169 518 1201 H)
523 1165 623 1200 άτων
671 1165 788 1200 οἱονεὶ
833 1163 951 1209 πτερὰ

288 1219 369 1255 τοῖς
393 1213 500 1248 παισὶ
525 1213 586 1257 (79
605 1212 694 1246 ποσὶ
711 1223 834 1269 margo
840 1212 952 1266 Span—

287 1262 394 1321 hem.)
429 1258 669 1315 χαριζόμενον
692 1256 755 1292 καὶ
779 1256 840 1292 ἐπὶ
862 1255 954 1301 τοὺς

290 1306 428 1346 ιππους
448 1303 638 1361 ἀνάγοντα
650 1306 712 1360 (NV
715 1316 734 1346 5
739 1304 953 1338 ttenbachius

287 1355 437 1389 malebat
460 1349 670 1395 αναθέντα)
696 1348 799 1404 ᾅγειν
822 1350 875 1389 εἰς
899 1350 953 1393 (id

290 1400 496 1435 Schaeferus
529 1409 571 1432 ex
606 1397 758 1441 margine
793 1397 855 1441 Sp.
889 1407 951 1441 pro

288 1447 428 1490 vulgato
462 1457 514 1484 ως
544 1444 710 1478 suadente
743 1443 951 1497 W5ttenba-

289 1492 365 1526 chio
389 1491 553 1546 recepit)
573 1488 643 1530 τὰς
664 1486 785 1533 μάχας
806 1486 952 1527 θεατὰς

289 1535 487 1592 ἐσομένους
521 1549 575 1571 ων
608 1533 678 1570 οὐκ
712 1534 764 1574 εἰς
805 1531 952 1578 μακρὰν

286 1581 494 1642 ἀγωνιστὰς
517 1580 628 1627 ἐχρῆν
650 1581 891 1626 καταστῆναι.

336 1629 371 1664 ῗν
372 1627 405 1674 ’]
435 1629 497 1663 ἵνα
519 1629 621 1664 Vind.
644 1628 688 1662 F.

336 1674 426 1721 δέη]
462 1673 544 1710 δέοι
567 1675 654 1710 Lob.
678 1672 780 1709 Vind.
804 1673 846 1707 B.
869 1672 951 1708 vat.

286 1723 550 1812 Βῦςι1ιεετόμενοι]
585 1762 792 1809 πετιόμενοι
814 1766 894 1799 Vat.
912 1765 954 1799 Β.

286 1815 374 1850 Ven.
399 1815 440 1847 C.
473 1813 576 1848 Vind.
598 1813 643 1848 F.
700 1811 800 1847 Conf.
823 1811 900 1848 Vol.
924 1811 953 1845 Ι.

285 1872 321 1908 Ρ.
347 1862 433 1901 132,
456 1860 491 1894 b.

334 1903 603 1949 ἄποφεύγωσι.]
676 1900 953 1946 ἀποφεύγωσιν.

288 1953 390 1990 Vind.
412 1953 457 1986 F.
480 1952 577 1985 Flor.
602 1951 645 1985 R.
668 1949 860 1983 Bekkerus.

335 1995 596 2042 διδαχθέντας]
608 1997 663 2030 Ita
675 1995 857 2030 secundum
867 1994 952 2029 Lob.

288 2045 390 2080 Vind.
406 2045 445 2080 B.
470 2050 506 2077 et
538 2044 598 2078 int.
622 2054 712 2077 vers.
735 2042 777 2075 D.
802 2042 888 2075 Ven.
909 2042 951 2077 Β.

287 2092 370 2126 Vat.
393 2090 473 2125 ΒΜ.
497 2090 593 2124 Flor.
617 2090 694 2123 RT.
720 2093 755 2121 et
777 2087 837 2121 int.
859 2099 951 2122 verS.

288 2139 376 2180 Aug.
400 2138 441 2171 B.
466 2148 540 2169 cum
564 2137 645 2170 Bas.
664 2136 698 2168 b.
724 2140 759 2167 et
781 2133 865 2167 Astii
882 2145 950 2167 sec.

287 2183 407 2227 scripsi
442 2194 503 2227 pro
539 2177 824 2224 διδαξομένους,
861 2180 951 2224 quod

288 2232 374 2273 Αιιξ.
399 2230 440 2262 Β.
465 2234 500 2262 et
528 2228 651 2273 reliqui
685 2227 818 2260 codices
850 2238 952 2259 exce-

288 2276 357 2320 ptis
381 2275 484 2311 Vind.
508 2275 551 2309 D.
576 2281 612 2307 et
636 2274 730 2308 Mon.
753 2273 794 2306 B.
820 2277 856 2305 et
879 2271 951 2305 edi—

287 2287 400 2356 tpiones
436 2321 511 2355 Ald.
542 2321 626 2354 Bas.
651 2332 682 2353 a.
723 2318 843 2362 Steph.
876 2319 950 2352 Ast.

288 2380 342 2412 pr.
366 2367 544 2408 exhibent,
575 2366 733 2411 quodque
757 2365 952 2409 Stephanus

288 2419 405 2448 annot.
430 2425 463 2457 p.
487 2414 544 2448 25.
570 2413 632 2456 (ad
655 2411 696 2446 L.
714 2411 799 2445 ·V.11
823 2423 858 2456 Ρ.
871 2411 950 2445 537.

288 2460 347 2503 Α.)
380 2462 415 2492 et
446 2459 656 2492 Schediasm.
697 2457 739 2491 L.
772 2457 800 2490 I.
895 2458 949 2490 19.

287 2506 417 2538 frustra
440 2510 566 2547 tuetur,
589 2504 686 2549 quasi
705 2503 849 2536 nondum
868 2502 950 2535 edo—

288 2556 383 2592 ctos,
405 2552 466 2584 sed
490 2551 678 2585 edocendos
701 2550 833 2582 demum
851 2548 949 2593 equi-

287 2577 383 2631 tandi
414 2601 523 2631 artem
559 2599 595 2630 et
629 2597 670 2629 ob
695 2596 731 2629 id
758 2595 886 2639 ipsum,
910 2599 950 2627 ut

286 2643 493 2685 doceantur,
537 2643 579 2677 ad
609 2641 690 2676 belli
721 2642 949 2687 spectaculum

286 2688 322 2722 in
346 2690 442 2733 equis
476 2670 552 2722 duci
575 2700 700 2742 pueros
732 2688 847 2720 iubeat
882 2686 948 2719 So-

287 2741 411 2768 crates.
459 2735 513 2768 Ita
552 2735 637 2767 enim
682 2734 947 2777 interpretatur·

288 2782 361 2814 Iam
382 2782 462 2814 inde
480 2794 502 2814 α
519 2783 633 2825 prima
650 2781 803 2824 pueritia
824 2780 946 2812 tollen-

288 2828 325 2860 di
351 2832 429 2860 sunt
459 2827 494 2859 ίη
522 2828 633 2870 cquis:
669 2826 880 2869 ducendique
910 2825 946 2857 in

287 2874 380 2917 equis
400 2873 447 2907 ad
465 2874 543 2907 belli
559 2873 810 2917 spectaculum,
834 2875 874 2905 ut
890 2882 946 2904 eos

1006 799 1162 844 equitare
1193 799 1385 833 doceamus.
1445 795 1547 837 Quod
1571 807 1674 841 quum

1007 857 1028 879 a
1062 844 1217 879 Socratis
1259 850 1372 878 mente
1402 843 1534 888 pariter
1568 847 1674 897 atque

1007 892 1050 925 ab
1074 891 1151 936 ipsa
1174 902 1213 924 re
1237 891 1443 931 abhorreat,
1477 886 1670 932 διδαξομέ-

1005 949 1096 976 νους
1129 948 1196 970 ιιοιι
1235 937 1337 970 aliter
1368 936 1432 968 nisi
1465 935 1674 979 transposita

1009 989 1088 1028 post
1113 980 1283 1016 ἱππεύειν
1307 981 1475 1027 particula
1493 980 1561 1014 καὶ
1585 981 1674 1014 tole-

1008 1029 1079 1063 rari
1110 1040 1210 1073 posse
1249 1032 1415 1073 apparet;
1461 1026 1514 1060 cui
1546 1025 1672 1060 rationi

1008 1081 1148 1120 praeter
1174 1075 1324 1108 codicum
1350 1072 1586 1107 auctoritatem
1608 1073 1672 1106 hoc

1010 1122 1144 1162 obstat,
1165 1119 1288 1165 quod,
1320 1131 1387 1164 quo
1414 1119 1552 1152 consilio
1577 1119 1673 1163 equis

1009 1166 1240 1220 imponendos
1274 1170 1462 1207 statueret,
1510 1165 1673 1198 Socrates

1010 1213 1082 1246 sine
1107 1217 1228 1246 caussa
1251 1212 1413 1252 doceret,
1444 1211 1562 1257 quales
1587 1211 1672 1244 effe—

1010 1264 1082 1292 ctos
1117 1264 1152 1293 et
1187 1258 1267 1303 quid
1300 1258 1440 1292 edoctos
1474 1257 1517 1291 ad
1546 1257 1672 1291 bellum

1009 1304 1086 1338 duci
1119 1304 1247 1346 vellet,
1295 1304 1385 1349 quod
1429 1304 1539 1347 magis
1580 1303 1672 1337 dicto

1008 1363 1092 1396 opus
1107 1355 1194 1392 erat,
1218 1362 1285 1384 non
1308 1350 1566 1384 demonstraret.
1597 1350 1674 1382 Hoc

1007 1397 1110 1442 igitur
1142 1397 1269 1430 reiecto
1306 1393 1554 1439 διδαχθέντας
1577 1407 1600 1429 e
1619 1406 1676 1428 se-

1009 1443 1110 1476 cundi
1157 1443 1282 1477 ordinis
1329 1442 1501 1475 codicibus
1546 1441 1675 1486 recepi,

1006 1488 1141 1543 longius
1169 1500 1252 1522 sane
1279 1488 1364 1523 illud
1397 1489 1441 1522 ab
1474 1487 1675 1532 optimorum

1007 1535 1161 1579 vestigiis
1182 1542 1358 1576 remotum,
1383 1534 1443 1568 sed
1467 1538 1580 1582 tamen
1598 1545 1675 1567 meo

1006 1581 1131 1614 iudicio
1157 1586 1192 1614 et
1216 1581 1464 1625 significatione
1487 1592 1568 1613 vero
1593 1591 1674 1624 pro—

1007 1627 1132 1660 ximum
1157 1631 1192 1661 et
1222 1628 1311 1660 inter
1336 1639 1396 1668 ea,
1430 1638 1517 1679 quae
1541 1627 1675 1660 codices

1008 1673 1156 1716 habent,
1180 1674 1324 1706 maxime
1348 1672 1535 1717 probabile.
1583 1671 1674 1705 Nam

1011 1717 1373 1774 διδαχθᾞσομένους,
1396 1719 1496 1773 quod
1507 1719 1539 1753 V
1542 1718 1609 1752 ind.
1630 1718 1673 1752 D.

1011 1777 1086 1799 cum
1114 1763 1220 1805 ε’ντας
1252 1776 1356 1810 super
1381 1762 1586 1809 ησομένους
1613 1776 1674 1796 ex·-

1007 1808 1115 1852 hibet,
1140 1823 1254 1845 verum
1278 1811 1386 1844 videri
1408 1811 1543 1854 nequit:
1570 1809 1673 1844 διδα-

1009 1856 1222 1901 ξαμένους,
1267 1857 1358 1902 quod
1388 1857 1423 1890 in
1453 1857 1547 1891 Μοιι.
1577 1858 1619 1892 Β.
1652 1868 1674 1890 a

1009 1915 1110 1937 manu
1134 1904 1301 1945 secunda,
1326 1908 1365 1937 ut
1387 1903 1541 1942 videtur,
1568 1915 1595 1938 e
1619 1902 1673 1936 δι-

1009 1948 1238 1992 δαξομένους
1307 1950 1455 1983 factum‘
1481 1948 1673 1989 Bekkerus,

1009 1996 1252 2029 Stalibaumius
1275 2000 1311 2029 et
1333 1995 1367 2028 in
1390 1998 1470 2029 tert.
1485 1995 1538 2029 ed.
1555 1994 1673 2028 Astius

1007 2042 1263 2086 praetulerunt,
1299 2053 1338 2074 eo
1372 2041 1548 2085 displicet,
1581 2040 1673 2085 quod

1007 2093 1146 2132 praeter
1171 2088 1456 2132 exspectationem
1483 2090 1519 2119 et
1542 2090 1673 2120 temere

1005 2138 1136 2167 mutata
1169 2133 1355 2166 accusativi
1397 2136 1570 2176 potestate
1609 2143 1671 2177 pro

1006 2190 1189 2233 puerorum
1208 2178 1449 2223 descriptione,
1468 2178 1586 2232 quales
1603 2178 1673 2212 sint

1006 2226 1040 2259 in
1074 2226 1198 2260 bellum
1229 2225 1394 2267 ducendi,
1433 2223 1672 2268 magistrorum

1007 2271 1181 2315 negotium
1215 2271 1397 2312 describit,
1432 2282 1498 2315 quo
1535 2271 1672 2303 functos

1008 2329 1082 2351 esse
1107 2321 1287 2363 oporteat,
1312 2317 1509 2362 priusquam
1533 2327 1591 2349 eos
1613 2315 1670 2350 illo

1007 2364 1142 2397 ducant.
1189 2363 1314 2408 Neque
1346 2362 1508 2397 credibile
1542 2369 1595 2396 est
1608 2360 1672 2395 δι-

1007 2406 1239 2452 δαξαμένους
1272 2419 1338 2442 non
1370 2409 1476 2442 solum
1509 2408 1543 2441 in
1567 2407 1671 2442 διδα-

1005 2453 1188 2499 χθέντας,
1231 2455 1292 2488 sed
1335 2455 1371 2488 in
1405 2452 1673 2497 διδαξομένους

1006 2502 1198 2546 corrigendi
1233 2513 1354 2535 caussa
1383 2505 1548 2535 mutatum
1583 2511 1671 2534 esse.

1003 2547 1126 2593 Itaque
1151 2559 1231 2581 casu
1254 2553 1288 2581 et
1311 2558 1427 2580 errore
1446 2546 1559 2579 hocin
1579 2546 1672 2590 opti-

1005 2605 1077 2627 mos
1101 2594 1284 2649 irrepsisse
1317 2592 1494 2626 dicendum
1527 2592 1616 2633 erit,
1640 2591 1671 2625 si

1007 2638 1277 2684 διδαξαμένους
1316 2650 1378 2684 pro
1424 2638 1569 2682 genuino
1606 2617 1672 2670 ’ha—

1004 2686 1138 2720 beatur.
1185 2686 1273 2720 Mihi
1297 2696 1378 2718 vero
1397 2685 1548 2718 codicum
1574 2683 1671 2717 indo-

1003 2731 1067 2765 lem
1116 2735 1151 2765 et
1196 2732 1397 2765 varietatem
1438 2729 1672 2764 consideranti

1005 2778 1182 2811 admodum
1216 2777 1399 2811 verisimile
1429 2776 1471 2809 fit
1494 2775 1669 2809 Platonem

1004 2821 1313 2867 δεδιδαξομένους
1344 2822 1548 2867 scripsisse,
1573 2820 1668 2854 cuius

1003 2871 1132 2904 formae
1154 2868 1383 2904 insolentioris
1408 2870 1444 2902 et
1466 2866 1668 2913 depravatio
