1807 3219
445 177 785 221 CIVITAS
829 176 1164 246 LIB.V.460v
1441 182 1498 223 47

112 285 172 340 ὦς
200 291 403 334 πλεῖστοι
425 292 516 332 τῶν
552 283 726 334 παίδων
748 282 811 334 ἐκ
851 294 941 334 τῶν
972 288 1191 333 τοιούτων
1222 291 1497 346 σπείρωνται.

105 356 292 414 Ὀρθῶς.
332 356 533 403 ’(Υύκοῦν
571 352 645 402 καὶ
682 357 736 402 τοὶ
775 357 847 402 ’ἀεὶ
885 357 1122 415 γιγνόμενα
1163 359 1323 415 ἔκγονα
1352 373 1498 414 παρα-

110 427 418 483 λαμβάνουσαι
446 429 493 470 αῑ
529 425 599 470 ἐπὶ
636 426 808 470 τούτων
836 427 1118 483 ἐφεστηκυῖαι
1147 424 1275 483 ἀρχαὶ
1305 429 1386 471 εἴτε
1418 426 1496 471 οἷν-

111 499 233 551 δρῶν
263 498 344 540 εἴτε
372 498 598 552 γυναικῶν
622 497 703 538 εἴτε
734 492 982 550 ἀμφότερα·
1008 496 1154 540 κοιναὶ
1184 495 1264 551 μὲν
1292 494 1378 552 γάρ
1406 510 1498 540 που

109 566 184 608 καὶ
215 562 357 621 ἀρχαὶ.
381 565 554 619 γυναιξί
586 580 630 607 τε
674 563 747 606 καὶ
791 561 989 618 ἀνδράσι.
1050 568 1158 608 Ναί.
1221 564 1285 608 To&
1325 566 1404 621 μὲν
1444 565 1497 622 δὴ
1530 574 1562 617 C

110 636 201 677 τῶν
241 632 448 688 ἀγαθῶν,
490 634 631 683 δοκιὸ,
674 635 892 688 λαβοῦσαι
930 625 997 683 εἰςΓ
1027 631 1107 676 τὸν
1145 632 1284 689 σηκόν
1325 635 1500 678 οἴσουσι

108 699 230 756 παρά
269 718 389 753 τινας
429 699 630 756 τροφούς
666 701 798 756 χωρὶς
843 700 1052 751 οἰκούσας
1082 701 1128 744 ἔν
1157 718 1244 745 τινι
1274 701 1393 756 μέρει
1423 705 1500 759 τῆς

107 768 299 822 πόλεως,
337 771 390 813 τὰ
421 770 467 814 δὲ
497 773 586 813 τῶν
615 768 853 825 χειρόνων,
907 770 982 812 καὶ
1021 766 1098 812 ἐάν
1135 787 1173 813 τι
1212 774 1302 813 τῶν
1341 771 1501 826 ἑτέρων

110 835 341 895 ἀνάπηρον
374 840 596 895 γίγνηται,
647 836 695 881 ἐν
726 836 959 895 ἄπορῤήτῳ
992 854 1036 881 τε
1075 839 1147 882 καὶ
1190 838 1335 896 ἀδήλῳ
1365 856 1500 883 κατα-

105 906 360 961 κρύψουσιν
395 905 455 957 ὥς
484 906 654 961 πρέπει.
713 908 852 963 Εἴπερ
886 906 1051 964 μέλλει,
1082 907 1192 963 ἔφη,
1222 907 1429 963 καθαρὸν
1449 908 1499 952 τὸ

107 976 235 1032 γένος
263 978 353 1018 τῶν
384 973 599 1032 φυλάκων
629 973 817 1020 ἔσεσθαι.
881 973 1060 1020 Οὐκοῦν
1096 977 1169 1020 καὶ
1208 980 1378 1032 τροφῆς
1418 972 1500 1021 οὗ-

33 1893 35 1895 *
103 1877 222 1911 Habet
245 1874 438 1909 affirmandi
461 1875 547 1916 vim,
571 1879 656 1918 utp

127 1153 130 1155 ,
153 1123 400 1169 σπείρωνται]
435 1123 649 1169 σπείρονται
673 1124 772 1159 Vind.

105 1172 150 1206 E.

154 1213 236 1260 οἷεὶ]
262 1229 325 1250 om.
355 1215 429 1250 Fic.

154 1259 372 1307 ἀμφότερα]
414 1262 470 1296 Ita
502 1262 582 1295 Par.
608 1262 648 1296 A.
685 1262 771 1296 Lob.

104 1310 206 1344 Vind.
230 1309 368 1343 BDEF.
385 1345 400 1353 ,ἱ
415 1309 494 1342 Vat.
522 1307 634 1342 BHM.
684 1309 771 1341 Ven.

102 1357 176 1391 Bc.
203 1359 250 1397 et,
275 1354 367 1400 quod
383 1354 625 1388 Stallbaumius
646 1355 680 1388 in
702 1366 770 1388 sec.

103 1403 156 1437 ed.
182 1401 391 1446 suspicatur,
409 1401 609 1443 Florentini,
634 1401 676 1434 de
696 1400 772 1446 qui—

101 1451 167 1484 bus
202 1448 237 1482 in
268 1447 378 1492 prima
409 1459 476 1480 non
510 1447 637 1491 magis,
671 1459 772 1491 quam

102 1496 146 1530 de
169 1494 248 1540 ipsa
271 1492 415 1527 lectione
440 1493 578 1537 eiusque
602 1493 772 1527 varietate

99 1542 241 1576 verbum
264 1540 357 1573 fecit.
403 1539 497 1573 Mon.
523 1540 564 1573 B.
590 1544 626 1573 et
649 1539 772 1583 reliqui

100 1587 235 1622 codices
268 1585 421 1619 Bekkeri
453 1597 527 1619 cum
566 1585 771 1619 editionibus

99 1638 181 1668 ante
211 1632 408 1667 Bekkerum
450 1629 664 1676 ἀμφότεραι
710 1632 772 1665 ha-

98 1677 192 1715 bent.
235 1679 293 1713 Cf.
314 1678 411 1712 Crat.
433 1690 467 1723 p.
487 1680 567 1713 416.
593 1679 633 1712 C.

149 1734 243 1781 μὲν]
282 1749 347 1771 om.
394 1736 482 1770 Lob.
531 1736 632 1770 Vind.
666 1735 770 1769 BDF.

102 1784 197 1818 Mon.
223 1784 262 1816 B.
289 1783 369 1817 Vat.
394 1782 474 1816 ΒΜ.
511 1784 595 1816 Ven.
624 1783 664 1815 C.
691 1783 770 1815 Par.

102 1830 180 1865 DK.
206 1840 275 1863 sec.
295 1829 405 1862 Bekk.
431 1829 516 1872 Ang.
529 1829 569 1862 B.
588 1829 680 1862 Flor.
693 1828 770 1862 RU.

103 1923 147 1957 D.
180 1926 258 1975 post
283 1874 770 1977 3.z‚1..111.p.4p12453.‘

103 1974 185 2014 post
209 1963 290 2023 ὅτι,
315 1971 394 2025 post
418 1962 464 2001 οὗ
490 1979 523 2012 p.
549 1969 629 2002 390.
655 1967 698 2000 D.

103 2010 357 2103 ναῖιῗιῒιναρέἕᾱὶ
359 2013 768 2115 puhzltisxcliligunliiiatiig,

103 2107 206 2140 Vind.
230 2107 272 2140 B.
316 2105 380 2140 καὶ
403 2105 443 2139 αἱ
470 2102 580 2150 αρχαὶ
618 2106 702 2139 Ven.
727 2106 767 2139 B.

105 2153 202 2186 Vind.
236 2153 279 2186 Ε.
329 2153 408 2186 Vat.
442 2153 486 2186 H.
533 2152 626 2186 Flor.
661 2152 768 2185 Acv.

104 2198 231 2233 Stallb.
255 2198 290 2232 in
313 2210 364 2243 pr.
386 2198 445 2232 ed.

151 2251 337 2310 ανδράσι.]
363 2252 555 2299 ἄνδρασιν.
579 2256 769 2290 Bekkerus.

103 2297 288 2345 ἄνδράσι,·
322 2301 396 2335 Ald.
421 2303 503 2335 Bas.
528 2303 582 2336 ab.
631 2302 771 2336 Scilicet

104 2347 298 2381 confirmari
330 2348 418 2381 hanc
459 2359 552 2382 suam
583 2348 771 2393 opinionem

101 2394 267 2427 Socrates
292 2404 313 2426 a
345 2394 522 2428 Glaucone
555 2394 692 2439 cupiens
718 2394 771 2428 in-

101 2439 262 2474 stitutum
294 2439 459 2474 orationis
491 2451 625 2474 cursum
656 2440 768 2474 subito

99 2485 264 2527 inhibuit,
302 2485 338 2518 id
361 2486 452 2531 quod
472 2487 651 2520 Bekkerus
673 2486 769 2531 signo

99 2531 310 2577 aposiopesis
343 2535 421 2576 post
453 2529 649 2577 ἀμφότεροι
679 2532 770 2567 indi-

99 2578 211 2621 cavit,
252 2578 315 2611 sed
349 2577 452 2612 nihilo
486 2579 596 2612 minus
623 2590 696 2613 eam
731 2583 770 2613 ut

98 2623 165 2658 sibi
208 2629 337 2658 certam
378 2624 586 2669 pronuntiat.
658 2625 769 2659 Recte

97 2669 204 2714 igitur
227 2670 422 2714 Stephanus
455 2670 687 2716 interrogandi
708 2683 770 2706 no-

101 2720 172 2749 tam
195 2716 344 2750 sustulit.

154 2761 207 2801 εἰς
229 2759 299 2796 τὸν
331 2761 468 2806 σηκὸν]
506 2761 560 2802 εἴς
592 2774 677 2797 τινα
709 2774 770 2808 ση-

106 2805 178 2841 κὸν
209 2807 301 2842 Μοιι.
325 2808 366 2841 Β.
401 2809 494 2843 Flor.
519 2809 565 2842 U.
605 2810 638 2842 h.
672 2821 701 2843 e.
735 2810 771 2843 in

105 2853 252 2900 aliquam
275 2854 432 2898 domum,
456 2866 546 2900 quae
568 2855 727 2890 stabuli
717 2867 770 2891 ιιι-

830 1128 905 1160 star
928 1124 992 1168 sit3
1034 1137 1136 1170 quam
1160 1137 1261 1170 quum
1285 1125 1319 1159 in
1343 1125 1500 1170 superio-

829 1172 923 1205 ribus
947 1178 1240 1205 commemoratam
1275 1183 1343 1205 non
1366 1172 1503 1206 videret

831 1222 951 1251 auctor
987 1217 1077 1250 illius
1101 1217 1326 1260 recensionis,
1367 1217 1499 1252 articu-

830 1263 897 1296 lum
930 1264 1081 1308 ineptum
1114 1265 1270 1309 putabat.
1329 1265 1400 1298 Sed
1425 1276 1500 1298 eam

831 1310 994 1343 Socrates
1029 1310 1063 1342 in
1095 1310 1159 1343 hac
1194 1322 1308 1344 rerum
1333 1307 1500 1344 constitu-

829 1355 924 1389 tione
961 1355 1050 1388 haud
1084 1367 1183 1389 secus
1210 1362 1366 1402 paratam
1390 1356 1498 1401 ponit,

829 1413 930 1447 quam
954 1401 1123 1435 stabulum
1148 1402 1182 1435 in
1204 1403 1306 1445 villa,
1346 1408 1382 1436 et
1405 1403 1501 1437 velut

828 1452 1043 1503 praesentem
1068 1448 1226 1492 designat
1249 1449 1403 1483 articulo.
1439 1459 1499 1493 ση-

828 1491 896 1532 κὸς
929 1494 1112 1528 secundum
1143 1495 1321 1528 Timaeum
1357 1507 1390 1541 p.
1417 1497 1498 1530 230.

830 1537 981 1579 ε’παυλις
1015 1545 1068 1574 est
1100 1541 1233 1596 τριγχῷ
1278 1553 1338 1575 seu
1382 1542 1499 1586 potius

827 1586 971 1639 θριγκῷ
995 1585 1247 1631 περιεχομένη,
1277 1599 1366 1632 quae
1384 1588 1501 1632 glossa

828 1632 937 1676 magis
962 1633 1006 1665 ad
1024 1634 1170 1667 Theaet.
1190 1645 1224 1678 p.
1242 1635 1316 1668 174.
1331 1633 1374 1667 E.
1395 1646 1497 1679 quam

829 1679 871 1711 ad
896 1684 1048 1712 nostrum
1073 1679 1183 1713 locum
1204 1683 1286 1724 apta
1302 1684 1365 1713 est.
1391 1681 1501 1714 Prae-

828 1728 883 1758 ter
907 1729 1022 1758 notam
1056 1725 1247 1759 Ruhnkenii
1279 1727 1322 1760 cf.
1349 1726 1500 1760 Bekkeri

829 1771 947 1804 anecd.
984 1783 1017 1815 p.
1046 1773 1132 1813 183,
1165 1772 1196 1806 5.
1247 1771 1286 1805 In
1320 1773 1421 1806 Vind.
1454 1774 1497 1807 B.

829 1828 957 1850 comma
980 1821 1059 1862 post
1083 1815 1199 1861 σηκὸν
1223 1818 1382 1864 positum.

874 1883 1068 1931 τροφοὺς]
1117 1885 1265 1931 τροφὰς
1312 1888 1411 1922 Vind.
1453 1888 1496 1922 F.

826 1934 912 1977 Ang.
939 1934 978 1967 B.
1004 1934 1096 1966 Flor.
1123 1934 1164 1967 R.
1215 1934 1395 1968 commaa
1418 1935 1499 1968 Ste-

825 1980 937 2024 phano
980 1984 1016 2013 et
1058 1979 1305 2014 recentioribus
1346 1980 1498 2014 additum

825 2025 966 2068 sustuli,
1000 2025 1083 2071 quia
1115 2026 1210 2089 nulla
1245 2027 1301 2060 hic
1325 2026 1496 2072 appositio

825 2077 890 2105 est.

873 2119 967 2162 τινι]
994 2127 1067 2151 τισι
1090 2118 1183 2152 Μοιι.
1204 2118 1244 2152 Β.
1272 2122 1351 2152 ante
1380 2129 1496 2154 corro-

827 2163 980 2198 ctionem.

876 2207 1086 2255 ἀνάπηρον]
1114 2206 1341 2255 οΞνοΖπειρον,
1367 2221 1443 2256 sup.
1455 2223 1493 2255 η,

827 2257 928 2290 Vind.
952 2257 994 2289 F.

872 2302 1061 2347 γίγνηται]
1106 2300 1259 2346 ’γένηται
1291 2303 1392 2336 Vind.
1419 2303 1492 2337 BD.

828 2349 910 2383 Vat.
936 2349 984 2382 M.
1011 2355 1068 2390 et,
1100 2350 1239 2393 vulgato
1264 2361 1333 2383 sec.
1358 2351 1436 2395 Bip.
1462 2350 1498 2384 in

827 2395 981 2452 margine
1004 2395 1142 2436 addito,
1166 2396 1245 2429 Par.
1272 2396 1317 2428 K.

872 2438 911 2475 ἐν
943 2438 1145 2486 ἅποῤῥήτῳ
1177 2453 1217 2475 τε
1251 2440 1315 2476 καὶ
1344 2438 1493 2488 ἀδήλῳ]

825 2488 862 2522 in
886 2489 1016 2523 abditis
1039 2489 1122 2522 locis
1150 2488 1225 2521 Fic.

870 2531 1011 2578 μέλλει]
1036 2532 1161 2578 μέλλοι
1185 2534 1265 2567 Par.
1288 2533 1363 2567 AD.
1390 2533 1493 2567 Vind.

825 2579 932 2613 DEF.
958 2581 1044 2614 Ven.
1077 2580 1117 2614 C.
1153 2580 1246 2614 Mon.
1273 2580 1312 2613 B.
1339 2580 1420 2614 Vat.
1445 2580 1493 2615 H.

825 2626 920 2659 Flor.
946 2626 1087 2660 ACUV.
1113 2626 1187 2660 Ald.
1236 2626 1403 2671 Optativo
1427 2638 1494 2660 nun

825 2671 932 2716 magis
963 2672 1019 2706 hic
1050 2673 1168 2714 locus,
1212 2684 1315 2718 quam
1350 2684 1385 2718 p.
1410 2673 1492 2708 459.

825 2717 869 2752 Ε
874 2761 972 2808 ἔφη]
1003 2763 1141 2798 Ficinus
1164 2763 1288 2809 legisse
1305 2776 1372 2798 non
1395 2764 1492 2798 vide—

826 2810 1045 2890 {pguaeuippe
1069 2811 1126 2856 qui
1149 2810 1289 2845 Socrati
1311 2811 1396 2845 haec
1411 2822 1490 2845 con-
