1807 3219
267 101 351 141 148

713 93 1198 138 PLATONIS

267 225 415 260 ναιτο,
457 206 594 262 λήθης
633 204 697 248 ῶν
736 206 896 259 πλέως,
944 203 1012 261 ἆρ’
1044 206 1100 251 ἄν
1140 205 1232 258 οἶός
1260 206 1293 250 τ’
1326 208 1389 262 ε’ίη
1424 205 1655 262 ἐπιστήμης

269 277 328 335 μή
360 277 488 326 κενὸς
519 272 655 324 εἶναι,·
685 274 774 317 Καὶ
792 277 904 324 πῶς;
929 272 1138 330 Ἀνόνητα
1168 274 1221 332 δὴ
1252 278 1404 318 πονῶν
1434 273 1529 325 οὐκ,
1561 276 1657 326 οἴει,

271 342 654 400 ἀναγκασθήσεται
683 346 894 385 τελευτῶν
926 341 1061 386 αὑτόν
1079 359 1122 386 τε
1148 348 1290 398 μισεῖν
1313 343 1385 386 καὶ
1408 341 1488 398 τήν
1505 341 1657 385 τοιαυἠ

207 422 247 463 D
271 430 350 470 την
378 413 560 466 πρᾶξιν;
593 414 697 461 Πῶς
720 409 764 454 δ’
791 409 869 460 οὕ,-
891 409 1184 467 Ἐπιλήσμονα
1215 408 1299 465 ἄρα
1329 408 1476 466 ψυχήν
1497 409 1545 453 ἐν
1566 415 1662 461 ταῖς

269 483 431 531 ἱκανῶς
460 479 726 535 φιλοσόφοις
756 477 814 534 μή
843 493 948 522 ποτε
979 479 1265 534 ἐγκρίνωμεν,
1309 477 1418 521 ἄλλα
1448 495 1662 535 μνημονι-

269 550 353 604 κὴν
393 547 528 603 αὐτὴν
571 551 765 603 ζητῶμεν
811 549 903 590 δεῖν
943 544 1067 590 εἶναι.

1127 547 1391 591 Παντάπασι
1442 545 1523 602 μὲν
1566 541 1661 589 οὖν.

264 614 380 659 Ἀλλ’
413 613 466 659 οὐ
495 617 581 671 μὴν
610 615 660 659 τό
690 632 738 671 γε
768 619 842 671 τῆς
873 613 1072 670 ἀμούσου
1109 630 1153 658 τε
1189 615 1260 658 καὶ
1292 613 1542 671 ἀσχήμονος
1572 613 1661 671 φύ-

272 696 380 736 σεως
409 683 566 727 ἄλλοσέ
595 698 670 726 ποι
701 682 756 726 ἄν
786 687 948 738 φαῖμεν
979 682 1144 735 ἕλκειν,
1187 681 1216 738 ἢ
1245 684 1305 734 εἰς
1335 681 1555 739 ἀμετρίαν.
1609 684 1663 726 Τί

268 752 380 809 μήν;
419 751 650 808 Ἀλήθειαν
680 752 727 795 δὲ
757 750 938 806 ἀμετρίᾳ
968 749 1052 805 ἡγῇ
1084 751 1267 806 ξυγγενῆ
1298 748 1433 803 εἶναι,
1471 749 1500 807 ἢ
1531 750 1659 806 ἐμμε-

269 822 392 879 τρίας
436 819 681 876 Ἐμμετρία.

727 819 975 874 ’Έμμετρον
1015 818 1101 873 ἄρα
1139 819 1213 862 καὶ
1251 816 1429 874 εὔχαριν
1470 823 1663 875 ζητῶμεν

269 888 381 944 πρὸς
409 893 503 939 τοῖς
533 886 680 939 ἄλλοις
710 886 914 930 διάνοιαν
945 886 1100 942 φύσει,
1131 885 1189 942 ἣν
1218 885 1287 929 ἐπὶ
1307 886 1387 942 τὴν
1415 891 1498 929 τοῦ
1529 887 1662 938 ὄντος

209 965 242 1006 Ε
274 956 395 1001 ἰδέαν
434 955 621 1000 ἑκάστου
669 953 719 999 τὸ
761 953 983 1012 αὐτοφυὲς
1030 953 1258 1011 εὐάγωγον
1297 954 1494 1009 «παρέξει.

271 1108 352 1142 881.
389 1108 431 1140 Α.
478 1106 563 1141 Ven.
606 1106 647 1140 B.
687 1108 723 1139 et
768 1107 938 1141 Stobaeus

272 1150 498 1195 οἷνῦττονσι,
524 1152 663 1185 Axioch.
690 1153 769 1186 369.
794 1153 836 1186 D.
863 1153 939 1186 nul-

270 1200 322 1233 lus
349 1211 368 1232 e
402 1198 552 1232 Bekkeri
576 1197 748 1231 codicibus
773 1195 938 1241 ανύττει,

271 1245 362 1290 quod
386 1244 562 1287 vulgatum
596 1248 668 1285 est,
704 1244 819 1279 habet.
868 1245 940 1278 Sed

272 1292 381 1325 lenem
405 1301 521 1323 omnes
545 1289 672 1334 ubique
696 1294 823 1325 tenent.

318 1335 372 1377 6²,-
394 1336 447 1380 εἰ]
484 1336 541 1369 δεῖ
576 1335 678 1370 Vind.
705 1336 745 1369 F.
772 1349 792 1370 a
815 1348 860 1370 ln.
884 1348 939 1382 pr.

271 1383 412 1427 Signum
430 1381 663 1425 interrogandi
681 1382 860 1416 Bekkerus
877 1395 942 1428 po-

272 1430 353 1463 suit.

319 1471 462 1518 πλέως]
499 1471 611 1513 πλέος
644 1474 738 1508 Mon.
763 1473 803 1507 B.
840 1486 861 1508 a
895 1486 940 1509 m.

272 1533 325 1566 pr.
361 1518 558 1559 ἀνάπλεως
582 1520 682 1555 Vind.
707 1521 751 1554 F.
786 1522 872 1564 Aug.
899 1522 940 1556 B.

271 1568 366 1612 Flos.
390 1567 435 1601 T.
458 1570 493 1599 et
516 1567 551 1599 in
577 1578 619 1601 m.
643 1566 683 1599 A.

320 1610 404 1657 ἄρ’]
440 1608 498 1655 ἄρ’
542 1612 640 1647 Vind.
672 1612 713 1645 F.
751 1631 788 1636 —
830 1624 942 1646 nonne

274 1661 340 1696 erit
361 1660 508 1693 scientia
527 1658 686 1692 vacuus?
709 1658 786 1692 Fic.

318 1702 509 1748 Ἀνόνητα]
537 1700 685 1748 οἷνόητα
707 1704 787 1739 Par.
799 1704 839 1737 A.
860 1703 939 1748 (ad-

273 1752 403 1796 scripta
427 1762 497 1785 sec.
523 1751 705 1784 Faehsium
728 1750 763 1784 in
786 1751 940 1794 margine

273 1797 431 1841 vulgata)
457 1800 492 1829 et
516 1808 536 1829 a
560 1808 604 1830 m.
627 1808 680 1841 pr.
701 1797 785 1830 Ven.
802 1797 843 1831 C.
867 1797 941 1830 Ea-

273 1844 350 1877 dem
373 1841 526 1876 varietas
557 1848 610 1876 est
641 1842 732 1877 Tim.
756 1854 790 1888 p.
815 1844 872 1877 44.
899 1843 940 1876 C.

274 1887 465 1933 ἀνήνυτα,
505 1888 594 1932 quod
619 1888 735 1922 Astius
762 1889 803 1921 ad
829 1889 942 1932 Leges

276 1948 311 1982 p.
337 1935 415 1970 213.
442 1938 478 1968 et
500 1934 536 1967 in
560 1937 642 1968 tert.
668 1934 721 1969 ed.
756 1946 776 1968 a
800 1935 941 1968 Platone

276 1981 471 2027 profectum
482 1980 687 2035 suspicatur,
705 1980 813 2014 minus
825 1986 943 2023 aptum

277 2032 343 2061 est.
368 2026 457 2060 Nam
482 2023 668 2070 ἀνήνυτος
691 2024 808 2066 πόνος
831 2027 943 2070 Phry-

276 2072 377 2108 nicho
422 2072 612 2127 interprete
667 2073 777 2106 Bekk.
824 2073 942 2106 anecd.

277 2131 325 2175 p.
338 2120 404 2160 13,
429 2120 485 2153 26.
525 2130 544 2152 ο
579 2115 697 2156 πολὺς
724 2122 778 2152 est
807 2118 869 2153 καὶ
898 2114 943 2154 ὃν

279 2161 347 2208 οὐχ
368 2162 452 2198 οἶόν
471 2176 510 2198 τε
529 2161 716 2198 διανυσαι.

325 2209 398 2254 δὴ]
425 2207 464 2244 δε
489 2211 575 2245 Ven.
601 2210 642 2243 C.
676 2210 768 2244 Mon.
792 2210 833 2244 Β.
863 2209 944 2245 Par.

276 2257 354 2291 DK.
388 2256 473 2290 editi
506 2260 584 2289 ante
618 2256 833 2298 Bekkerun1;
876 2268 943 2290 non

277 2303 387 2336 minus
410 2305 516 2336 recte.
563 2313 644 2335 vero
669 2301 708 2334 F
700 2313 742 2336 lc.

326 2348 420 2390 οἴει]
453 2361 517 2382 om.
552 2348 627 2382 Fic.
672 2347 742 2381 οἴει
765 2344 815 2387 ὥς
846 2347 943 2383 Flor.

279 2394 324 2428 T.
351 2394 460 2438 (οἴει)
485 2394 606 2439 Steph.
631 2393 748 2427 Astius
771 2395 804 2427 in
831 2405 883 2438 pr.
909 2398 945 2428 et

279 2451 348 2474 sec.
369 2444 404 2473 et
423 2440 546 2474 Stallb.
565 2440 601 2472 in
619 2451 688 2474 sec.
703 2451 830 2473 connna
848 2440 943 2484 prius

279 2498 346 2521 non
357 2490 435 2520 ante
455 2486 537 2529 οἴει,
560 2486 621 2519 sed
641 2489 720 2519 ante
731 2487 945 2529 negationem

282 2537 448 2577 ponentes
463 2533 656 2566 inusitatum
668 2532 827 2575 loquendi
839 2543 945 2576 genus

280 2578 511 2612 introducunt.
560 2578 615 2611 Cf.
643 2578 684 2611 L.
710 2578 788 2611 VII.
811 2590 844 2622 p
865 2580 944 2613 530.

281 2625 324 2657 Β.
359 2627 395 2657 et
425 2624 530 2668 Hipp.
561 2623 639 2657 mai.
673 2635 751 2668 pag.
785 2625 866 2659 298.
893 2625 944 2657 A.

281 2669 320 2703 εἰ
364 2666 664 2725 αποκριναίμεθα
710 2669 763 2715 τῷ
785 2671 947 2725 θρασεῖ

282 2713 407 2771 ἐκείνῳ
430 2704 758 2772 ἀνθρώπῳ-ουκ
780 2711 839 2760 ὂὶν,
861 2716 944 2759 οἴει,

286 2757 405 2797 αὐτὸν
427 2762 496 2796 τοῦ
519 2760 691 2806 θράσους
717 2760 946 2807 ἐπίσχοιμεν;

1556 958 1662 1006 Πῶς

994 1107 1036 1140 In
1055 1108 1135 1140 tert.
1155 1104 1271 1139 Astius
1295 1107 1331 1138 et
1356 1104 1391 1138 in
1413 1115 1467 1149 pr.
1485 1104 1661 1138 Stallbau-

995 1153 1082 1186 nlius
1103 1152 1285 1186 secundum
1306 1151 1501 1184 Bekkerum
1531 1155 1662 1183 utrmn—

995 1211 1062 1243 que
1098 1209 1226 1231 comma
1256 1197 1478 1230 sustulerunt.
1525 1196 1664 1230 Pniores

994 1248 1127 1279 tantum
1151 1246 1229 1289 post
1251 1254 1382 1276 πονων
1406 1242 1568 1277 incidunt.

1044 1325 1140 1357 αναγ
1142 1309 1266 1355 κασθή
1271 1322 1372 1345 σεται
1385 1312 1397 1355 ]
1424 1307 1662 1354 ἀναγκασθή-

998 1358 1130 1394 σεσθαι
1173 1359 1258 1392 Lob.
1294 1358 1393 1392 Vind.
1426 1359 1467 1391 B.
1503 1358 1596 1391 Mon.
1621 1358 1662 1390 Β.

998 1407 1077 1440 Vat.
1103 1405 1183 1439 ΒΜ.
1210 1405 1287 1438 Par.
1312 1404 1359 1439 K.
1384 1404 1478 1437 Flor.
1503 1403 1548 1437 U.

1042 1451 1237 1494 τελευτῶν]
1257 1448 1438 1483 τελευτῶν
1457 1449 1544 1483 Lob.
1565 1449 1667 1483 Vind.

997 1499 1072 1532 ΒΕ.
1098 1498 1192 1531 Μοιι.
1221 1498 1261 1529 B.
1286 1497 1362 1529 Ald.
1387 1497 1468 1529 Bas.
1493 1497 1551 1529 ab.

1045 1540 1190 1588 αυτόν]
1216 1539 1278 1577 αὔ.
1304 1542 1404 1577 Vind.
1431 1542 1542 1577 BEF.

1045 1609 1296 1656 ἐγκρίνωμεν]
1344 1607 1440 1654 ἐνκρ.
1488 1610 1588 1646 Vind.
1619 1611 1664 1646 F.
1692 1617 1733 1660 D

996 1659 1176 1703 κρίνωμεν
1208 1658 1292 1691 editi
1335 1660 1415 1691 ante
1457 1658 1664 1700 Bekkernm,

998 1705 1193 1739 tacentibus
1218 1705 1260 1737 de
1285 1704 1362 1736 Par.
1388 1703 1432 1737 K.
1458 1704 1663 1752 Bipontinis.

1043 1751 1207 1795 ζητῶμεν
1237 1750 1317 1783 δεῖν
1345 1746 1464 1793 εἶναι]
1499 1753 1542 1784 εἰ.
1572 1750 1605 1784 δ.
1634 1751 1663 1791 ζ.

996 1798 1088 1831 F101.
1114 1798 1159 1830 T.
1209 1797 1275 1830 Pro
1301 1795 1380 1829 δεῖν
1407 1796 1487 1828 Ven.
1512 1795 1550 1829 B.
1575 1807 1665 1830 am.

997 1856 1050 1891 pr.
1077 1846 1113 1876 et
1138 1843 1237 1877 Vind.
1263 1842 1306 1876 Ε.
1332 1842 1392 1875 δεῖ
1412 1842 1553 1921 babenb.

1043 1887 1142 1933 μὴν]
1167 1885 1216 1934 μή
1241 1889 1321 1922 Par.
1346 1891 1388 1923 A.
1413 1889 1553 1931 Ang.B
1557 1915 1566 1922 .
1591 1888 1663 1922 edi-

998 1936 1107 1969 tiones
1132 1938 1210 1968 ante
1234 1935 1448 1976 Bekkerum‚
1469 1934 1666 1969 tacentibus

998 1982 1063 2026 Bip
1067 1981 1210 2022 ontinis,
1236 1980 1326 2025 quod
1345 1980 1462 2014 Astius
1484 1981 1518 2013 in
1543 1991 1663 2014 comm.

1000 1995 1063 2062 adp
1067 2027 1110 2061 L.
1137 2028 1164 2060 Ι.
1190 2039 1223 2071 p.
1248 2028 1328 2061 365.
1354 2026 1397 2060 ad
1431 2026 1560 2082 φῶμεν
1591 2029 1664 2060 tum

999 2074 1177 2130 vulgatum
1213 2074 1386 2114 referens,
1433 2072 1463 2105 si
1506 2068 1554 2105 div
1589 2083 1665 2105 cum

1001 2117 1115 2153 ε’λκειν
1138 2119 1493 2159 const1uebat‚recte
1516 2118 1588 2151 sine
1611 2120 1665 2151 of-

999 2165 1153 2199 fensione
1176 2165 1266 2204 tulit,
1290 2143 1440 2208 ferrique
1458 2164 1557 2198 etiam
1575 2176 1665 2198 nunc

999 2216 1138 2256 recepto
1163 2210 1317 2254 optativo
1342 2212 1480 2253 φαῖμεν
1504 2210 1546 2243 ad
1570 2221 1665 2244 eum—

1000 2269 1067 2300 que
1099 2257 1229 2299 relata,
1270 2260 1308 2289 ut
1340 2257 1460 2297 debet,
1495 2256 1664 2301 particula

1000 2302 1049 2337 ἂν
1072 2306 1210 2347 posset,
1241 2301 1269 2335 si
1295 2302 1457 2336 Socrates
1479 2303 1664 2336 verendum

1000 2353 1164 2393 negaret,
1190 2360 1232 2381 ne
1249 2349 1329 2381 illud
1355 2348 1468 2393 aliqua
1496 2348 1664 2382 conditio-

1000 2407 1043 2429 ne
1068 2395 1240 2440 proposita
1265 2398 1417 2427 statuere
1431 2400 1579 2439 possent.
1606 2394 1661 2428 Cf.

1000 2442 1076 2474 Vol.
1099 2441 1127 2474 I.
1154 2453 1186 2485 p.
1215 2442 1294 2482 116,
1319 2441 1352 2473 b.
1400 2441 1470 2474 Sed
1494 2440 1663 2474 conditio-

1000 2487 1052 2520 nis
1084 2486 1290 2531 significatio
1324 2486 1388 2520 etsi
1427 2498 1493 2519 non
1527 2487 1659 2520 omnino

1000 2533 1137 2577 inepta
1171 2537 1284 2566 tamen
1307 2544 1375 2566 non
1397 2532 1447 2565 ita
1470 2533 1664 2566 necessaria

1001 2579 1036 2612 h.
1061 2580 1082 2612 l.
1108 2583 1206 2620 erat,
1229 2583 1268 2612 ut
1292 2579 1437 2612 dictione
1460 2578 1566 2612 minus
1591 2577 1663 2612 usi-

1001 2629 1075 2659 tata
1101 2623 1147 2659 ov'
1174 2622 1222 2668 μὴ
1255 2627 1391 2668 φαῖμεν
1420 2619 1467 2657 &v
1494 2625 1546 2657 uti
1577 2624 1662 2658 scri-

1001 2675 1132 2716 ptorem
1157 2683 1259 2714 coge}
1262 2676 1306 2704 et
1357 2671 1479 2715 Neque
1502 2682 1584 2705 vero
1603 2682 1662 2703 co—

1002 2717 1093 2751 dices
1124 2729 1279 2773 magnam
1320 2716 1569 2750 dubitationem
1605 2728 1662 2750 re-

1000 2763 1172 2809 linquunt.
1217 2759 1310 2797 ’Au'
1335 2759 1383 2797 ον’
1399 2760 1474 2807 μὴν
1497 2765 1662 2808 sequente
