<?xml version="1.0" encoding="UTF-8"?>
<!DOCTYPE html PUBLIC "-//W3C//DTD XHTML 1.0 Transitional//EN"
    "http://www.w3.org/TR/xhtml1/DTD/xhtml1-transitional.dtd">
<html xmlns="http://www.w3.org/1999/xhtml" xml:lang="en" lang="en">
 <head>
  <title>
</title>
<meta http-equiv="Content-Type" content="text/html;charset=utf-8" />
  <meta name='ocr-system' content='tesseract 3.04.00' />
  <meta name='ocr-capabilities' content='ocr_page ocr_carea ocr_par ocr_line ocrx_word'/>
</head>
<body>
  <div class='ocr_page' id='page_1' title='image "./operagraecerecen02platuoft_0234.png"; bbox 0 0 1807 3219; ppageno 0'>
   <div class='ocr_carea' id='block_1_1' title="bbox 280 155 361 196">
    <p class='ocr_par' dir='ltr' id='par_1_1' title="bbox 280 155 361 196">
     <span class='ocr_line' id='line_1_1' title="bbox 280 155 361 196; baseline -0.025 0"><span class='ocrx_word' id='word_1_1' title='bbox 280 155 361 196; x_wconf 72' lang='lat'>172</span> 
     </span>
    </p>
   </div>
   <div class='ocr_carea' id='block_1_2' title="bbox 724 141 1200 184">
    <p class='ocr_par' dir='ltr' id='par_1_2' title="bbox 724 141 1200 184">
     <span class='ocr_line' id='line_1_2' title="bbox 724 141 1200 184; baseline -0.006 0"><span class='ocrx_word' id='word_1_2' title='bbox 724 141 1200 184; x_wconf 77' lang='lat' dir='ltr'><strong>PLATONIS</strong></span> 
     </span>
    </p>
   </div>
   <div class='ocr_carea' id='block_1_3' title="bbox 219 243 1665 725">
    <p class='ocr_par' dir='ltr' id='par_1_3' title="bbox 219 243 1665 725">
     <span class='ocr_line' id='line_1_3' title="bbox 278 243 1659 315; baseline -0.014 -9"><span class='ocrx_word' id='word_1_3' title='bbox 278 264 408 307; x_wconf 78' lang='grc' dir='ltr'><em>εἴωθε</em></span> <span class='ocrx_word' id='word_1_4' title='bbox 447 257 741 315; x_wconf 77' lang='grc' dir='ltr'><em>φθέγγεσθαι,</em></span> <span class='ocrx_word' id='word_1_5' title='bbox 796 253 870 297; x_wconf 81' lang='grc' dir='ltr'><em>καὶ</em></span> <span class='ocrx_word' id='word_1_6' title='bbox 920 254 1017 304; x_wconf 77' lang='grc' dir='ltr'><em>οἵας</em></span> <span class='ocrx_word' id='word_1_7' title='bbox 1060 245 1118 296; x_wconf 81' lang='grc' dir='ltr'><em>αὗ</em></span> <span class='ocrx_word' id='word_1_8' title='bbox 1167 248 1302 294; x_wconf 76' lang='grc' dir='ltr'><em>ἄλλου</em></span> <span class='ocrx_word' id='word_1_9' title='bbox 1352 243 1659 304; x_wconf 79' lang='grc' dir='ltr'><em>φθεγγομένου</em></span> 
     </span>
     <span class='ocr_line' id='line_1_4' title="bbox 278 311 1660 387; baseline -0.014 -14"><span class='ocrx_word' id='word_1_10' title='bbox 278 328 519 387; x_wconf 80' lang='grc' dir='ltr'><em>ἡμεροῦταί</em></span> <span class='ocrx_word' id='word_1_11' title='bbox 547 341 591 368; x_wconf 88' lang='grc' dir='ltr'>τε</span> <span class='ocrx_word' id='word_1_12' title='bbox 620 324 694 368; x_wconf 80' lang='grc' dir='ltr'><em>καὶ</em></span> <span class='ocrx_word' id='word_1_13' title='bbox 715 321 950 378; x_wconf 86' lang='grc' dir='ltr'><em>οἷγριαίνει,</em></span> <span class='ocrx_word' id='word_1_14' title='bbox 981 318 1250 376; x_wconf 79' lang='grc' dir='ltr'><em>καταμαθών</em></span> <span class='ocrx_word' id='word_1_15' title='bbox 1278 317 1323 362; x_wconf 79' lang='grc' dir='ltr'><em>δὲ</em></span> <span class='ocrx_word' id='word_1_16' title='bbox 1351 319 1488 359; x_wconf 86' lang='grc' dir='ltr'><em>ταῦτα</em></span> <span class='ocrx_word' id='word_1_17' title='bbox 1518 311 1660 356; x_wconf 81' lang='grc' dir='ltr'><em>πάντα</em></span> 
     </span>
     <span class='ocr_line' id='line_1_5' title="bbox 277 381 1663 452; baseline -0.013 -11"><span class='ocrx_word' id='word_1_18' title='bbox 277 397 493 452; x_wconf 75' lang='grc' dir='ltr'><em>ξυνουσίᾳ</em></span> <span class='ocrx_word' id='word_1_19' title='bbox 531 409 576 437; x_wconf 92' lang='grc' dir='ltr'>τε</span> <span class='ocrx_word' id='word_1_20' title='bbox 617 392 692 435; x_wconf 86' lang='grc' dir='ltr'><em>καὶ</em></span> <span class='ocrx_word' id='word_1_21' title='bbox 726 388 890 446; x_wconf 87' lang='grc' dir='ltr'><em>χρόνου</em></span> <span class='ocrx_word' id='word_1_22' title='bbox 928 393 1056 445; x_wconf 81' lang='grc' dir='ltr'><em>τριβῇ</em></span> <span class='ocrx_word' id='word_1_23' title='bbox 1098 389 1262 443; x_wconf 86' lang='grc' dir='ltr'><em>σοφίαν</em></span> <span class='ocrx_word' id='word_1_24' title='bbox 1293 402 1336 429; x_wconf 87' lang='grc' dir='ltr'>τε</span> <span class='ocrx_word' id='word_1_25' title='bbox 1366 382 1557 428; x_wconf 81' lang='grc' dir='ltr'><em>καλέσειε</em></span> <span class='ocrx_word' id='word_1_26' title='bbox 1588 381 1663 424; x_wconf 82' lang='grc' dir='ltr'><em>καὶ</em></span> 
     </span>
     <span class='ocr_line' id='line_1_6' title="bbox 279 453 1663 520; baseline -0.012 -11"><span class='ocrx_word' id='word_1_27' title='bbox 279 464 337 516; x_wconf 80' lang='grc' dir='ltr'>ὥς</span> <span class='ocrx_word' id='word_1_28' title='bbox 368 465 520 520; x_wconf 79' lang='grc' dir='ltr'><em>τέχνην</em></span> <span class='ocrx_word' id='word_1_29' title='bbox 551 459 876 516; x_wconf 78' lang='grc' dir='ltr'><em>συστησάμενος</em></span> <span class='ocrx_word' id='word_1_30' title='bbox 908 457 976 500; x_wconf 74' lang='grc' dir='ltr'>ἐπὶ</span> <span class='ocrx_word' id='word_1_31' title='bbox 1007 457 1290 500; x_wconf 82' lang='grc' dir='ltr'><em>διδασκαλίαν</em></span> <span class='ocrx_word' id='word_1_32' title='bbox 1318 453 1543 507; x_wconf 82' lang='grc' dir='ltr'><em>τρέποιτο,</em></span> <span class='ocrx_word' id='word_1_33' title='bbox 1582 465 1663 505; x_wconf 86' lang='grc' dir='ltr'><em>μη-</em></span> 
     </span>
     <span class='ocr_line' id='line_1_7' title="bbox 279 512 1663 588; baseline -0.012 -11"><span class='ocrx_word' id='word_1_34' title='bbox 279 534 354 577; x_wconf 78' lang='grc' dir='ltr'>δὲν</span> <span class='ocrx_word' id='word_1_35' title='bbox 386 532 510 582; x_wconf 73' lang='grc' dir='ltr'><em>εἰδώς</em></span> <span class='ocrx_word' id='word_1_36' title='bbox 537 535 591 588; x_wconf 82' lang='grc' dir='ltr'>τῇ</span> <span class='ocrx_word' id='word_1_37' title='bbox 623 528 805 585; x_wconf 78' lang='grc' dir='ltr'><em>ἀληθείᾳ</em></span> <span class='ocrx_word' id='word_1_38' title='bbox 834 526 1003 570; x_wconf 87' lang='grc' dir='ltr'><em>τούτων</em></span> <span class='ocrx_word' id='word_1_39' title='bbox 1035 529 1125 568; x_wconf 76' lang='grc' dir='ltr'>τῶν</span> <span class='ocrx_word' id='word_1_40' title='bbox 1156 522 1386 579; x_wconf 81' lang='grc' dir='ltr'><em>δογμάτων</em></span> <span class='ocrx_word' id='word_1_41' title='bbox 1409 537 1454 564; x_wconf 89' lang='grc' dir='ltr'>τε</span> <span class='ocrx_word' id='word_1_42' title='bbox 1478 512 1550 562; x_wconf 80' lang='grc' dir='ltr'><em>καὶ</em></span> <span class='ocrx_word' id='word_1_43' title='bbox 1572 518 1663 561; x_wconf 82' lang='grc' dir='ltr'><em>ἐπι-</em></span> 
     </span>
     <span class='ocr_line' id='line_1_8' title="bbox 277 585 1657 658; baseline -0.012 -12"><span class='ocrx_word' id='word_1_44' title='bbox 277 605 480 658; x_wconf 78' lang='grc' dir='ltr'><em>θυμιῶν,</em></span> <span class='ocrx_word' id='word_1_45' title='bbox 513 599 580 643; x_wconf 85' lang='grc' dir='ltr'><em>ὅτι</em></span> <span class='ocrx_word' id='word_1_46' title='bbox 609 596 746 642; x_wconf 85' lang='grc' dir='ltr'><em>καλὸν</em></span> <span class='ocrx_word' id='word_1_47' title='bbox 773 595 800 651; x_wconf 80' lang='grc' dir='ltr'><strong><em>ἢ</em></strong></span> <span class='ocrx_word' id='word_1_48' title='bbox 831 593 1013 650; x_wconf 84' lang='grc' dir='ltr'><em>αἰσχρὸν</em></span> <span class='ocrx_word' id='word_1_49' title='bbox 1045 592 1074 650; x_wconf 77' lang='grc' dir='ltr'><strong><em>ἢ</em></strong></span> <span class='ocrx_word' id='word_1_50' title='bbox 1105 590 1278 647; x_wconf 76' lang='grc' dir='ltr'><em>ἀγαθόν</em></span> <span class='ocrx_word' id='word_1_51' title='bbox 1310 589 1338 646; x_wconf 85' lang='grc' dir='ltr'><em>ἢ</em></span> <span class='ocrx_word' id='word_1_52' title='bbox 1365 587 1503 632; x_wconf 87' lang='grc' dir='ltr'><em>κακὸν</em></span> <span class='ocrx_word' id='word_1_53' title='bbox 1533 585 1562 643; x_wconf 73' lang='grc' dir='ltr'><em>ἦ</em></span> <span class='ocrx_word' id='word_1_54' title='bbox 1592 586 1657 629; x_wconf 81' lang='grc' dir='ltr'><em>δί-</em></span> 
     </span>
     <span class='ocr_line' id='line_1_9' title="bbox 219 655 1665 725; baseline -0.014 -9"><span class='ocrx_word' id='word_1_55' title='bbox 219 677 252 720; x_wconf 92' lang='lat' dir='ltr'>C</span> <span class='ocrx_word' id='word_1_56' title='bbox 282 687 412 716; x_wconf 86' lang='grc' dir='ltr'><em>καιον</em></span> <span class='ocrx_word' id='word_1_57' title='bbox 440 669 470 725; x_wconf 78' lang='grc' dir='ltr'><em>ἢ</em></span> <span class='ocrx_word' id='word_1_58' title='bbox 498 667 676 718; x_wconf 76' lang='grc' dir='ltr'><em>ἄδικον,</em></span> <span class='ocrx_word' id='word_1_59' title='bbox 707 663 916 719; x_wconf 80' lang='grc' dir='ltr'><em>ὀνομάζοι</em></span> <span class='ocrx_word' id='word_1_60' title='bbox 947 662 992 706; x_wconf 81' lang='grc' dir='ltr'><em>δὲ</em></span> <span class='ocrx_word' id='word_1_61' title='bbox 1022 660 1164 704; x_wconf 75' lang='grc' dir='ltr'><em>πάντα</em></span> <span class='ocrx_word' id='word_1_62' title='bbox 1193 662 1330 702; x_wconf 81' lang='grc' dir='ltr'><em>ταῦτα</em></span> <span class='ocrx_word' id='word_1_63' title='bbox 1361 657 1429 701; x_wconf 78' lang='grc' dir='ltr'>ἐπὶ</span> <span class='ocrx_word' id='word_1_64' title='bbox 1459 660 1553 706; x_wconf 83' lang='grc' dir='ltr'><em>ταῖς</em></span> <span class='ocrx_word' id='word_1_65' title='bbox 1581 655 1665 695; x_wconf 82' lang='grc' dir='ltr'>τοῦ</span> 
     </span>
    </p>
   </div>
   <div class='ocr_carea' id='block_1_4' title="bbox 278 727 967 796">
    <p class='ocr_par' dir='ltr' id='par_1_4' title="bbox 278 727 967 796">
     <span class='ocr_line' id='line_1_10' title="bbox 278 727 967 796; baseline -0.015 -13"><span class='ocrx_word' id='word_1_66' title='bbox 278 737 471 796; x_wconf 80' lang='grc' dir='ltr'><em>μεγάλου</em></span> <span class='ocrx_word' id='word_1_67' title='bbox 516 733 631 790; x_wconf 75' lang='grc' dir='ltr'>ζῶου</span> <span class='ocrx_word' id='word_1_68' title='bbox 671 731 842 785; x_wconf 80' lang='grc' dir='ltr'><em>δόξαις,</em></span> <span class='ocrx_word' id='word_1_69' title='bbox 901 727 967 782; x_wconf 84' lang='grc' dir='ltr'>οἷς</span> 
     </span>
    </p>
   </div>
   <div class='ocr_carea' id='block_1_5' title="bbox 263 877 968 2858">
    <p class='ocr_par' dir='ltr' id='par_1_5' title="bbox 263 877 968 2858">
     <span class='ocr_line' id='line_1_11' title="bbox 280 877 946 933; baseline -0.014 -9"><span class='ocrx_word' id='word_1_70' title='bbox 280 889 360 924; x_wconf 86' lang='lat' dir='ltr'>Nisi</span> <span class='ocrx_word' id='word_1_71' title='bbox 390 887 568 933; x_wconf 74' lang='lat' dir='ltr'>sequentia</span> <span class='ocrx_word' id='word_1_72' title='bbox 605 885 689 925; x_wconf 74' lang='grc' dir='ltr'><em>οἵας</em></span> <span class='ocrx_word' id='word_1_73' title='bbox 737 877 789 918; x_wconf 74' lang='grc' dir='ltr'><em>αὖ</em></span> <span class='ocrx_word' id='word_1_74' title='bbox 832 878 946 917; x_wconf 70' lang='grc' dir='ltr'><em>ἄλλον</em></span> 
     </span>
     <span class='ocr_line' id='line_1_12' title="bbox 281 928 948 980; baseline -0.013 -10"><span class='ocrx_word' id='word_1_75' title='bbox 281 932 539 980; x_wconf 75' lang='grc' dir='ltr'><em>φθεγγομένου</em></span> <span class='ocrx_word' id='word_1_76' title='bbox 552 939 702 966; x_wconf 87' lang='lat' dir='ltr'>nostrum</span> <span class='ocrx_word' id='word_1_77' title='bbox 714 928 948 974; x_wconf 73' lang='grc' dir='ltr'><em>φθέγγεσθαι</em></span> 
     </span>
     <span class='ocr_line' id='line_1_13' title="bbox 282 977 947 1025; baseline -0.012 -10"><span class='ocrx_word' id='word_1_78' title='bbox 282 982 327 1015; x_wconf 90' lang='lat' dir='ltr'>ad</span> <span class='ocrx_word' id='word_1_79' title='bbox 350 981 459 1025; x_wconf 87' lang='lat' dir='ltr'>ipsum</span> <span class='ocrx_word' id='word_1_80' title='bbox 485 979 607 1013; x_wconf 85' lang='lat' dir='ltr'>animal</span> <span class='ocrx_word' id='word_1_81' title='bbox 631 977 754 1011; x_wconf 83' lang='lat' dir='ltr'>referri</span> <span class='ocrx_word' id='word_1_82' title='bbox 777 977 947 1015; x_wconf 85' lang='lat' dir='ltr'>iuberent,</span> 
     </span>
     <span class='ocr_line' id='line_1_14' title="bbox 283 1022 946 1070; baseline -0.014 -9"><span class='ocrx_word' id='word_1_83' title='bbox 283 1024 341 1070; x_wconf 73' lang='grc' dir='ltr'>ἐφ’</span> <span class='ocrx_word' id='word_1_84' title='bbox 376 1024 431 1065; x_wconf 81' lang='grc' dir='ltr'>οἷς</span> <span class='ocrx_word' id='word_1_85' title='bbox 461 1023 613 1063; x_wconf 73' lang='grc' dir='ltr'><em>ἕκαστος</em></span> <span class='ocrx_word' id='word_1_86' title='bbox 643 1022 785 1058; x_wconf 86' lang='lat' dir='ltr'>retineri</span> <span class='ocrx_word' id='word_1_87' title='bbox 817 1025 852 1055; x_wconf 90' lang='lat' dir='ltr'>et</span> <span class='ocrx_word' id='word_1_88' title='bbox 884 1031 946 1065; x_wconf 87' lang='lat' dir='ltr'>pro</span> 
     </span>
     <span class='ocr_line' id='line_1_15' title="bbox 283 1067 947 1111; baseline -0.012 -4"><span class='ocrx_word' id='word_1_89' title='bbox 283 1071 346 1108; x_wconf 78' lang='grc' dir='ltr'>ἐπὶ</span> <span class='ocrx_word' id='word_1_90' title='bbox 366 1071 517 1111; x_wconf 80' lang='grc' dir='ltr'><em>τούτοις</em></span> <span class='ocrx_word' id='word_1_91' title='bbox 536 1067 560 1105; x_wconf 74' lang='grc' dir='ltr'><em>ἃ</em></span> <span class='ocrx_word' id='word_1_92' title='bbox 583 1069 734 1108; x_wconf 74' lang='grc' dir='ltr'><em>ἕκαστος</em></span> <span class='ocrx_word' id='word_1_93' title='bbox 758 1067 868 1111; x_wconf 88' lang='lat' dir='ltr'>accipi</span> <span class='ocrx_word' id='word_1_94' title='bbox 893 1069 947 1100; x_wconf 88' lang='lat' dir='ltr'>at-</span> 
     </span>
     <span class='ocr_line' id='line_1_16' title="bbox 283 1112 947 1165; baseline -0.014 -11"><span class='ocrx_word' id='word_1_95' title='bbox 283 1132 351 1165; x_wconf 88' lang='lat' dir='ltr'>que</span> <span class='ocrx_word' id='word_1_96' title='bbox 374 1120 426 1153; x_wconf 86' lang='lat' dir='ltr'>ita</span> <span class='ocrx_word' id='word_1_97' title='bbox 449 1117 613 1162; x_wconf 87' lang='lat' dir='ltr'>explicari</span> <span class='ocrx_word' id='word_1_98' title='bbox 636 1119 776 1162; x_wconf 86' lang='lat' dir='ltr'>posset,</span> <span class='ocrx_word' id='word_1_99' title='bbox 812 1118 852 1147; x_wconf 90' lang='lat' dir='ltr'>ut</span> <span class='ocrx_word' id='word_1_100' title='bbox 875 1112 947 1147; x_wconf 89' lang='lat' dir='ltr'>ani-</span> 
     </span>
     <span class='ocr_line' id='line_1_17' title="bbox 282 1160 947 1206; baseline -0.015 -6"><span class='ocrx_word' id='word_1_101' title='bbox 282 1166 351 1201; x_wconf 84' lang='lat' dir='ltr'>mal</span> <span class='ocrx_word' id='word_1_102' title='bbox 374 1166 418 1198; x_wconf 89' lang='lat' dir='ltr'>ad</span> <span class='ocrx_word' id='word_1_103' title='bbox 442 1176 500 1205; x_wconf 89' lang='lat' dir='ltr'>ea,</span> <span class='ocrx_word' id='word_1_104' title='bbox 532 1175 622 1206; x_wconf 90' lang='lat' dir='ltr'>quae</span> <span class='ocrx_word' id='word_1_105' title='bbox 652 1162 794 1206; x_wconf 87' lang='lat' dir='ltr'>quisque</span> <span class='ocrx_word' id='word_1_106' title='bbox 819 1160 947 1193; x_wconf 87' lang='lat' dir='ltr'>adeun-</span> 
     </span>
     <span class='ocr_line' id='line_1_18' title="bbox 284 1206 946 1256; baseline -0.012 -11"><span class='ocrx_word' id='word_1_107' title='bbox 284 1213 369 1246; x_wconf 85' lang='lat' dir='ltr'><strong>tium</strong></span> <span class='ocrx_word' id='word_1_108' title='bbox 393 1210 613 1256; x_wconf 88' lang='lat' dir='ltr'>pronuntiare</span> <span class='ocrx_word' id='word_1_109' title='bbox 635 1208 755 1248; x_wconf 78' lang='lat' dir='ltr'><strong>soleat,</strong></span> <span class='ocrx_word' id='word_1_110' title='bbox 779 1210 815 1239; x_wconf 90' lang='lat' dir='ltr'>et</span> <span class='ocrx_word' id='word_1_111' title='bbox 836 1206 946 1250; x_wconf 85' lang='lat' dir='ltr'>ipsum</span> 
     </span>
     <span class='ocr_line' id='line_1_19' title="bbox 282 1252 946 1302; baseline -0.011 -10"><span class='ocrx_word' id='word_1_112' title='bbox 282 1269 386 1292; x_wconf 85' lang='lat' dir='ltr'>voces</span> <span class='ocrx_word' id='word_1_113' title='bbox 411 1256 575 1302; x_wconf 85' lang='lat' dir='ltr'>quasdam</span> <span class='ocrx_word' id='word_1_114' title='bbox 605 1254 762 1288; x_wconf 77' lang='lat' dir='ltr'>emittere</span> <span class='ocrx_word' id='word_1_115' title='bbox 799 1252 946 1285; x_wconf 80' lang='lat' dir='ltr'>dicatur.</span> 
     </span>
     <span class='ocr_line' id='line_1_20' title="bbox 283 1297 946 1338; baseline -0.014 0"><span class='ocrx_word' id='word_1_116' title='bbox 283 1304 334 1338; x_wconf 87' lang='lat' dir='ltr'>Ac</span> <span class='ocrx_word' id='word_1_117' title='bbox 369 1304 482 1337; x_wconf 89' lang='lat' dir='ltr'>nescio</span> <span class='ocrx_word' id='word_1_118' title='bbox 520 1313 563 1334; x_wconf 90' lang='lat' dir='ltr'>an</span> <span class='ocrx_word' id='word_1_119' title='bbox 594 1312 659 1334; x_wconf 91' lang='lat' dir='ltr'>non</span> <span class='ocrx_word' id='word_1_120' title='bbox 685 1300 782 1332; x_wconf 89' lang='lat' dir='ltr'>aliter</span> <span class='ocrx_word' id='word_1_121' title='bbox 805 1297 946 1331; x_wconf 88' lang='lat' dir='ltr'>Ficinus</span> 
     </span>
     <span class='ocr_line' id='line_1_21' title="bbox 283 1346 947 1391; baseline -0.012 -7"><span class='ocrx_word' id='word_1_122' title='bbox 283 1351 370 1384; x_wconf 87' lang='lat' dir='ltr'>haec</span> <span class='ocrx_word' id='word_1_123' title='bbox 414 1347 558 1391; x_wconf 71' lang='lat' dir='ltr'>intelligi</span> <span class='ocrx_word' id='word_1_124' title='bbox 596 1346 742 1380; x_wconf 84' lang='lat' dir='ltr'>voluerit</span> <span class='ocrx_word' id='word_1_125' title='bbox 776 1349 811 1378; x_wconf 88' lang='lat' dir='ltr'>et</span> <span class='ocrx_word' id='word_1_126' title='bbox 848 1355 947 1376; x_wconf 82' lang='lat' dir='ltr'>voces</span> 
     </span>
     <span class='ocr_line' id='line_1_22' title="bbox 284 1390 946 1440; baseline -0.014 -10"><span class='ocrx_word' id='word_1_127' title='bbox 284 1397 474 1440; x_wconf 72' lang='lat' dir='ltr'>exprimere</span> <span class='ocrx_word' id='word_1_128' title='bbox 504 1406 546 1427; x_wconf 89' lang='lat' dir='ltr'>ea</span> <span class='ocrx_word' id='word_1_129' title='bbox 577 1392 827 1437; x_wconf 83' lang='lat' dir='ltr'>significatione</span> <span class='ocrx_word' id='word_1_130' title='bbox 850 1390 946 1422; x_wconf 85' lang='lat' dir='ltr'>dixe-</span> 
     </span>
     <span class='ocr_line' id='line_1_23' title="bbox 284 1438 948 1486; baseline -0.012 -10"><span class='ocrx_word' id='word_1_131' title='bbox 284 1443 354 1483; x_wconf 85' lang='lat' dir='ltr'>rit,</span> <span class='ocrx_word' id='word_1_132' title='bbox 378 1454 445 1486; x_wconf 88' lang='lat' dir='ltr'>qua</span> <span class='ocrx_word' id='word_1_133' title='bbox 469 1441 511 1474; x_wconf 93' lang='lat' dir='ltr'>ab</span> <span class='ocrx_word' id='word_1_134' title='bbox 537 1439 673 1484; x_wconf 87' lang='lat' dir='ltr'>optimis</span> <span class='ocrx_word' id='word_1_135' title='bbox 697 1438 886 1483; x_wconf 88' lang='lat' dir='ltr'>quibusque</span> <span class='ocrx_word' id='word_1_136' title='bbox 912 1438 948 1468; x_wconf 90' lang='lat' dir='ltr'>et</span> 
     </span>
     <span class='ocr_line' id='line_1_24' title="bbox 285 1483 949 1525; baseline -0.014 -2"><span class='ocrx_word' id='word_1_137' title='bbox 285 1501 308 1523; x_wconf 91' lang='lat' dir='ltr'>a</span> <span class='ocrx_word' id='word_1_138' title='bbox 333 1489 484 1521; x_wconf 82' lang='lat' dir='ltr'>Caesare</span> <span class='ocrx_word' id='word_1_139' title='bbox 509 1486 600 1520; x_wconf 88' lang='lat' dir='ltr'>Gall.</span> <span class='ocrx_word' id='word_1_140' title='bbox 625 1485 665 1519; x_wconf 89' lang='lat' dir='ltr'>L.</span> <span class='ocrx_word' id='word_1_141' title='bbox 684 1485 711 1517; x_wconf 94' lang='lat' dir='ltr'>I.</span> <span class='ocrx_word' id='word_1_142' title='bbox 738 1495 767 1518; x_wconf 89' lang='lat' dir='ltr'>c.</span> <span class='ocrx_word' id='word_1_143' title='bbox 791 1485 847 1518; x_wconf 72' lang='lat'>32.</span> <span class='ocrx_word' id='word_1_144' title='bbox 873 1483 949 1525; x_wconf 80' lang='lat'><strong>§.3.</strong></span> 
     </span>
     <span class='ocr_line' id='line_1_25' title="bbox 286 1529 951 1574; baseline -0.012 -6"><span class='ocrx_word' id='word_1_145' title='bbox 286 1534 412 1568; x_wconf 88' lang='lat' dir='ltr'>dictum</span> <span class='ocrx_word' id='word_1_146' title='bbox 437 1538 502 1567; x_wconf 86' lang='lat' dir='ltr'>est.</span> <span class='ocrx_word' id='word_1_147' title='bbox 562 1532 690 1564; x_wconf 88' lang='lat' dir='ltr'>Verum</span> <span class='ocrx_word' id='word_1_148' title='bbox 714 1534 749 1563; x_wconf 89' lang='lat' dir='ltr'>et</span> <span class='ocrx_word' id='word_1_149' title='bbox 772 1529 951 1574; x_wconf 82' lang='lat' dir='ltr'>sequentia</span> 
     </span>
     <span class='ocr_line' id='line_1_26' title="bbox 286 1575 951 1622; baseline -0.012 -8"><span class='ocrx_word' id='word_1_150' title='bbox 286 1582 449 1621; x_wconf 82' lang='lat' dir='ltr'>obstant,</span> <span class='ocrx_word' id='word_1_151' title='bbox 495 1583 531 1612; x_wconf 92' lang='lat' dir='ltr'>et</span> <span class='ocrx_word' id='word_1_152' title='bbox 563 1577 675 1622; x_wconf 89' lang='lat' dir='ltr'>ipsum</span> <span class='ocrx_word' id='word_1_153' title='bbox 711 1575 824 1610; x_wconf 80' lang='grc' dir='ltr'><em>εἴωθε</em></span> <span class='ocrx_word' id='word_1_154' title='bbox 848 1575 951 1608; x_wconf 88' lang='lat' dir='ltr'>multo</span> 
     </span>
     <span class='ocr_line' id='line_1_27' title="bbox 286 1622 952 1671; baseline -0.012 -10"><span class='ocrx_word' id='word_1_155' title='bbox 286 1628 395 1671; x_wconf 80' lang='lat' dir='ltr'>magis</span> <span class='ocrx_word' id='word_1_156' title='bbox 429 1625 583 1665; x_wconf 75' lang='lat' dir='ltr'>animali,</span> <span class='ocrx_word' id='word_1_157' title='bbox 617 1635 718 1668; x_wconf 88' lang='lat' dir='ltr'>quam</span> <span class='ocrx_word' id='word_1_158' title='bbox 750 1622 952 1655; x_wconf 86' lang='lat' dir='ltr'>adeuntibus</span> 
     </span>
     <span class='ocr_line' id='line_1_28' title="bbox 287 1667 953 1717; baseline -0.012 -10"><span class='ocrx_word' id='word_1_159' title='bbox 287 1672 467 1707; x_wconf 83' lang='lat' dir='ltr'>convenire</span> <span class='ocrx_word' id='word_1_160' title='bbox 499 1675 654 1717; x_wconf 84' lang='lat' dir='ltr'>apparet.</span> <span class='ocrx_word' id='word_1_161' title='bbox 703 1669 814 1710; x_wconf 87' lang='lat' dir='ltr'>Quum</span> <span class='ocrx_word' id='word_1_162' title='bbox 849 1667 953 1710; x_wconf 79' lang='lat' dir='ltr'>igitur</span> 
     </span>
     <span class='ocr_line' id='line_1_29' title="bbox 286 1714 954 1763; baseline -0.01 -12"><span class='ocrx_word' id='word_1_163' title='bbox 286 1719 426 1763; x_wconf 81' lang='lat' dir='ltr'>vulgata</span> <span class='ocrx_word' id='word_1_164' title='bbox 466 1721 501 1751; x_wconf 86' lang='lat' dir='ltr'>et</span> <span class='ocrx_word' id='word_1_165' title='bbox 544 1717 695 1750; x_wconf 87' lang='lat' dir='ltr'>codicum</span> <span class='ocrx_word' id='word_1_166' title='bbox 736 1714 954 1759; x_wconf 70' lang='lat' dir='ltr'>plurimorum</span> 
     </span>
     <span class='ocr_line' id='line_1_30' title="bbox 288 1761 954 1806; baseline -0.012 -8"><span class='ocrx_word' id='word_1_167' title='bbox 288 1765 389 1799; x_wconf 87' lang='lat' dir='ltr'>lectio</span> <span class='ocrx_word' id='word_1_168' title='bbox 422 1765 506 1797; x_wconf 82' lang='lat' dir='ltr'>ferri</span> <span class='ocrx_word' id='word_1_169' title='bbox 538 1774 604 1797; x_wconf 90' lang='lat' dir='ltr'>non</span> <span class='ocrx_word' id='word_1_170' title='bbox 637 1774 736 1806; x_wconf 85' lang='lat' dir='ltr'>posse</span> <span class='ocrx_word' id='word_1_171' title='bbox 766 1761 954 1799; x_wconf 66' lang='lat' dir='ltr'>w’deretur,</span> 
     </span>
     <span class='ocr_line' id='line_1_31' title="bbox 289 1806 954 1856; baseline -0.012 -12"><span class='ocrx_word' id='word_1_172' title='bbox 289 1822 392 1856; x_wconf 90' lang='lat' dir='ltr'>quam</span> <span class='ocrx_word' id='word_1_173' title='bbox 415 1810 551 1843; x_wconf 90' lang='lat' dir='ltr'>minime</span> <span class='ocrx_word' id='word_1_174' title='bbox 585 1809 628 1841; x_wconf 85' lang='lat' dir='ltr'>ab</span> <span class='ocrx_word' id='word_1_175' title='bbox 654 1820 694 1841; x_wconf 88' lang='lat' dir='ltr'>ea</span> <span class='ocrx_word' id='word_1_176' title='bbox 717 1806 954 1841; x_wconf 75' lang='lat' dir='ltr'>discedendum</span> 
     </span>
     <span class='ocr_line' id='line_1_32' title="bbox 288 1853 954 1891; baseline -0.012 0"><span class='ocrx_word' id='word_1_177' title='bbox 288 1861 325 1891; x_wconf 89' lang='lat' dir='ltr'>et</span> <span class='ocrx_word' id='word_1_178' title='bbox 348 1857 532 1891; x_wconf 87' lang='lat' dir='ltr'>secundum</span> <span class='ocrx_word' id='word_1_179' title='bbox 561 1855 685 1888; x_wconf 85' lang='lat' dir='ltr'>librum</span> <span class='ocrx_word' id='word_1_180' title='bbox 715 1853 805 1887; x_wconf 82' lang='lat' dir='ltr'>haud</span> <span class='ocrx_word' id='word_1_181' title='bbox 837 1855 954 1885; x_wconf 73' lang='lat' dir='ltr'>conte-</span> 
     </span>
     <span class='ocr_line' id='line_1_33' title="bbox 288 1896 954 1944; baseline -0.012 -7"><span class='ocrx_word' id='word_1_182' title='bbox 288 1903 465 1937; x_wconf 82' lang='lat' dir='ltr'>mnendum</span> <span class='ocrx_word' id='word_1_183' title='bbox 501 1898 674 1935; x_wconf 71' lang='grc' dir='ltr'><em>ἑκάστοτε</em></span> <span class='ocrx_word' id='word_1_184' title='bbox 706 1911 768 1944; x_wconf 88' lang='lat' dir='ltr'>pro</span> <span class='ocrx_word' id='word_1_185' title='bbox 804 1896 954 1935; x_wconf 76' lang='grc' dir='ltr'><em>ἕκαστος</em></span> 
     </span>
     <span class='ocr_line' id='line_1_34' title="bbox 263 1948 953 1994; baseline -0.012 -11"><span class='ocrx_word' id='word_1_186' title='bbox 263 1949 531 1994; x_wconf 68' lang='lat' dir='ltr'>scribendum,</span> <span class='ocrx_word' id='word_1_187' title='bbox 587 1948 827 1981; x_wconf 86' lang='lat' dir='ltr'>Monacensem</span> <span class='ocrx_word' id='word_1_188' title='bbox 874 1954 953 1976; x_wconf 88' lang='lat' dir='ltr'>vero</span> 
     </span>
     <span class='ocr_line' id='line_1_35' title="bbox 289 1990 955 2038; baseline -0.012 -9"><span class='ocrx_word' id='word_1_189' title='bbox 289 1995 557 2029; x_wconf 81' lang='lat' dir='ltr'>emendationem</span> <span class='ocrx_word' id='word_1_190' title='bbox 588 1993 744 2038; x_wconf 85' lang='lat' dir='ltr'>quamvis</span> <span class='ocrx_word' id='word_1_191' title='bbox 767 1990 955 2036; x_wconf 86' lang='lat' dir='ltr'>speciosam</span> 
     </span>
     <span class='ocr_line' id='line_1_36' title="bbox 291 2034 955 2087; baseline -0.012 -12"><span class='ocrx_word' id='word_1_192' title='bbox 291 2041 410 2087; x_wconf 85' lang='lat' dir='ltr'>procul</span> <span class='ocrx_word' id='word_1_193' title='bbox 434 2040 620 2074; x_wconf 86' lang='lat' dir='ltr'>habendam</span> <span class='ocrx_word' id='word_1_194' title='bbox 644 2037 772 2083; x_wconf 84' lang='lat' dir='ltr'>putavi.</span> <span class='ocrx_word' id='word_1_195' title='bbox 815 2034 889 2078; x_wconf 82' lang='grc' dir='ltr'><em>οἷς,</em></span> <span class='ocrx_word' id='word_1_196' title='bbox 914 2040 955 2068; x_wconf 91' lang='lat' dir='ltr'>ut</span> 
     </span>
     <span class='ocr_line' id='line_1_37' title="bbox 288 2082 956 2128; baseline -0.01 -7"><span class='ocrx_word' id='word_1_197' title='bbox 288 2088 386 2123; x_wconf 88' lang='lat' dir='ltr'>initio</span> <span class='ocrx_word' id='word_1_198' title='bbox 421 2087 521 2120; x_wconf 87' lang='lat' dir='ltr'>huius</span> <span class='ocrx_word' id='word_1_199' title='bbox 554 2085 634 2119; x_wconf 90' lang='lat' dir='ltr'>libri</span> <span class='ocrx_word' id='word_1_200' title='bbox 669 2084 727 2127; x_wconf 83' lang='grc' dir='ltr'>οῖ’,</span> <span class='ocrx_word' id='word_1_201' title='bbox 770 2095 833 2128; x_wconf 83' lang='lat' dir='ltr'>pro</span> <span class='ocrx_word' id='word_1_202' title='bbox 859 2082 956 2120; x_wconf 83' lang='grc' dir='ltr'><em>οἵοις</em></span> 
     </span>
     <span class='ocr_line' id='line_1_38' title="bbox 288 2129 951 2180; baseline -0.011 -13"><span class='ocrx_word' id='word_1_203' title='bbox 288 2134 462 2180; x_wconf 77' lang='lat' dir='ltr'>positum,</span> <span class='ocrx_word' id='word_1_204' title='bbox 495 2137 529 2166; x_wconf 89' lang='lat' dir='ltr'>et</span> <span class='ocrx_word' id='word_1_205' title='bbox 562 2142 681 2165; x_wconf 81' lang='lat' dir='ltr'>sensus</span> <span class='ocrx_word' id='word_1_206' title='bbox 713 2131 778 2163; x_wconf 88' lang='lat' dir='ltr'>loci</span> <span class='ocrx_word' id='word_1_207' title='bbox 801 2129 855 2163; x_wconf 86' lang='lat' dir='ltr'>hic</span> <span class='ocrx_word' id='word_1_208' title='bbox 880 2132 951 2161; x_wconf 84' lang='lat' dir='ltr'>est:</span> 
     </span>
     <span class='ocr_line' id='line_1_39' title="bbox 290 2176 955 2224; baseline -0.011 -10"><span class='ocrx_word' id='word_1_209' title='bbox 290 2186 397 2224; x_wconf 77' lang='lat' dir='ltr'>atque</span> <span class='ocrx_word' id='word_1_210' title='bbox 424 2181 530 2213; x_wconf 82' lang='lat' dir='ltr'>etiam</span> <span class='ocrx_word' id='word_1_211' title='bbox 565 2190 663 2212; x_wconf 78' lang='lat' dir='ltr'>voces</span> <span class='ocrx_word' id='word_1_212' title='bbox 705 2176 866 2210; x_wconf 80' lang='lat' dir='ltr'>animalis</span> <span class='ocrx_word' id='word_1_213' title='bbox 898 2186 955 2211; x_wconf 68' lang='lat' dir='ltr'>co.-</span> 
     </span>
     <span class='ocr_line' id='line_1_40' title="bbox 290 2224 954 2271; baseline -0.009 -12"><span class='ocrx_word' id='word_1_214' title='bbox 290 2231 492 2271; x_wconf 63' lang='grc' dir='ltr'>ιιζιιοεσονεί,</span> <span class='ocrx_word' id='word_1_215' title='bbox 512 2226 628 2269; x_wconf 80' lang='lat' dir='ltr'>quibus</span> <span class='ocrx_word' id='word_1_216' title='bbox 649 2224 880 2256; x_wconf 74' lang='lat' dir='ltr'>occasionibus</span> <span class='ocrx_word' id='word_1_217' title='bbox 896 2232 954 2254; x_wconf 83' lang='lat' dir='ltr'>eas</span> 
     </span>
     <span class='ocr_line' id='line_1_41' title="bbox 290 2269 954 2317; baseline -0.011 -11"><span class='ocrx_word' id='word_1_218' title='bbox 290 2273 422 2317; x_wconf 77' lang='lat' dir='ltr'>quoties</span> <span class='ocrx_word' id='word_1_219' title='bbox 450 2273 644 2314; x_wconf 82' lang='lat' dir='ltr'>offerantur</span> <span class='ocrx_word' id='word_1_220' title='bbox 670 2271 807 2303; x_wconf 76' lang='lat' dir='ltr'>‘mittere</span> <span class='ocrx_word' id='word_1_221' title='bbox 829 2269 954 2300; x_wconf 81' lang='lat' dir='ltr'>soleat.</span> 
     </span>
     <span class='ocr_line' id='line_1_42' title="bbox 291 2312 955 2363; baseline -0.011 -12"><span class='ocrx_word' id='word_1_222' title='bbox 291 2318 394 2358; x_wconf 79' lang='lat' dir='ltr'>Quod</span> <span class='ocrx_word' id='word_1_223' title='bbox 419 2318 477 2363; x_wconf 87' lang='lat' dir='ltr'>qui</span> <span class='ocrx_word' id='word_1_224' title='bbox 501 2316 615 2358; x_wconf 73' lang='lat' dir='ltr'>novit,</span> <span class='ocrx_word' id='word_1_225' title='bbox 653 2327 694 2348; x_wconf 85' lang='lat' dir='ltr'>ex</span> <span class='ocrx_word' id='word_1_226' title='bbox 721 2314 860 2347; x_wconf 80' lang='lat' dir='ltr'>vocibus</span> <span class='ocrx_word' id='word_1_227' title='bbox 885 2312 955 2346; x_wconf 92' lang='lat' dir='ltr'>col-</span> 
     </span>
     <span class='ocr_line' id='line_1_43' title="bbox 291 2359 955 2408; baseline -0.009 -11"><span class='ocrx_word' id='word_1_228' title='bbox 291 2364 401 2408; x_wconf 77' lang='lat' dir='ltr'>ligere</span> <span class='ocrx_word' id='word_1_229' title='bbox 425 2367 563 2408; x_wconf 80' lang='lat' dir='ltr'>potest‚</span> <span class='ocrx_word' id='word_1_230' title='bbox 597 2362 678 2407; x_wconf 90' lang='lat' dir='ltr'>quid</span> <span class='ocrx_word' id='word_1_231' title='bbox 703 2360 839 2394; x_wconf 89' lang='lat' dir='ltr'>animali</span> <span class='ocrx_word' id='word_1_232' title='bbox 864 2359 955 2392; x_wconf 81' lang='lat' dir='ltr'>acci-</span> 
     </span>
     <span class='ocr_line' id='line_1_44' title="bbox 290 2405 954 2454; baseline -0.011 -11"><span class='ocrx_word' id='word_1_233' title='bbox 290 2410 382 2443; x_wconf 88' lang='lat' dir='ltr'>derit</span> <span class='ocrx_word' id='word_1_234' title='bbox 414 2414 450 2444; x_wconf 85' lang='lat' dir='ltr'>et</span> <span class='ocrx_word' id='word_1_235' title='bbox 483 2421 549 2454; x_wconf 94' lang='lat' dir='ltr'>quo</span> <span class='ocrx_word' id='word_1_236' title='bbox 581 2408 680 2442; x_wconf 90' lang='lat' dir='ltr'>modo</span> <span class='ocrx_word' id='word_1_237' title='bbox 715 2407 875 2440; x_wconf 79' lang='lat' dir='ltr'>affectum</span> <span class='ocrx_word' id='word_1_238' title='bbox 899 2405 954 2445; x_wconf 89' lang='lat' dir='ltr'>sit,</span> 
     </span>
     <span class='ocr_line' id='line_1_45' title="bbox 290 2450 956 2500; baseline -0.011 -11"><span class='ocrx_word' id='word_1_239' title='bbox 290 2456 396 2500; x_wconf 89' lang='lat' dir='ltr'>idque</span> <span class='ocrx_word' id='word_1_240' title='bbox 431 2455 530 2489; x_wconf 84' lang='lat' dir='ltr'>etiam</span> <span class='ocrx_word' id='word_1_241' title='bbox 566 2454 684 2488; x_wconf 88' lang='lat' dir='ltr'>utilius</span> <span class='ocrx_word' id='word_1_242' title='bbox 718 2452 863 2487; x_wconf 83' lang='lat' dir='ltr'>nutricio</span> <span class='ocrx_word' id='word_1_243' title='bbox 897 2450 956 2483; x_wconf 88' lang='lat' dir='ltr'>isti</span> 
     </span>
     <span class='ocr_line' id='line_1_46' title="bbox 290 2496 968 2546; baseline -0.009 -11"><span class='ocrx_word' id='word_1_244' title='bbox 290 2501 403 2535; x_wconf 77' lang='lat' dir='ltr'>videri</span> <span class='ocrx_word' id='word_1_245' title='bbox 426 2502 544 2542; x_wconf 84' lang='lat' dir='ltr'>debet,</span> <span class='ocrx_word' id='word_1_246' title='bbox 580 2512 681 2546; x_wconf 87' lang='lat' dir='ltr'>quam</span> <span class='ocrx_word' id='word_1_247' title='bbox 704 2510 746 2532; x_wconf 85' lang='lat' dir='ltr'>ex</span> <span class='ocrx_word' id='word_1_248' title='bbox 770 2496 968 2532; x_wconf 89' lang='lat' dir='ltr'>occasioni—.</span> 
     </span>
     <span class='ocr_line' id='line_1_47' title="bbox 291 2547 956 2591; baseline -0.008 -11"><span class='ocrx_word' id='word_1_249' title='bbox 291 2549 356 2581; x_wconf 86' lang='lat' dir='ltr'>bus</span> <span class='ocrx_word' id='word_1_250' title='bbox 382 2547 544 2591; x_wconf 73' lang='lat' dir='ltr'>colligere</span> <span class='ocrx_word' id='word_1_251' title='bbox 579 2557 698 2591; x_wconf 82' lang='lat' dir='ltr'>posse,</span> <span class='ocrx_word' id='word_1_252' title='bbox 733 2556 818 2589; x_wconf 84' lang='lat' dir='ltr'>quas</span> <span class='ocrx_word' id='word_1_253' title='bbox 853 2554 956 2576; x_wconf 79' lang='lat' dir='ltr'>voces</span> 
     </span>
     <span class='ocr_line' id='line_1_48' title="bbox 295 2590 957 2635; baseline -0.008 -8"><span class='ocrx_word' id='word_1_254' title='bbox 295 2594 420 2628; x_wconf 82' lang='lat' dir='ltr'>animal</span> <span class='ocrx_word' id='word_1_255' title='bbox 442 2594 623 2626; x_wconf 86' lang='lat' dir='ltr'>missurum</span> <span class='ocrx_word' id='word_1_256' title='bbox 646 2592 710 2632; x_wconf 87' lang='lat' dir='ltr'>sit,</span> <span class='ocrx_word' id='word_1_257' title='bbox 745 2590 804 2635; x_wconf 90' lang='lat' dir='ltr'>qui</span> <span class='ocrx_word' id='word_1_258' title='bbox 837 2600 957 2623; x_wconf 88' lang='lat' dir='ltr'>sensus</span> 
     </span>
     <span class='ocr_line' id='line_1_49' title="bbox 294 2638 772 2675; baseline -0.008 -1"><span class='ocrx_word' id='word_1_259' title='bbox 294 2639 510 2675; x_wconf 86' lang='lat' dir='ltr'>Monacensis</span> <span class='ocrx_word' id='word_1_260' title='bbox 535 2638 691 2672; x_wconf 84' lang='lat' dir='ltr'>lectionis</span> <span class='ocrx_word' id='word_1_261' title='bbox 710 2642 772 2670; x_wconf 88' lang='lat' dir='ltr'>est.</span> 
     </span>
     <span class='ocr_line' id='line_1_50' title="bbox 342 2680 957 2728; baseline -0.005 -9"><span class='ocrx_word' id='word_1_262' title='bbox 342 2685 448 2728; x_wconf 78' lang='grc' dir='ltr'><em>οἵας]</em></span> <span class='ocrx_word' id='word_1_263' title='bbox 474 2684 572 2724; x_wconf 82' lang='grc' dir='ltr'><em>οἵαις</em></span> <span class='ocrx_word' id='word_1_264' title='bbox 594 2685 688 2718; x_wconf 86' lang='grc' dir='ltr'><em>Μοιι.</em></span> <span class='ocrx_word' id='word_1_265' title='bbox 712 2683 752 2718; x_wconf 88' lang='grc' dir='ltr'>Β.</span> <span class='ocrx_word' id='word_1_266' title='bbox 775 2683 854 2717; x_wconf 85' lang='lat' dir='ltr'>Par.</span> <span class='ocrx_word' id='word_1_267' title='bbox 880 2680 957 2716; x_wconf 86' lang='lat' dir='ltr'>DK.</span> 
     </span>
     <span class='ocr_line' id='line_1_51' title="bbox 294 2727 957 2767; baseline -0.009 -1"><span class='ocrx_word' id='word_1_268' title='bbox 294 2733 374 2767; x_wconf 86' lang='lat' dir='ltr'>Vat.</span> <span class='ocrx_word' id='word_1_269' title='bbox 407 2731 492 2764; x_wconf 85' lang='lat' dir='ltr'>HM.</span> <span class='ocrx_word' id='word_1_270' title='bbox 533 2732 565 2764; x_wconf 86' lang='lat' dir='ltr'>F</span> <span class='ocrx_word' id='word_1_271' title='bbox 569 2731 630 2764; x_wconf 89' lang='lat' dir='ltr'>lor.</span> <span class='ocrx_word' id='word_1_272' title='bbox 664 2731 710 2763; x_wconf 88' lang='lat' dir='ltr'>U.</span> <span class='ocrx_word' id='word_1_273' title='bbox 745 2741 819 2763; x_wconf 87' lang='lat' dir='ltr'>cum</span> <span class='ocrx_word' id='word_1_274' title='bbox 855 2727 957 2762; x_wconf 88' lang='lat' dir='ltr'>editis</span> 
     </span>
     <span class='ocr_line' id='line_1_52' title="bbox 293 2776 958 2858; baseline -0.006 -47"><span class='ocrx_word' id='word_1_275' title='bbox 293 2777 608 2858; x_wconf 50' lang='grc' dir='ltr'><em>ἓιιὶςιΒεΜςει-ωιι,</em></span> <span class='ocrx_word' id='word_1_276' title='bbox 632 2776 720 2822; x_wconf 88' lang='lat' dir='ltr'>quod</span> <span class='ocrx_word' id='word_1_277' title='bbox 746 2787 855 2820; x_wconf 85' lang='lat' dir='ltr'>aeque</span> <span class='ocrx_word' id='word_1_278' title='bbox 878 2785 958 2819; x_wconf 87' lang='lat' dir='ltr'>pro—</span> 
     </span>
     <span class='ocr_line' id='line_1_53' title="bbox 319 2830 517 2858; baseline -0.005 0"><span class='ocrx_word' id='word_1_279' title='bbox 319 2836 337 2858; x_wconf 89' lang='lat' dir='ltr'>a</span> <span class='ocrx_word' id='word_1_280' title='bbox 362 2836 373 2857; x_wconf 89' lang='lat'><em>1</em></span> <span class='ocrx_word' id='word_1_281' title='bbox 388 2836 406 2858; x_wconf 92' lang='lat' dir='ltr'>e</span> <span class='ocrx_word' id='word_1_282' title='bbox 431 2830 517 2858; x_wconf 86' lang='lat' dir='ltr'>erat.</span> 
     </span>
    </p>
   </div>
   <div class='ocr_carea' id='block_1_6' title="bbox 1005 718 1661 786">
    <p class='ocr_par' dir='ltr' id='par_1_6' title="bbox 1005 718 1661 786">
     <span class='ocr_line' id='line_1_54' title="bbox 1005 718 1661 786; baseline -0.017 -12"><span class='ocrx_word' id='word_1_283' title='bbox 1005 730 1084 786; x_wconf 76' lang='grc' dir='ltr'>μὲν</span> <span class='ocrx_word' id='word_1_284' title='bbox 1120 729 1266 785; x_wconf 89' lang='grc' dir='ltr'><em>χαίροι</em></span> <span class='ocrx_word' id='word_1_285' title='bbox 1307 728 1469 778; x_wconf 81' lang='grc' dir='ltr'><em>ἐκεῖνο,</em></span> <span class='ocrx_word' id='word_1_286' title='bbox 1515 718 1661 779; x_wconf 72' lang='grc' dir='ltr'><em>ἁγαθοὶ</em></span> 
     </span>
    </p>
   </div>
   <div class='ocr_carea' id='block_1_7' title="bbox 1002 871 1669 1191">
    <p class='ocr_par' dir='ltr' id='par_1_7' title="bbox 1002 871 1669 1191">
     <span class='ocr_line' id='line_1_55' title="bbox 1049 871 1663 924; baseline -0.02 -9"><span class='ocrx_word' id='word_1_287' title='bbox 1049 877 1255 924; x_wconf 78' lang='grc' dir='ltr'><em>ἡμεροῦταί</em></span> <span class='ocrx_word' id='word_1_288' title='bbox 1292 889 1330 912; x_wconf 90' lang='grc' dir='ltr'>τε</span> <span class='ocrx_word' id='word_1_289' title='bbox 1365 875 1428 910; x_wconf 82' lang='grc' dir='ltr'><em>καὶ</em></span> <span class='ocrx_word' id='word_1_290' title='bbox 1458 871 1663 918; x_wconf 68' lang='grc' dir='ltr'><em>ἀγριαίνει]</em></span> 
     </span>
     <span class='ocr_line' id='line_1_56' title="bbox 1004 918 1666 969; baseline -0.017 -9"><span class='ocrx_word' id='word_1_291' title='bbox 1004 928 1168 961; x_wconf 82' lang='lat' dir='ltr'>irritatur</span> <span class='ocrx_word' id='word_1_292' title='bbox 1198 928 1252 960; x_wconf 86' lang='lat' dir='ltr'>vel</span> <span class='ocrx_word' id='word_1_293' title='bbox 1280 927 1444 969; x_wconf 81' lang='lat' dir='ltr'>placatur</span> <span class='ocrx_word' id='word_1_294' title='bbox 1472 921 1548 954; x_wconf 82' lang='lat' dir='ltr'>Fic.</span> <span class='ocrx_word' id='word_1_295' title='bbox 1586 918 1666 950; x_wconf 75' lang='lat' dir='ltr'>Ste-</span> 
     </span>
     <span class='ocr_line' id='line_1_57' title="bbox 1003 962 1669 1018; baseline -0.018 -12"><span class='ocrx_word' id='word_1_296' title='bbox 1003 974 1133 1018; x_wconf 86' lang='lat' dir='ltr'>phanus</span> <span class='ocrx_word' id='word_1_297' title='bbox 1166 976 1279 1006; x_wconf 86' lang='lat' dir='ltr'>annot.</span> <span class='ocrx_word' id='word_1_298' title='bbox 1311 983 1344 1015; x_wconf 92' lang='lat' dir='ltr'>p.</span> <span class='ocrx_word' id='word_1_299' title='bbox 1377 970 1434 1003; x_wconf 76' lang='lat'>23.</span> <span class='ocrx_word' id='word_1_300' title='bbox 1464 962 1669 1012; x_wconf 84' lang='lat' dir='ltr'>particulam</span> 
     </span>
     <span class='ocr_line' id='line_1_58' title="bbox 1002 1008 1668 1060; baseline -0.017 -8"><span class='ocrx_word' id='word_1_301' title='bbox 1002 1018 1066 1052; x_wconf 84' lang='grc' dir='ltr'><em>καὶ</em></span> <span class='ocrx_word' id='word_1_302' title='bbox 1091 1019 1208 1060; x_wconf 89' lang='lat' dir='ltr'>(immo</span> <span class='ocrx_word' id='word_1_303' title='bbox 1231 1024 1430 1060; x_wconf 87' lang='lat' dir='ltr'>utramque,</span> <span class='ocrx_word' id='word_1_304' title='bbox 1453 1025 1493 1047; x_wconf 88' lang='grc' dir='ltr'>τε</span> <span class='ocrx_word' id='word_1_305' title='bbox 1513 1010 1606 1053; x_wconf 82' lang='grc' dir='ltr'><em>καὶ,)</em></span> <span class='ocrx_word' id='word_1_306' title='bbox 1632 1008 1668 1042; x_wconf 87' lang='lat' dir='ltr'>in</span> 
     </span>
     <span class='ocr_line' id='line_1_59' title="bbox 1002 1056 1668 1109; baseline -0.017 -11"><span class='ocrx_word' id='word_1_307' title='bbox 1002 1061 1025 1109; x_wconf 83' lang='grc' dir='ltr'><em>ἢ</em></span> <span class='ocrx_word' id='word_1_308' title='bbox 1052 1064 1248 1097; x_wconf 84' lang='lat' dir='ltr'>mutandam</span> <span class='ocrx_word' id='word_1_309' title='bbox 1270 1063 1325 1096; x_wconf 84' lang='lat' dir='ltr'>vel</span> <span class='ocrx_word' id='word_1_310' title='bbox 1349 1073 1410 1106; x_wconf 89' lang='lat' dir='ltr'>pro</span> <span class='ocrx_word' id='word_1_311' title='bbox 1435 1071 1476 1093; x_wconf 87' lang='lat' dir='ltr'>ea</span> <span class='ocrx_word' id='word_1_312' title='bbox 1497 1056 1668 1101; x_wconf 88' lang='lat' dir='ltr'>accipien-</span> 
     </span>
     <span class='ocr_line' id='line_1_60' title="bbox 1004 1110 1668 1154; baseline -0.015 -9"><span class='ocrx_word' id='word_1_313' title='bbox 1004 1113 1079 1145; x_wconf 88' lang='lat' dir='ltr'>dam</span> <span class='ocrx_word' id='word_1_314' title='bbox 1104 1111 1244 1151; x_wconf 78' lang='lat' dir='ltr'>statuit,</span> <span class='ocrx_word' id='word_1_315' title='bbox 1270 1119 1411 1154; x_wconf 83' lang='lat' dir='ltr'>quorum</span> <span class='ocrx_word' id='word_1_316' title='bbox 1433 1110 1588 1143; x_wconf 85' lang='lat' dir='ltr'>neutrum</span> <span class='ocrx_word' id='word_1_317' title='bbox 1607 1113 1668 1135; x_wconf 85' lang='lat' dir='ltr'>ve-</span> 
     </span>
     <span class='ocr_line' id='line_1_61' title="bbox 1003 1152 1534 1191; baseline -0.013 0"><span class='ocrx_word' id='word_1_318' title='bbox 1003 1169 1089 1191; x_wconf 90' lang='lat' dir='ltr'>rum.</span> <span class='ocrx_word' id='word_1_319' title='bbox 1113 1155 1237 1190; x_wconf 82' lang='grc' dir='ltr'><em>τεκαὶ</em></span> <span class='ocrx_word' id='word_1_320' title='bbox 1262 1161 1314 1189; x_wconf 84' lang='lat' dir='ltr'>est</span> <span class='ocrx_word' id='word_1_321' title='bbox 1337 1155 1392 1187; x_wconf 87' lang='lat' dir='ltr'>vel</span> <span class='ocrx_word' id='word_1_322' title='bbox 1407 1172 1453 1177; x_wconf 90' lang='lat'>—</span> <span class='ocrx_word' id='word_1_323' title='bbox 1469 1152 1534 1185; x_wconf 84' lang='lat' dir='ltr'>vel.</span> 
     </span>
    </p>
   </div>
   <div class='ocr_carea' id='block_1_8' title="bbox 1002 1220 1675 2467">
    <p class='ocr_par' dir='ltr' id='par_1_8' title="bbox 1002 1220 1675 2467">
     <span class='ocr_line' id='line_1_62' title="bbox 1048 1220 1668 1269; baseline -0.018 -9"><span class='ocrx_word' id='word_1_324' title='bbox 1048 1223 1280 1269; x_wconf 82' lang='grc' dir='ltr'><em>καταμαθών</em></span> <span class='ocrx_word' id='word_1_325' title='bbox 1305 1220 1369 1267; x_wconf 75' lang='grc' dir='ltr'><em>δὲ]</em></span> <span class='ocrx_word' id='word_1_326' title='bbox 1420 1220 1570 1259; x_wconf 87' lang='lat' dir='ltr'>Nescio,</span> <span class='ocrx_word' id='word_1_327' title='bbox 1607 1227 1668 1250; x_wconf 88' lang='lat' dir='ltr'>cur</span> 
     </span>
     <span class='ocr_line' id='line_1_63' title="bbox 1002 1265 1669 1315; baseline -0.016 -9"><span class='ocrx_word' id='word_1_328' title='bbox 1002 1273 1172 1306; x_wconf 85' lang='lat' dir='ltr'>Matthiae</span> <span class='ocrx_word' id='word_1_329' title='bbox 1196 1282 1335 1315; x_wconf 82' lang='lat' dir='ltr'>gramm.</span> <span class='ocrx_word' id='word_1_330' title='bbox 1360 1281 1392 1313; x_wconf 88' lang='lat' dir='ltr'>p.</span> <span class='ocrx_word' id='word_1_331' title='bbox 1420 1268 1520 1302; x_wconf 71' lang='lat'>1247.</span> <span class='ocrx_word' id='word_1_332' title='bbox 1545 1265 1588 1298; x_wconf 83' lang='lat' dir='ltr'>de</span> <span class='ocrx_word' id='word_1_333' title='bbox 1610 1274 1669 1296; x_wconf 89' lang='lat' dir='ltr'>re-</span> 
     </span>
     <span class='ocr_line' id='line_1_64' title="bbox 1002 1309 1670 1363; baseline -0.018 -10"><span class='ocrx_word' id='word_1_334' title='bbox 1002 1320 1112 1363; x_wconf 86' lang='lat' dir='ltr'>petita</span> <span class='ocrx_word' id='word_1_335' title='bbox 1144 1322 1221 1363; x_wconf 86' lang='lat' dir='ltr'>post</span> <span class='ocrx_word' id='word_1_336' title='bbox 1252 1313 1471 1362; x_wconf 85' lang='lat' dir='ltr'>parenthesin</span> <span class='ocrx_word' id='word_1_337' title='bbox 1502 1309 1670 1357; x_wconf 84' lang='lat' dir='ltr'>particula</span> 
     </span>
     <span class='ocr_line' id='line_1_65' title="bbox 1003 1356 1668 1408; baseline -0.017 -9"><span class='ocrx_word' id='word_1_338' title='bbox 1003 1363 1043 1398; x_wconf 80' lang='grc' dir='ltr'><em>δὲ</em></span> <span class='ocrx_word' id='word_1_339' title='bbox 1069 1376 1173 1408; x_wconf 85' lang='lat' dir='ltr'>agens</span> <span class='ocrx_word' id='word_1_340' title='bbox 1197 1365 1284 1396; x_wconf 92' lang='lat' dir='ltr'>hunc</span> <span class='ocrx_word' id='word_1_341' title='bbox 1303 1363 1411 1395; x_wconf 89' lang='lat' dir='ltr'>locum</span> <span class='ocrx_word' id='word_1_342' title='bbox 1431 1357 1579 1393; x_wconf 83' lang='lat' dir='ltr'>conferri</span> <span class='ocrx_word' id='word_1_343' title='bbox 1597 1356 1668 1389; x_wconf 89' lang='lat' dir='ltr'>ius-</span> 
     </span>
     <span class='ocr_line' id='line_1_66' title="bbox 1007 1401 1669 1452; baseline -0.015 -8"><span class='ocrx_word' id='word_1_344' title='bbox 1007 1411 1114 1452; x_wconf 84' lang='lat' dir='ltr'>serit,</span> <span class='ocrx_word' id='word_1_345' title='bbox 1157 1410 1221 1443; x_wconf 88' lang='lat' dir='ltr'>nisi</span> <span class='ocrx_word' id='word_1_346' title='bbox 1252 1410 1342 1442; x_wconf 85' lang='lat' dir='ltr'>forte</span> <span class='ocrx_word' id='word_1_347' title='bbox 1372 1405 1565 1452; x_wconf 79' lang='lat' dir='ltr'>optativos‚</span> <span class='ocrx_word' id='word_1_348' title='bbox 1609 1401 1669 1446; x_wconf 90' lang='lat' dir='ltr'>qui</span> 
     </span>
     <span class='ocr_line' id='line_1_67' title="bbox 1007 1450 1669 1501; baseline -0.015 -11"><span class='ocrx_word' id='word_1_349' title='bbox 1007 1459 1215 1501; x_wconf 81' lang='lat' dir='ltr'>sequuntur,</span> <span class='ocrx_word' id='word_1_350' title='bbox 1247 1466 1313 1488; x_wconf 90' lang='lat' dir='ltr'>non</span> <span class='ocrx_word' id='word_1_351' title='bbox 1349 1454 1392 1486; x_wconf 89' lang='lat' dir='ltr'>ab</span> <span class='ocrx_word' id='word_1_352' title='bbox 1424 1452 1480 1486; x_wconf 92' lang='lat' dir='ltr'>illo</span> <span class='ocrx_word' id='word_1_353' title='bbox 1516 1450 1551 1484; x_wconf 81' lang='grc' dir='ltr'>εἰ</span> <span class='ocrx_word' id='word_1_354' title='bbox 1588 1452 1669 1482; x_wconf 89' lang='lat' dir='ltr'>ante</span> 
     </span>
     <span class='ocr_line' id='line_1_68' title="bbox 1005 1494 1667 1546; baseline -0.015 -10"><span class='ocrx_word' id='word_1_355' title='bbox 1005 1501 1222 1546; x_wconf 77' lang='grc' dir='ltr'><em>θρέμματος</em></span> <span class='ocrx_word' id='word_1_356' title='bbox 1237 1527 1246 1544; x_wconf 85' lang='grc'>,</span> <span class='ocrx_word' id='word_1_357' title='bbox 1272 1500 1361 1546; x_wconf 87' lang='lat' dir='ltr'>quod</span> <span class='ocrx_word' id='word_1_358' title='bbox 1385 1510 1460 1532; x_wconf 90' lang='lat' dir='ltr'>cum</span> <span class='ocrx_word' id='word_1_359' title='bbox 1484 1494 1667 1531; x_wconf 88' lang='lat' dir='ltr'>indicativo</span> 
     </span>
     <span class='ocr_line' id='line_1_69' title="bbox 1007 1540 1669 1592; baseline -0.017 -9"><span class='ocrx_word' id='word_1_360' title='bbox 1007 1546 1290 1592; x_wconf 77' lang='grc' dir='ltr'><em>κατεμάνθανεν</em></span> <span class='ocrx_word' id='word_1_361' title='bbox 1316 1549 1547 1580; x_wconf 84' lang='lat' dir='ltr'>constructum</span> <span class='ocrx_word' id='word_1_362' title='bbox 1569 1540 1669 1574; x_wconf 88' lang='lat' dir='ltr'>vide-</span> 
     </span>
     <span class='ocr_line' id='line_1_70' title="bbox 1008 1581 1670 1637; baseline -0.015 -8"><span class='ocrx_word' id='word_1_363' title='bbox 1008 1601 1084 1637; x_wconf 85' lang='lat' dir='ltr'>ret,</span> <span class='ocrx_word' id='word_1_364' title='bbox 1118 1595 1178 1628; x_wconf 91' lang='lat' dir='ltr'>sed</span> <span class='ocrx_word' id='word_1_365' title='bbox 1212 1606 1231 1627; x_wconf 91' lang='lat' dir='ltr'>a</span> <span class='ocrx_word' id='word_1_366' title='bbox 1263 1592 1377 1626; x_wconf 69' lang='lat' dir='ltr'>verbis</span> <span class='ocrx_word' id='word_1_367' title='bbox 1411 1587 1494 1624; x_wconf 85' lang='grc' dir='ltr'><em>οἶόν</em></span> <span class='ocrx_word' id='word_1_368' title='bbox 1521 1599 1590 1630; x_wconf 84' lang='grc' dir='ltr'>περ</span> <span class='ocrx_word' id='word_1_369' title='bbox 1622 1581 1670 1619; x_wconf 66' lang='grc' dir='ltr'>ἂν</span> 
     </span>
     <span class='ocr_line' id='line_1_71' title="bbox 1008 1631 1675 1687; baseline -0.015 -12"><span class='ocrx_word' id='word_1_370' title='bbox 1008 1642 1158 1687; x_wconf 82' lang='lat' dir='ltr'>pendere</span> <span class='ocrx_word' id='word_1_371' title='bbox 1182 1645 1338 1674; x_wconf 88' lang='lat' dir='ltr'>statuens</span> <span class='ocrx_word' id='word_1_372' title='bbox 1369 1639 1453 1670; x_wconf 86' lang='lat' dir='ltr'>haec</span> <span class='ocrx_word' id='word_1_373' title='bbox 1485 1634 1597 1669; x_wconf 88' lang='lat' dir='ltr'>omnia</span> <span class='ocrx_word' id='word_1_374' title='bbox 1620 1631 1675 1676; x_wconf 80' lang='grc' dir='ltr'>(εἰ</span> 
     </span>
     <span class='ocr_line' id='line_1_72' title="bbox 1008 1681 1672 1731; baseline -0.015 -10"><span class='ocrx_word' id='word_1_375' title='bbox 1008 1685 1225 1731; x_wconf 74' lang='grc' dir='ltr'><em>θρέμματος</em></span> <span class='ocrx_word' id='word_1_376' title='bbox 1242 1706 1288 1710; x_wconf 91' lang='grc'>-</span> <span class='ocrx_word' id='word_1_377' title='bbox 1316 1681 1521 1728; x_wconf 73' lang='grc' dir='ltr'><em>ἀγριαίνει)</em></span> <span class='ocrx_word' id='word_1_378' title='bbox 1547 1690 1672 1725; x_wconf 84' lang='lat' dir='ltr'>paren-—</span> 
     </span>
     <span class='ocr_line' id='line_1_73' title="bbox 1009 1720 1670 1767; baseline -0.017 1"><span class='ocrx_word' id='word_1_379' title='bbox 1009 1735 1118 1767; x_wconf 85' lang='lat' dir='ltr'>thesis</span> <span class='ocrx_word' id='word_1_380' title='bbox 1144 1736 1216 1766; x_wconf 89' lang='lat' dir='ltr'>loco</span> <span class='ocrx_word' id='word_1_381' title='bbox 1243 1732 1372 1765; x_wconf 86' lang='lat' dir='ltr'>habuit.</span> <span class='ocrx_word' id='word_1_382' title='bbox 1421 1728 1492 1762; x_wconf 88' lang='lat' dir='ltr'>Sed</span> <span class='ocrx_word' id='word_1_383' title='bbox 1515 1726 1596 1759; x_wconf 88' lang='lat' dir='ltr'>illud</span> <span class='ocrx_word' id='word_1_384' title='bbox 1623 1720 1670 1758; x_wconf 71' lang='grc' dir='ltr'><em>ἒὶν</em></span> 
     </span>
     <span class='ocr_line' id='line_1_74' title="bbox 1010 1772 1671 1813; baseline -0.015 0"><span class='ocrx_word' id='word_1_385' title='bbox 1010 1792 1076 1813; x_wconf 87' lang='lat' dir='ltr'>uon</span> <span class='ocrx_word' id='word_1_386' title='bbox 1102 1791 1177 1812; x_wconf 83' lang='lat' dir='ltr'>esse</span> <span class='ocrx_word' id='word_1_387' title='bbox 1201 1779 1243 1812; x_wconf 87' lang='lat' dir='ltr'>ad</span> <span class='ocrx_word' id='word_1_388' title='bbox 1267 1775 1428 1811; x_wconf 77' lang='grc' dir='ltr'><em>καλέσειε</em></span> <span class='ocrx_word' id='word_1_389' title='bbox 1458 1772 1671 1807; x_wconf 86' lang='lat' dir='ltr'>referendum</span> 
     </span>
     <span class='ocr_line' id='line_1_75' title="bbox 1010 1821 1672 1865; baseline -0.015 -5"><span class='ocrx_word' id='word_1_390' title='bbox 1010 1826 1154 1860; x_wconf 77' lang='lat' dir='ltr'>subiecti</span> <span class='ocrx_word' id='word_1_391' title='bbox 1193 1826 1348 1858; x_wconf 85' lang='lat' dir='ltr'>defectus</span> <span class='ocrx_word' id='word_1_392' title='bbox 1390 1821 1523 1865; x_wconf 81' lang='lat' dir='ltr'>arguit,</span> <span class='ocrx_word' id='word_1_393' title='bbox 1569 1829 1672 1863; x_wconf 91' lang='lat' dir='ltr'>quum</span> 
     </span>
     <span class='ocr_line' id='line_1_76' title="bbox 1012 1862 1673 1913; baseline -0.015 -7"><span class='ocrx_word' id='word_1_394' title='bbox 1012 1870 1096 1906; x_wconf 81' lang='grc' dir='ltr'><em>οἶόν</em></span> <span class='ocrx_word' id='word_1_395' title='bbox 1120 1883 1188 1913; x_wconf 73' lang='grc' dir='ltr'>περ</span> <span class='ocrx_word' id='word_1_396' title='bbox 1221 1867 1268 1904; x_wconf 74' lang='grc' dir='ltr'>ἄν</span> <span class='ocrx_word' id='word_1_397' title='bbox 1298 1881 1373 1912; x_wconf 86' lang='grc' dir='ltr'><em>τις,</em></span> <span class='ocrx_word' id='word_1_398' title='bbox 1399 1867 1434 1902; x_wconf 86' lang='grc' dir='ltr'>εἰ</span> <span class='ocrx_word' id='word_1_399' title='bbox 1455 1862 1673 1909; x_wconf 78' lang='grc' dir='ltr'><em>καταμάθοι</em></span> 
     </span>
     <span class='ocr_line' id='line_1_77' title="bbox 1011 1913 1672 1957; baseline -0.014 -5"><span class='ocrx_word' id='word_1_400' title='bbox 1011 1918 1187 1952; x_wconf 80' lang='lat' dir='ltr'>dicendum</span> <span class='ocrx_word' id='word_1_401' title='bbox 1218 1917 1359 1956; x_wconf 83' lang='lat' dir='ltr'>fuisset,</span> <span class='ocrx_word' id='word_1_402' title='bbox 1392 1913 1577 1957; x_wconf 86' lang='lat' dir='ltr'>eodemque</span> <span class='ocrx_word' id='word_1_403' title='bbox 1601 1922 1672 1944; x_wconf 87' lang='lat' dir='ltr'>mo—</span> 
     </span>
     <span class='ocr_line' id='line_1_78' title="bbox 1011 1955 1671 2008; baseline -0.015 -10"><span class='ocrx_word' id='word_1_404' title='bbox 1011 1965 1071 2005; x_wconf 85' lang='lat' dir='ltr'>do,</span> <span class='ocrx_word' id='word_1_405' title='bbox 1096 1975 1161 2008; x_wconf 92' lang='lat' dir='ltr'>quo</span> <span class='ocrx_word' id='word_1_406' title='bbox 1185 1963 1220 1996; x_wconf 91' lang='lat' dir='ltr'>in</span> <span class='ocrx_word' id='word_1_407' title='bbox 1243 1959 1314 1996; x_wconf 70' lang='grc' dir='ltr'>κᾶν</span> <span class='ocrx_word' id='word_1_408' title='bbox 1340 1960 1374 1995; x_wconf 84' lang='grc' dir='ltr'>εἰ</span> <span class='ocrx_word' id='word_1_409' title='bbox 1395 1964 1431 1993; x_wconf 87' lang='lat' dir='ltr'>et</span> <span class='ocrx_word' id='word_1_410' title='bbox 1455 1955 1602 2000; x_wconf 66' lang='grc' dir='ltr'><em>ὡσανεὶ,</em></span> <span class='ocrx_word' id='word_1_411' title='bbox 1628 1956 1671 1989; x_wconf 90' lang='lat' dir='ltr'>ad</span> 
     </span>
     <span class='ocr_line' id='line_1_79' title="bbox 1009 2001 1673 2052; baseline -0.014 -9"><span class='ocrx_word' id='word_1_412' title='bbox 1009 2011 1166 2044; x_wconf 90' lang='lat' dir='ltr'>omissum</span> <span class='ocrx_word' id='word_1_413' title='bbox 1210 2009 1266 2052; x_wconf 78' lang='grc' dir='ltr'>εἴη</span> <span class='ocrx_word' id='word_1_414' title='bbox 1307 2007 1458 2052; x_wconf 81' lang='lat' dir='ltr'>pertinet</span> <span class='ocrx_word' id='word_1_415' title='bbox 1497 2004 1553 2038; x_wconf 78' lang='lat' dir='ltr'>vel</span> <span class='ocrx_word' id='word_1_416' title='bbox 1593 2001 1673 2035; x_wconf 89' lang='lat' dir='ltr'>nulli</span> 
     </span>
     <span class='ocr_line' id='line_1_80' title="bbox 1010 2049 1671 2096; baseline -0.014 -6"><span class='ocrx_word' id='word_1_417' title='bbox 1010 2057 1114 2090; x_wconf 83' lang='lat' dir='ltr'>verbo</span> <span class='ocrx_word' id='word_1_418' title='bbox 1139 2055 1330 2089; x_wconf 88' lang='lat' dir='ltr'>adiunctum</span> <span class='ocrx_word' id='word_1_419' title='bbox 1353 2063 1416 2096; x_wconf 88' lang='lat' dir='ltr'>per</span> <span class='ocrx_word' id='word_1_420' title='bbox 1440 2063 1478 2084; x_wconf 89' lang='lat' dir='ltr'>se</span> <span class='ocrx_word' id='word_1_421' title='bbox 1495 2052 1576 2092; x_wconf 84' lang='lat' dir='ltr'>fere</span> <span class='ocrx_word' id='word_1_422' title='bbox 1600 2049 1671 2092; x_wconf 85' lang='lat' dir='ltr'>(et-</span> 
     </span>
     <span class='ocr_line' id='line_1_81' title="bbox 1010 2097 1673 2145; baseline -0.017 -8"><span class='ocrx_word' id='word_1_423' title='bbox 1010 2103 1085 2145; x_wconf 85' lang='lat' dir='ltr'>wa)</span> <span class='ocrx_word' id='word_1_424' title='bbox 1110 2101 1294 2145; x_wconf 75' lang='lat' dir='ltr'>significat.</span> <span class='ocrx_word' id='word_1_425' title='bbox 1341 2097 1525 2143; x_wconf 85' lang='lat' dir='ltr'>Optativus</span> <span class='ocrx_word' id='word_1_426' title='bbox 1559 2100 1673 2128; x_wconf 83' lang='lat' dir='ltr'>antem</span> 
     </span>
     <span class='ocr_line' id='line_1_82' title="bbox 1009 2141 1673 2191; baseline -0.012 -9"><span class='ocrx_word' id='word_1_427' title='bbox 1009 2149 1043 2182; x_wconf 90' lang='lat' dir='ltr'>in</span> <span class='ocrx_word' id='word_1_428' title='bbox 1086 2147 1305 2191; x_wconf 85' lang='lat' dir='ltr'>sequentibus</span> <span class='ocrx_word' id='word_1_429' title='bbox 1351 2145 1453 2189; x_wconf 89' lang='lat' dir='ltr'>plane</span> <span class='ocrx_word' id='word_1_430' title='bbox 1493 2141 1673 2185; x_wconf 79' lang='lat' dir='ltr'>legitimus,</span> 
     </span>
     <span class='ocr_line' id='line_1_83' title="bbox 1009 2187 1672 2236; baseline -0.015 -8"><span class='ocrx_word' id='word_1_431' title='bbox 1009 2194 1213 2228; x_wconf 82' lang='lat' dir='ltr'>indicativus</span> <span class='ocrx_word' id='word_1_432' title='bbox 1236 2193 1271 2225; x_wconf 89' lang='lat' dir='ltr'>in</span> <span class='ocrx_word' id='word_1_433' title='bbox 1296 2189 1578 2236; x_wconf 77' lang='lat' dir='ltr'>praecedentibus</span> <span class='ocrx_word' id='word_1_434' title='bbox 1595 2187 1672 2219; x_wconf 90' lang='lat' dir='ltr'>ideo</span> 
     </span>
     <span class='ocr_line' id='line_1_84' title="bbox 1009 2233 1673 2285; baseline -0.015 -11"><span class='ocrx_word' id='word_1_435' title='bbox 1009 2241 1142 2285; x_wconf 89' lang='lat' dir='ltr'>positus</span> <span class='ocrx_word' id='word_1_436' title='bbox 1187 2239 1340 2278; x_wconf 70' lang='lat' dir='ltr'>videtur,</span> <span class='ocrx_word' id='word_1_437' title='bbox 1387 2235 1477 2281; x_wconf 89' lang='lat' dir='ltr'>quod</span> <span class='ocrx_word' id='word_1_438' title='bbox 1509 2233 1673 2267; x_wconf 89' lang='lat' dir='ltr'>neminem</span> 
     </span>
     <span class='ocr_line' id='line_1_85' title="bbox 1010 2281 1674 2326; baseline -0.015 -6"><span class='ocrx_word' id='word_1_439' title='bbox 1010 2298 1126 2320; x_wconf 84' lang='lat' dir='ltr'>sanum</span> <span class='ocrx_word' id='word_1_440' title='bbox 1150 2285 1199 2318; x_wconf 88' lang='lat' dir='ltr'>illi</span> <span class='ocrx_word' id='word_1_441' title='bbox 1230 2285 1278 2317; x_wconf 89' lang='lat' dir='ltr'>rei</span> <span class='ocrx_word' id='word_1_442' title='bbox 1311 2281 1566 2326; x_wconf 82' lang='lat' dir='ltr'>cognoscendae</span> <span class='ocrx_word' id='word_1_443' title='bbox 1591 2291 1674 2322; x_wconf 83' lang='lat' dir='ltr'>ope-</span> 
     </span>
     <span class='ocr_line' id='line_1_86' title="bbox 1010 2325 1673 2373; baseline -0.015 -7"><span class='ocrx_word' id='word_1_444' title='bbox 1010 2344 1084 2366; x_wconf 81' lang='lat' dir='ltr'>ram</span> <span class='ocrx_word' id='word_1_445' title='bbox 1107 2332 1189 2366; x_wconf 82' lang='lat' dir='ltr'>dare</span> <span class='ocrx_word' id='word_1_446' title='bbox 1213 2330 1311 2364; x_wconf 83' lang='lat' dir='ltr'>simul</span> <span class='ocrx_word' id='word_1_447' title='bbox 1333 2329 1554 2373; x_wconf 82' lang='lat' dir='ltr'>significaret.</span> <span class='ocrx_word' id='word_1_448' title='bbox 1586 2325 1673 2359; x_wconf 88' lang='lat' dir='ltr'>Eum</span> 
     </span>
     <span class='ocr_line' id='line_1_87' title="bbox 1010 2372 1673 2423; baseline -0.015 -11"><span class='ocrx_word' id='word_1_449' title='bbox 1010 2391 1113 2420; x_wconf 85' lang='lat' dir='ltr'>vero,</span> <span class='ocrx_word' id='word_1_450' title='bbox 1139 2377 1197 2423; x_wconf 90' lang='lat' dir='ltr'>qui</span> <span class='ocrx_word' id='word_1_451' title='bbox 1220 2377 1340 2416; x_wconf 85' lang='lat' dir='ltr'>daret,</span> <span class='ocrx_word' id='word_1_452' title='bbox 1365 2373 1564 2419; x_wconf 83' lang='lat' dir='ltr'>sapientiam</span> <span class='ocrx_word' id='word_1_453' title='bbox 1588 2372 1673 2404; x_wconf 90' lang='lat' dir='ltr'>hanc</span> 
     </span>
     <span class='ocr_line' id='line_1_88' title="bbox 1010 2419 1651 2467; baseline -0.011 -9"><span class='ocrx_word' id='word_1_454' title='bbox 1010 2436 1136 2458; x_wconf 79' lang='lat' dir='ltr'>vocare</span> <span class='ocrx_word' id='word_1_455' title='bbox 1160 2423 1267 2467; x_wconf 81' lang='lat' dir='ltr'>magis</span> <span class='ocrx_word' id='word_1_456' title='bbox 1289 2422 1355 2455; x_wconf 84' lang='lat' dir='ltr'>iam</span> <span class='ocrx_word' id='word_1_457' title='bbox 1381 2419 1540 2454; x_wconf 88' lang='lat' dir='ltr'>credibile</span> <span class='ocrx_word' id='word_1_458' title='bbox 1564 2422 1651 2451; x_wconf 85' lang='lat' dir='ltr'>erat.</span> 
     </span>
    </p>
   </div>
   <div class='ocr_carea' id='block_1_9' title="bbox 1013 2485 1673 2578">
    <p class='ocr_par' dir='ltr' id='par_1_9' title="bbox 1013 2485 1673 2578">
     <span class='ocr_line' id='line_1_89' title="bbox 1058 2485 1673 2534; baseline -0.01 -8"><span class='ocrx_word' id='word_1_459' title='bbox 1058 2493 1180 2526; x_wconf 81' lang='grc' dir='ltr'><em>ταῦτα</em></span> <span class='ocrx_word' id='word_1_460' title='bbox 1221 2488 1368 2534; x_wconf 72' lang='grc' dir='ltr'><em>πάντα]</em></span> <span class='ocrx_word' id='word_1_461' title='bbox 1417 2489 1559 2533; x_wconf 78' lang='lat' dir='ltr'>singula</span> <span class='ocrx_word' id='word_1_462' title='bbox 1597 2485 1673 2520; x_wconf 86' lang='lat' dir='ltr'>Fic.</span> 
     </span>
     <span class='ocr_line' id='line_1_90' title="bbox 1013 2536 1595 2578; baseline -0.014 -4"><span class='ocrx_word' id='word_1_463' title='bbox 1013 2537 1140 2574; x_wconf 79' lang='grc' dir='ltr'><em>πάντα</em></span> <span class='ocrx_word' id='word_1_464' title='bbox 1165 2550 1228 2573; x_wconf 85' lang='lat' dir='ltr'>om.</span> <span class='ocrx_word' id='word_1_465' title='bbox 1255 2538 1341 2572; x_wconf 89' lang='lat' dir='ltr'>Ven.</span> <span class='ocrx_word' id='word_1_466' title='bbox 1365 2536 1407 2570; x_wconf 87' lang='lat' dir='ltr'>B.</span> <span class='ocrx_word' id='word_1_467' title='bbox 1432 2546 1452 2568; x_wconf 87' lang='lat' dir='ltr'>a</span> <span class='ocrx_word' id='word_1_468' title='bbox 1475 2545 1519 2567; x_wconf 91' lang='lat' dir='ltr'>m.</span> <span class='ocrx_word' id='word_1_469' title='bbox 1544 2543 1595 2578; x_wconf 88' lang='lat' dir='ltr'>pr.</span> 
     </span>
    </p>
   </div>
   <div class='ocr_carea' id='block_1_10' title="bbox 1059 2601 1578 2697">
    <p class='ocr_par' dir='ltr' id='par_1_10' title="bbox 1059 2601 1578 2697">
     <span class='ocr_line' id='line_1_91' title="bbox 1060 2601 1561 2653; baseline -0.016 -11"><span class='ocrx_word' id='word_1_470' title='bbox 1060 2606 1264 2653; x_wconf 75' lang='grc' dir='ltr'><em>ξυνουσίᾳ]</em></span> <span class='ocrx_word' id='word_1_471' title='bbox 1292 2615 1370 2638; x_wconf 87' lang='grc' dir='ltr'><em>συν.</em></span> <span class='ocrx_word' id='word_1_472' title='bbox 1394 2602 1494 2637; x_wconf 83' lang='lat' dir='ltr'>Vind.</span> <span class='ocrx_word' id='word_1_473' title='bbox 1518 2601 1561 2635; x_wconf 87' lang='lat' dir='ltr'>F.</span> 
     </span>
     <span class='ocr_line' id='line_1_92' title="bbox 1059 2648 1578 2697; baseline -0.015 -9"><span class='ocrx_word' id='word_1_474' title='bbox 1059 2651 1241 2697; x_wconf 76' lang='grc' dir='ltr'><em>καλέσειε]</em></span> <span class='ocrx_word' id='word_1_475' title='bbox 1272 2648 1455 2685; x_wconf 80' lang='grc' dir='ltr'><em>καλέσειεν</em></span> <span class='ocrx_word' id='word_1_476' title='bbox 1478 2648 1578 2682; x_wconf 89' lang='lat' dir='ltr'>idem.</span> 
     </span>
    </p>
   </div>
   <div class='ocr_carea' id='block_1_11' title="bbox 1014 2714 1676 2805">
    <p class='ocr_par' dir='ltr' id='par_1_11' title="bbox 1014 2714 1676 2805">
     <span class='ocr_line' id='line_1_93' title="bbox 1061 2714 1675 2763; baseline -0.016 -5"><span class='ocrx_word' id='word_1_477' title='bbox 1061 2720 1122 2758; x_wconf 76' lang='grc' dir='ltr'>ἐπὶ</span> <span class='ocrx_word' id='word_1_478' title='bbox 1140 2719 1402 2763; x_wconf 85' lang='grc' dir='ltr'><em>διδασκαλίαν]</em></span> <span class='ocrx_word' id='word_1_479' title='bbox 1424 2714 1557 2752; x_wconf 75' lang='grc' dir='ltr'><em>ἐπιδιδ.</em></span> <span class='ocrx_word' id='word_1_480' title='bbox 1577 2716 1606 2750; x_wconf 83' lang='lat' dir='ltr'>V</span> <span class='ocrx_word' id='word_1_481' title='bbox 1610 2714 1675 2749; x_wconf 90' lang='lat' dir='ltr'>ind.</span> 
     </span>
     <span class='ocr_line' id='line_1_94' title="bbox 1014 2763 1676 2805; baseline -0.015 0"><span class='ocrx_word' id='word_1_482' title='bbox 1014 2770 1059 2805; x_wconf 84' lang='lat' dir='ltr'>E.</span> <span class='ocrx_word' id='word_1_483' title='bbox 1092 2767 1152 2804; x_wconf 79' lang='grc' dir='ltr'>ἐπὶ</span> <span class='ocrx_word' id='word_1_484' title='bbox 1177 2765 1398 2803; x_wconf 82' lang='grc' dir='ltr'><em>διδασκαλία</em></span> <span class='ocrx_word' id='word_1_485' title='bbox 1427 2765 1507 2799; x_wconf 87' lang='lat' dir='ltr'>Par.</span> <span class='ocrx_word' id='word_1_486' title='bbox 1530 2763 1574 2796; x_wconf 83' lang='grc' dir='ltr'>Κ.</span> <span class='ocrx_word' id='word_1_487' title='bbox 1607 2773 1676 2796; x_wconf 86' lang='lat' dir='ltr'>sec.</span> 
     </span>
    </p>
   </div>
   <div class='ocr_carea' id='block_1_12' title="bbox 1014 2817 1089 2863">
    <p class='ocr_par' dir='ltr' id='par_1_12' title="bbox 1014 2817 1089 2863">
     <span class='ocr_line' id='line_1_95' title="bbox 1014 2817 1089 2863; baseline -0.013 -11"><span class='ocrx_word' id='word_1_488' title='bbox 1014 2817 1089 2863; x_wconf 89' lang='lat' dir='ltr'>Bip.</span> 
     </span>
    </p>
   </div>
  </div>
 </body>
</html>
