<?xml version="1.0" encoding="UTF-8"?>
<!DOCTYPE html PUBLIC "-//W3C//DTD XHTML 1.0 Transitional//EN"
    "http://www.w3.org/TR/xhtml1/DTD/xhtml1-transitional.dtd">
<html xmlns="http://www.w3.org/1999/xhtml" xml:lang="en" lang="en">
 <head>
  <title>
</title>
<meta http-equiv="Content-Type" content="text/html;charset=utf-8" />
  <meta name='ocr-system' content='tesseract 3.04.00' />
  <meta name='ocr-capabilities' content='ocr_page ocr_carea ocr_par ocr_line ocrx_word'/>
</head>
<body>
  <div class='ocr_page' id='page_1' title='image "./operagraecerecen02platuoft_0404.png"; bbox 0 0 1807 3219; ppageno 0'>
   <div class='ocr_carea' id='block_1_1' title="bbox 280 168 364 209">
    <p class='ocr_par' dir='ltr' id='par_1_1' title="bbox 280 168 364 209">
     <span class='ocr_line' id='line_1_1' title="bbox 280 168 364 209; baseline 0.012 -1"><span class='ocrx_word' id='word_1_1' title='bbox 280 168 364 209; x_wconf 81' lang='lat'><strong><em>340</em></strong></span> 
     </span>
    </p>
   </div>
   <div class='ocr_carea' id='block_1_2' title="bbox 741 160 1216 204">
    <p class='ocr_par' dir='ltr' id='par_1_2' title="bbox 741 160 1216 204">
     <span class='ocr_line' id='line_1_2' title="bbox 741 160 1216 204; baseline 0.002 -1"><span class='ocrx_word' id='word_1_2' title='bbox 741 160 1216 204; x_wconf 87' lang='lat' dir='ltr'><strong>PLATONIS</strong></span> 
     </span>
    </p>
   </div>
   <div class='ocr_carea' id='block_1_3' title="bbox 281 271 1660 333">
    <p class='ocr_par' dir='ltr' id='par_1_3' title="bbox 281 271 1660 333">
     <span class='ocr_line' id='line_1_3' title="bbox 281 271 1660 333; baseline -0.004 -13"><span class='ocrx_word' id='word_1_3' title='bbox 281 273 494 333; x_wconf 77' lang='grc' dir='ltr'><strong><em>γενόμενα</em></strong></span> <span class='ocrx_word' id='word_1_4' title='bbox 549 271 724 324; x_wconf 80' lang='grc' dir='ltr'><strong>τούτοις</strong></span> <span class='ocrx_word' id='word_1_5' title='bbox 777 272 1018 317; x_wconf 81' lang='grc' dir='ltr'><strong><em>συνακτέον</em></strong></span> <span class='ocrx_word' id='word_1_6' title='bbox 1075 274 1136 325; x_wconf 87' lang='grc' dir='ltr'><strong><em>εἷς</em></strong></span> <span class='ocrx_word' id='word_1_7' title='bbox 1171 272 1362 327; x_wconf 80' lang='grc' dir='ltr'><strong><em>σύνοψιν</em></strong></span> <span class='ocrx_word' id='word_1_8' title='bbox 1401 271 1660 328; x_wconf 82' lang='grc' dir='ltr'><strong><em>οἰκειότητος</em></strong></span> 
     </span>
    </p>
   </div>
   <div class='ocr_carea' id='block_1_4' title="bbox 280 342 482 463">
    <p class='ocr_par' dir='ltr' id='par_1_4' title="bbox 280 342 482 463">
     <span class='ocr_line' id='line_1_4' title="bbox 280 342 482 399; baseline -0.01 -11"><span class='ocrx_word' id='word_1_9' title='bbox 280 342 482 399; x_wconf 81' lang='grc' dir='ltr'><strong><em>ἀλλήλων</em></strong></span> 
     </span>
     <span class='ocr_line' id='line_1_5' title="bbox 281 423 403 463; baseline -0.025 -7"><span class='ocrx_word' id='word_1_10' title='bbox 281 423 403 463; x_wconf 83' lang='grc' dir='ltr'><strong><em>σεως.</em></strong></span> 
     </span>
    </p>
   </div>
   <div class='ocr_carea' id='block_1_5' title="bbox 494 340 1660 467">
    <p class='ocr_par' dir='ltr' id='par_1_5' title="bbox 494 340 1660 467">
     <span class='ocr_line' id='line_1_6' title="bbox 548 340 1660 398; baseline 0 -14"><span class='ocrx_word' id='word_1_11' title='bbox 548 344 638 384; x_wconf 77' lang='grc' dir='ltr'><strong><em>τῶν</em></strong></span> <span class='ocrx_word' id='word_1_12' title='bbox 697 340 971 398; x_wconf 77' lang='grc' dir='ltr'><strong><em>μαθημάτων</em></strong></span> <span class='ocrx_word' id='word_1_13' title='bbox 1016 341 1091 386; x_wconf 75' lang='grc' dir='ltr'><strong><em>καὶ</em></strong></span> <span class='ocrx_word' id='word_1_14' title='bbox 1142 345 1217 398; x_wconf 83' lang='grc' dir='ltr'><strong><em>τῆς</em></strong></span> <span class='ocrx_word' id='word_1_15' title='bbox 1261 345 1343 386; x_wconf 85' lang='grc' dir='ltr'><strong><em>τοῦ</em></strong></span> <span class='ocrx_word' id='word_1_16' title='bbox 1392 340 1518 392; x_wconf 78' lang='grc' dir='ltr'><strong><em>ὄντος</em></strong></span> <span class='ocrx_word' id='word_1_17' title='bbox 1570 340 1660 394; x_wconf 85' lang='grc' dir='ltr'><strong><em>φύ-</em></strong></span> 
     </span>
     <span class='ocr_line' id='line_1_7' title="bbox 494 407 1659 467; baseline 0 -15"><span class='ocrx_word' id='word_1_18' title='bbox 494 408 626 466; x_wconf 87' lang='grc' dir='ltr'><strong><em>Μόνη</em></strong></span> <span class='ocrx_word' id='word_1_19' title='bbox 674 413 814 466; x_wconf 82' lang='grc' dir='ltr'><strong><em>γοῦν,</em></strong></span> <span class='ocrx_word' id='word_1_20' title='bbox 866 407 1019 462; x_wconf 83' lang='grc' dir='ltr'><strong><em>εἶπεν,</em></strong></span> <span class='ocrx_word' id='word_1_21' title='bbox 1066 408 1095 466; x_wconf 85' lang='grc' dir='ltr'><em>ἦ</em></span> <span class='ocrx_word' id='word_1_22' title='bbox 1134 408 1317 467; x_wconf 79' lang='grc' dir='ltr'><strong><em>τοιαύτη</em></strong></span> <span class='ocrx_word' id='word_1_23' title='bbox 1358 408 1550 467; x_wconf 75' lang='grc' dir='ltr'><strong><em>μάθησις</em></strong></span> <span class='ocrx_word' id='word_1_24' title='bbox 1586 409 1659 465; x_wconf 84' lang='grc' dir='ltr'><strong><em>βέ-</em></strong></span> 
     </span>
    </p>
   </div>
   <div class='ocr_carea' id='block_1_6' title="bbox 221 472 1661 879">
    <p class='ocr_par' dir='ltr' id='par_1_6' title="bbox 221 472 1661 879">
     <span class='ocr_line' id='line_1_8' title="bbox 282 472 1658 537; baseline -0.003 -13"><span class='ocrx_word' id='word_1_25' title='bbox 282 483 412 537; x_wconf 89' lang='grc' dir='ltr'><strong><em>βαιος</em></strong></span> <span class='ocrx_word' id='word_1_26' title='bbox 443 479 492 523; x_wconf 80' lang='grc' dir='ltr'><strong><em>ἐν</em></strong></span> <span class='ocrx_word' id='word_1_27' title='bbox 521 475 590 529; x_wconf 83' lang='grc' dir='ltr'><strong><em>οἷς</em></strong></span> <span class='ocrx_word' id='word_1_28' title='bbox 618 477 673 521; x_wconf 75' lang='grc' dir='ltr'><strong><em>ἂν</em></strong></span> <span class='ocrx_word' id='word_1_29' title='bbox 703 478 937 534; x_wconf 76' lang='grc' dir='ltr'><strong><em>ἐγγένηται.</em></strong></span> <span class='ocrx_word' id='word_1_30' title='bbox 976 478 1066 521; x_wconf 86' lang='grc' dir='ltr'><strong><em>Καὶ</em></strong></span> <span class='ocrx_word' id='word_1_31' title='bbox 1094 479 1270 535; x_wconf 79' lang='grc' dir='ltr'><strong><em>μεγίστη</em></strong></span> <span class='ocrx_word' id='word_1_32' title='bbox 1297 494 1367 533; x_wconf 80' lang='grc' dir='ltr'><strong><em>γε,</em></strong></span> <span class='ocrx_word' id='word_1_33' title='bbox 1398 472 1457 534; x_wconf 78' lang='grc' dir='ltr'><strong><em>ἦν</em></strong></span> <span class='ocrx_word' id='word_1_34' title='bbox 1485 477 1529 521; x_wconf 80' lang='grc' dir='ltr'><strong><em>δ’</em></strong></span> <span class='ocrx_word' id='word_1_35' title='bbox 1559 476 1658 533; x_wconf 72' lang='grc' dir='ltr'><strong><em>ἐγώ,</em></strong></span> 
     </span>
     <span class='ocr_line' id='line_1_9' title="bbox 281 544 1660 604; baseline -0.003 -12"><span class='ocrx_word' id='word_1_36' title='bbox 281 553 412 603; x_wconf 80' lang='grc' dir='ltr'><strong><em>πεῖρα</em></strong></span> <span class='ocrx_word' id='word_1_37' title='bbox 447 548 718 604; x_wconf 83' lang='grc' dir='ltr'><strong><em>διαλεκτικῆς</em></strong></span> <span class='ocrx_word' id='word_1_38' title='bbox 749 546 922 603; x_wconf 85' lang='grc' dir='ltr'><strong><em>φύσεως</em></strong></span> <span class='ocrx_word' id='word_1_39' title='bbox 954 546 1029 589; x_wconf 87' lang='grc' dir='ltr'><strong><em>καὶ</em></strong></span> <span class='ocrx_word' id='word_1_40' title='bbox 1056 546 1127 603; x_wconf 85' lang='grc' dir='ltr'><strong><em>μή.</em></strong></span> <span class='ocrx_word' id='word_1_41' title='bbox 1174 544 1198 590; x_wconf 92' lang='grc' dir='ltr'>ὁ</span> <span class='ocrx_word' id='word_1_42' title='bbox 1230 546 1309 601; x_wconf 81' lang='grc' dir='ltr'><strong><em>μὲν</em></strong></span> <span class='ocrx_word' id='word_1_43' title='bbox 1337 545 1420 602; x_wconf 76' lang='grc' dir='ltr'><strong><em>γὰρ</em></strong></span> <span class='ocrx_word' id='word_1_44' title='bbox 1451 557 1660 589; x_wconf 85' lang='grc' dir='ltr'><strong><em>συνοπτι-</em></strong></span> 
     </span>
     <span class='ocr_line' id='line_1_10' title="bbox 283 610 1661 672; baseline -0.004 -11"><span class='ocrx_word' id='word_1_45' title='bbox 283 615 361 668; x_wconf 86' lang='grc' dir='ltr'><strong><em>κὸς</em></strong></span> <span class='ocrx_word' id='word_1_46' title='bbox 391 613 679 666; x_wconf 81' lang='grc' dir='ltr'><strong><em>διαλεκτικὸς,</em></strong></span> <span class='ocrx_word' id='word_1_47' title='bbox 711 613 734 658; x_wconf 90' lang='grc' dir='ltr'>ὁ</span> <span class='ocrx_word' id='word_1_48' title='bbox 756 614 880 670; x_wconf 79' lang='grc' dir='ltr'><strong><em>δὲμὴ</em></strong></span> <span class='ocrx_word' id='word_1_49' title='bbox 900 613 966 658; x_wconf 86' lang='grc' dir='ltr'><strong><em>οὔ.</em></strong></span> <span class='ocrx_word' id='word_1_50' title='bbox 997 615 1265 670; x_wconf 76' lang='grc' dir='ltr'><strong><em>Ξυνοίομαι,</em></strong></span> <span class='ocrx_word' id='word_1_51' title='bbox 1294 610 1325 672; x_wconf 78' lang='grc' dir='ltr'><strong><em>ἦ</em></strong></span> <span class='ocrx_word' id='word_1_52' title='bbox 1346 612 1390 658; x_wconf 83' lang='grc' dir='ltr'><strong><em>δ’</em></strong></span> <span class='ocrx_word' id='word_1_53' title='bbox 1415 612 1475 664; x_wconf 84' lang='grc' dir='ltr'><strong><em>ὅς.</em></strong></span> <span class='ocrx_word' id='word_1_54' title='bbox 1513 615 1661 657; x_wconf 83' lang='grc' dir='ltr'><strong><em>Ταῦτα</em></strong></span> 
     </span>
     <span class='ocr_line' id='line_1_11' title="bbox 221 678 1661 740; baseline -0.001 -14"><span class='ocrx_word' id='word_1_55' title='bbox 221 687 259 726; x_wconf 79' lang='lat' dir='ltr'>D</span> <span class='ocrx_word' id='word_1_56' title='bbox 283 688 457 737; x_wconf 83' lang='grc' dir='ltr'><strong><em>τοίνυν,</em></strong></span> <span class='ocrx_word' id='word_1_57' title='bbox 499 678 554 739; x_wconf 79' lang='grc' dir='ltr'><strong><em>ἦν</em></strong></span> <span class='ocrx_word' id='word_1_58' title='bbox 584 681 628 727; x_wconf 89' lang='grc' dir='ltr'><strong><em>δ’</em></strong></span> <span class='ocrx_word' id='word_1_59' title='bbox 660 682 765 739; x_wconf 71' lang='grc' dir='ltr'><strong><em>ἐγώ,</em></strong></span> <span class='ocrx_word' id='word_1_60' title='bbox 805 681 945 740; x_wconf 84' lang='grc' dir='ltr'><strong><em>δεήσει</em></strong></span> <span class='ocrx_word' id='word_1_61' title='bbox 987 695 1033 727; x_wconf 86' lang='grc' dir='ltr'><strong><em>σε</em></strong></span> <span class='ocrx_word' id='word_1_62' title='bbox 1061 682 1385 727; x_wconf 79' lang='grc' dir='ltr'><strong><em>ἐπισκοποῦντα</em></strong></span> <span class='ocrx_word' id='word_1_63' title='bbox 1420 685 1464 726; x_wconf 82' lang='grc' dir='ltr'><strong><em>οἳ</em></strong></span> <span class='ocrx_word' id='word_1_64' title='bbox 1493 680 1549 740; x_wconf 73' lang='grc' dir='ltr'><strong><em>ἂν</em></strong></span> <span class='ocrx_word' id='word_1_65' title='bbox 1578 680 1661 738; x_wconf 81' lang='grc' dir='ltr'><strong><em>μά-</em></strong></span> 
     </span>
     <span class='ocr_line' id='line_1_12' title="bbox 280 747 1658 808; baseline -0.004 -10"><span class='ocrx_word' id='word_1_66' title='bbox 280 760 404 798; x_wconf 82' lang='grc' dir='ltr'><strong><em>λιστα</em></strong></span> <span class='ocrx_word' id='word_1_67' title='bbox 433 755 629 797; x_wconf 82' lang='grc' dir='ltr'><strong><em>τοιοῦτοι</em></strong></span> <span class='ocrx_word' id='word_1_68' title='bbox 659 752 706 795; x_wconf 80' lang='grc' dir='ltr'><strong><em>ἐν</em></strong></span> <span class='ocrx_word' id='word_1_69' title='bbox 736 750 885 803; x_wconf 84' lang='grc' dir='ltr'><strong><em>αὐτοῖς</em></strong></span> <span class='ocrx_word' id='word_1_70' title='bbox 912 747 993 795; x_wconf 75' lang='grc' dir='ltr'><strong><em>ὦσι</em></strong></span> <span class='ocrx_word' id='word_1_71' title='bbox 1028 752 1103 795; x_wconf 86' lang='grc' dir='ltr'><strong><em>καὶ</em></strong></span> <span class='ocrx_word' id='word_1_72' title='bbox 1132 749 1310 807; x_wconf 87' lang='grc' dir='ltr'><strong><em>μόνιμοι</em></strong></span> <span class='ocrx_word' id='word_1_73' title='bbox 1342 750 1421 808; x_wconf 74' lang='grc' dir='ltr'><strong><em>μὲν</em></strong></span> <span class='ocrx_word' id='word_1_74' title='bbox 1441 751 1489 794; x_wconf 82' lang='grc' dir='ltr'><strong><em>ἐν</em></strong></span> <span class='ocrx_word' id='word_1_75' title='bbox 1510 748 1658 806; x_wconf 76' lang='grc' dir='ltr'><strong><em>μαθή-</em></strong></span> 
     </span>
     <span class='ocr_line' id='line_1_13' title="bbox 281 817 1660 879; baseline -0.003 -13"><span class='ocrx_word' id='word_1_76' title='bbox 281 835 407 879; x_wconf 86' lang='grc' dir='ltr'><strong><em>μασι,</em></strong></span> <span class='ocrx_word' id='word_1_77' title='bbox 447 819 630 877; x_wconf 88' lang='grc' dir='ltr'><strong><em>μόνιμοι</em></strong></span> <span class='ocrx_word' id='word_1_78' title='bbox 660 817 702 863; x_wconf 83' lang='grc' dir='ltr'><strong><em>δ’</em></strong></span> <span class='ocrx_word' id='word_1_79' title='bbox 734 819 781 863; x_wconf 78' lang='grc' dir='ltr'><strong><em>ἐν</em></strong></span> <span class='ocrx_word' id='word_1_80' title='bbox 809 819 986 877; x_wconf 81' lang='grc' dir='ltr'><strong><em>πολέμῳ</em></strong></span> <span class='ocrx_word' id='word_1_81' title='bbox 1016 819 1089 864; x_wconf 82' lang='grc' dir='ltr'><strong><em>καὶ</em></strong></span> <span class='ocrx_word' id='word_1_82' title='bbox 1126 824 1219 871; x_wconf 85' lang='grc' dir='ltr'><strong><em>τοῖς</em></strong></span> <span class='ocrx_word' id='word_1_83' title='bbox 1258 818 1408 872; x_wconf 78' lang='grc' dir='ltr'><strong><em>ἄλλοις</em></strong></span> <span class='ocrx_word' id='word_1_84' title='bbox 1446 820 1660 876; x_wconf 76' lang='grc' dir='ltr'><strong><em>νομίμοις,</em></strong></span> 
     </span>
    </p>
   </div>
   <div class='ocr_carea' id='block_1_7' title="bbox 280 985 949 2233">
    <p class='ocr_par' dir='ltr' id='par_1_7' title="bbox 280 985 949 2233">
     <span class='ocr_line' id='line_1_14' title="bbox 282 985 944 1046; baseline -0.005 -21"><span class='ocrx_word' id='word_1_85' title='bbox 282 990 405 1036; x_wconf 80' lang='grc' dir='ltr'><strong><em>λη’μων</em></strong></span> <span class='ocrx_word' id='word_1_86' title='bbox 426 989 587 1034; x_wconf 82' lang='grc' dir='ltr'><strong><em>ἱστορεῒ’</em></strong></span> <span class='ocrx_word' id='word_1_87' title='bbox 614 985 751 1046; x_wconf 84' lang='grc' dir='ltr'><strong><em>ομοίως</em></strong></span> <span class='ocrx_word' id='word_1_88' title='bbox 767 987 830 1023; x_wconf 80' lang='grc' dir='ltr'><strong><em>καὶ</em></strong></span> <span class='ocrx_word' id='word_1_89' title='bbox 855 989 944 1023; x_wconf 81' lang='grc' dir='ltr'><strong><em>ταῦ</em></strong></span> 
     </span>
     <span class='ocr_line' id='line_1_15' title="bbox 280 1035 946 1078; baseline -0.005 -6"><span class='ocrx_word' id='word_1_90' title='bbox 280 1048 349 1072; x_wconf 87' lang='grc' dir='ltr'><strong><em>τα·</em></strong></span> <span class='ocrx_word' id='word_1_91' title='bbox 379 1036 524 1078; x_wconf 85' lang='grc' dir='ltr'><strong><em>παιδία,</em></strong></span> <span class='ocrx_word' id='word_1_92' title='bbox 548 1036 687 1078; x_wconf 84' lang='grc' dir='ltr'><strong><em>ταινία,</em></strong></span> <span class='ocrx_word' id='word_1_93' title='bbox 714 1035 823 1070; x_wconf 79' lang='grc' dir='ltr'><strong><em>οἰκία.</em></strong></span> <span class='ocrx_word' id='word_1_94' title='bbox 848 1036 946 1069; x_wconf 86' lang='lat' dir='ltr'>Haec</span> 
     </span>
     <span class='ocr_line' id='line_1_16' title="bbox 280 1082 946 1118; baseline -0.002 -2"><span class='ocrx_word' id='word_1_95' title='bbox 280 1085 332 1118; x_wconf 82' lang='lat' dir='ltr'>ita.</span> <span class='ocrx_word' id='word_1_96' title='bbox 354 1084 485 1117; x_wconf 87' lang='lat' dir='ltr'>demum</span> <span class='ocrx_word' id='word_1_97' title='bbox 518 1088 613 1116; x_wconf 82' lang='lat' dir='ltr'>recte</span> <span class='ocrx_word' id='word_1_98' title='bbox 637 1082 815 1116; x_wconf 86' lang='lat' dir='ltr'>coniuncta</span> <span class='ocrx_word' id='word_1_99' title='bbox 837 1085 873 1115; x_wconf 84' lang='lat' dir='ltr'>et</span> <span class='ocrx_word' id='word_1_100' title='bbox 901 1082 946 1116; x_wconf 86' lang='lat' dir='ltr'><strong><em>ad</em></strong></span> 
     </span>
     <span class='ocr_line' id='line_1_17' title="bbox 282 1128 945 1175; baseline -0.002 -13"><span class='ocrx_word' id='word_1_101' title='bbox 282 1129 490 1175; x_wconf 86' lang='lat' dir='ltr'>propositum</span> <span class='ocrx_word' id='word_1_102' title='bbox 521 1133 603 1173; x_wconf 88' lang='lat' dir='ltr'>apta</span> <span class='ocrx_word' id='word_1_103' title='bbox 640 1128 759 1162; x_wconf 89' lang='lat' dir='ltr'>haberi</span> <span class='ocrx_word' id='word_1_104' title='bbox 790 1132 945 1174; x_wconf 87' lang='lat' dir='ltr'><strong>possunt,</strong></span> 
     </span>
     <span class='ocr_line' id='line_1_18' title="bbox 282 1175 945 1221; baseline -0.006 -11"><span class='ocrx_word' id='word_1_105' title='bbox 282 1177 313 1210; x_wconf 87' lang='lat' dir='ltr'>si</span> <span class='ocrx_word' id='word_1_106' title='bbox 337 1176 467 1221; x_wconf 84' lang='lat' dir='ltr'>pariter</span> <span class='ocrx_word' id='word_1_107' title='bbox 491 1175 645 1208; x_wconf 83' lang='lat' dir='ltr'>omnibus</span> <span class='ocrx_word' id='word_1_108' title='bbox 673 1176 820 1208; x_wconf 80' lang='lat' dir='ltr'>Graecis</span> <span class='ocrx_word' id='word_1_109' title='bbox 853 1185 945 1207; x_wconf 92' lang='lat' dir='ltr'>con-</span> 
     </span>
     <span class='ocr_line' id='line_1_19' title="bbox 281 1220 945 1266; baseline -0.003 -11"><span class='ocrx_word' id='word_1_110' title='bbox 281 1222 395 1256; x_wconf 87' lang='lat' dir='ltr'>munia</span> <span class='ocrx_word' id='word_1_111' title='bbox 430 1220 628 1266; x_wconf 84' lang='lat' dir='ltr'>pariterque</span> <span class='ocrx_word' id='word_1_112' title='bbox 665 1223 758 1254; x_wconf 83' lang='lat' dir='ltr'>certo</span> <span class='ocrx_word' id='word_1_113' title='bbox 802 1225 945 1254; x_wconf 87' lang='lat' dir='ltr'>accentu</span> 
     </span>
     <span class='ocr_line' id='line_1_20' title="bbox 282 1266 944 1313; baseline -0.003 -11"><span class='ocrx_word' id='word_1_114' title='bbox 282 1268 441 1313; x_wconf 83' lang='lat' dir='ltr'>praedita</span> <span class='ocrx_word' id='word_1_115' title='bbox 464 1272 575 1301; x_wconf 88' lang='lat' dir='ltr'>erant.</span> <span class='ocrx_word' id='word_1_116' title='bbox 627 1266 700 1301; x_wconf 86' lang='lat' dir='ltr'><strong><em>Iam</em></strong></span> <span class='ocrx_word' id='word_1_117' title='bbox 722 1278 824 1311; x_wconf 89' lang='lat' dir='ltr'><strong><em>quum</em></strong></span> <span class='ocrx_word' id='word_1_118' title='bbox 847 1269 944 1300; x_wconf 84' lang='lat' dir='ltr'>utro-</span> 
     </span>
     <span class='ocr_line' id='line_1_21' title="bbox 281 1312 944 1359; baseline -0.005 -11"><span class='ocrx_word' id='word_1_119' title='bbox 281 1326 348 1359; x_wconf 86' lang='lat' dir='ltr'><strong><em>que</em></strong></span> <span class='ocrx_word' id='word_1_120' title='bbox 396 1313 547 1347; x_wconf 78' lang='lat' dir='ltr'><strong>Platonis</strong></span> <span class='ocrx_word' id='word_1_121' title='bbox 592 1312 635 1345; x_wconf 86' lang='lat' dir='ltr'><strong><em>de</em></strong></span> <span class='ocrx_word' id='word_1_122' title='bbox 681 1312 830 1356; x_wconf 83' lang='lat' dir='ltr'>Legibus</span> <span class='ocrx_word' id='word_1_123' title='bbox 868 1313 944 1346; x_wconf 91' lang='lat' dir='ltr'>loco</span> 
     </span>
     <span class='ocr_line' id='line_1_22' title="bbox 280 1358 945 1403; baseline -0.005 -9"><span class='ocrx_word' id='word_1_124' title='bbox 280 1360 323 1395; x_wconf 90' lang='lat' dir='ltr'><strong><em>L.</em></strong></span> <span class='ocrx_word' id='word_1_125' title='bbox 359 1359 437 1394; x_wconf 93' lang='lat' dir='ltr'><strong>V.II</strong></span> <span class='ocrx_word' id='word_1_126' title='bbox 472 1363 508 1392; x_wconf 89' lang='lat' dir='ltr'>et</span> <span class='ocrx_word' id='word_1_127' title='bbox 545 1358 660 1391; x_wconf 87' lang='lat' dir='ltr'><strong>VIIII.</strong></span> <span class='ocrx_word' id='word_1_128' title='bbox 702 1358 882 1403; x_wconf 83' lang='lat' dir='ltr'>pueritiam</span> <span class='ocrx_word' id='word_1_129' title='bbox 923 1369 945 1392; x_wconf 84' lang='lat' dir='ltr'>a</span> 
     </span>
     <span class='ocr_line' id='line_1_23' title="bbox 281 1404 944 1450; baseline -0.005 -10"><span class='ocrx_word' id='word_1_130' title='bbox 281 1406 451 1450; x_wconf 81' lang='lat' dir='ltr'><strong>scriptore</strong></span> <span class='ocrx_word' id='word_1_131' title='bbox 479 1404 691 1448; x_wconf 68' lang='lat' dir='ltr'>designatam</span> <span class='ocrx_word' id='word_1_132' title='bbox 714 1416 789 1438; x_wconf 80' lang='lat' dir='ltr'>esse</span> <span class='ocrx_word' id='word_1_133' title='bbox 813 1408 944 1448; x_wconf 85' lang='lat' dir='ltr'>pateat,</span> 
     </span>
     <span class='ocr_line' id='line_1_24' title="bbox 280 1446 945 1504; baseline -0.005 -18"><span class='ocrx_word' id='word_1_134' title='bbox 280 1451 457 1486; x_wconf 76' lang='grc' dir='ltr'><strong><em>παιδείαν</em></strong></span> <span class='ocrx_word' id='word_1_135' title='bbox 481 1455 595 1504; x_wconf 75' lang='lat' dir='ltr'>autern</span> <span class='ocrx_word' id='word_1_136' title='bbox 625 1455 660 1483; x_wconf 85' lang='lat' dir='ltr'>et</span> <span class='ocrx_word' id='word_1_137' title='bbox 683 1446 840 1484; x_wconf 80' lang='grc' dir='ltr'><strong><em>παιδιὰν</em></strong></span> <span class='ocrx_word' id='word_1_138' title='bbox 863 1461 945 1484; x_wconf 91' lang='lat' dir='ltr'>usus</span> 
     </span>
     <span class='ocr_line' id='line_1_25' title="bbox 280 1496 946 1542; baseline -0.006 -9"><span class='ocrx_word' id='word_1_139' title='bbox 280 1497 442 1542; x_wconf 82' lang='lat' dir='ltr'>linguae&#39;</span> <span class='ocrx_word' id='word_1_140' title='bbox 433 1509 584 1531; x_wconf 75' lang='lat' dir='ltr'>lnnumel</span> <span class='ocrx_word' id='word_1_141' title='bbox 587 1496 615 1530; x_wconf 89' lang='lat' dir='ltr'>is</span> <span class='ocrx_word' id='word_1_142' title='bbox 627 1497 836 1530; x_wconf 84' lang='lat' dir='ltr'>documentis</span> <span class='ocrx_word' id='word_1_143' title='bbox 846 1500 946 1529; x_wconf 84' lang='lat' dir='ltr'>extra</span> 
     </span>
     <span class='ocr_line' id='line_1_26' title="bbox 280 1543 945 1588; baseline -0.005 -10"><span class='ocrx_word' id='word_1_144' title='bbox 280 1544 528 1578; x_wconf 82' lang='lat' dir='ltr'>dubitationem</span> <span class='ocrx_word' id='word_1_145' title='bbox 550 1543 681 1588; x_wconf 86' lang='lat' dir='ltr'>positus</span> <span class='ocrx_word' id='word_1_146' title='bbox 701 1543 821 1584; x_wconf 85' lang='lat' dir='ltr'>aliter,</span> <span class='ocrx_word' id='word_1_147' title='bbox 844 1553 945 1587; x_wconf 88' lang='lat' dir='ltr'><strong><em>quam</em></strong></span> 
     </span>
     <span class='ocr_line' id='line_1_27' title="bbox 280 1589 945 1633; baseline -0.005 -9"><span class='ocrx_word' id='word_1_148' title='bbox 280 1590 528 1624; x_wconf 80' lang='lat' dir='ltr'>institutionem</span> <span class='ocrx_word' id='word_1_149' title='bbox 575 1589 863 1633; x_wconf 87' lang='lat' dir='ltr'>eruditionemque</span> <span class='ocrx_word' id='word_1_150' title='bbox 909 1593 945 1621; x_wconf 86' lang='lat' dir='ltr'>et</span> 
     </span>
     <span class='ocr_line' id='line_1_28' title="bbox 282 1634 945 1680; baseline -0.006 -10"><span class='ocrx_word' id='word_1_151' title='bbox 282 1638 396 1670; x_wconf 89' lang='lat' dir='ltr'>ludum</span> <span class='ocrx_word' id='word_1_152' title='bbox 428 1636 607 1680; x_wconf 82' lang='lat' dir='ltr'>iocumque</span> <span class='ocrx_word' id='word_1_153' title='bbox 641 1634 863 1680; x_wconf 83' lang='lat' dir='ltr'>intelpretari</span> <span class='ocrx_word' id='word_1_154' title='bbox 885 1634 945 1667; x_wconf 85' lang='lat' dir='ltr'>vix</span> 
     </span>
     <span class='ocr_line' id='line_1_29' title="bbox 281 1679 946 1735; baseline -0.005 -19"><span class='ocrx_word' id='word_1_155' title='bbox 281 1682 451 1735; x_wconf 77' lang='lat' dir='ltr'>patiatur.</span> <span class='ocrx_word' id='word_1_156' title='bbox 484 1681 617 1715; x_wconf 84' lang='grc' dir='ltr'><strong><em>παιδία</em></strong></span> <span class='ocrx_word' id='word_1_157' title='bbox 640 1693 721 1714; x_wconf 78' lang='lat' dir='ltr'>velo</span> <span class='ocrx_word' id='word_1_158' title='bbox 745 1693 765 1714; x_wconf 83' lang='lat' dir='ltr'>a</span> <span class='ocrx_word' id='word_1_159' title='bbox 788 1682 878 1719; x_wconf 84' lang='grc' dir='ltr'><strong><em>παῖς</em></strong></span> <span class='ocrx_word' id='word_1_160' title='bbox 901 1679 946 1713; x_wconf 87' lang='lat' dir='ltr'><strong><em>ad</em></strong></span> 
     </span>
     <span class='ocr_line' id='line_1_30' title="bbox 283 1725 946 1774; baseline -0.005 -12"><span class='ocrx_word' id='word_1_161' title='bbox 283 1728 380 1774; x_wconf 85' lang='lat' dir='ltr'>pueri</span> <span class='ocrx_word' id='word_1_162' title='bbox 405 1727 558 1761; x_wconf 76' lang='lat' dir='ltr'>habitum</span> <span class='ocrx_word' id='word_1_163' title='bbox 582 1732 618 1760; x_wconf 86' lang='lat' dir='ltr'>et</span> <span class='ocrx_word' id='word_1_164' title='bbox 649 1726 873 1761; x_wconf 85' lang='lat' dir='ltr'>conditionem</span> <span class='ocrx_word' id='word_1_165' title='bbox 897 1725 946 1759; x_wconf 90' lang='lat' dir='ltr'>si-</span> 
     </span>
     <span class='ocr_line' id='line_1_31' title="bbox 282 1772 945 1830; baseline -0.005 -22"><span class='ocrx_word' id='word_1_166' title='bbox 282 1775 510 1830; x_wconf 81' lang='lat' dir='ltr'>gnificandam</span> <span class='ocrx_word' id='word_1_167' title='bbox 533 1773 582 1807; x_wconf 88' lang='lat' dir='ltr'>sic</span> <span class='ocrx_word' id='word_1_168' title='bbox 607 1772 757 1806; x_wconf 74' lang='lat' dir='ltr'>derivari</span> <span class='ocrx_word' id='word_1_169' title='bbox 781 1775 945 1827; x_wconf 82' lang='lat' dir='ltr'>potuerit,</span> 
     </span>
     <span class='ocr_line' id='line_1_32' title="bbox 283 1815 946 1863; baseline -0.005 -9"><span class='ocrx_word' id='word_1_170' title='bbox 283 1825 322 1854; x_wconf 84' lang='lat' dir='ltr'>ut</span> <span class='ocrx_word' id='word_1_171' title='bbox 346 1817 481 1863; x_wconf 65' lang='grc' dir='ltr'><strong><em>ἀνδρία</em></strong></span> <span class='ocrx_word' id='word_1_172' title='bbox 512 1820 554 1852; x_wconf 90' lang='lat' dir='ltr'><strong><em>ab</em></strong></span> <span class='ocrx_word' id='word_1_173' title='bbox 591 1816 687 1862; x_wconf 79' lang='grc' dir='ltr'><strong><em>ανήρ</em></strong></span> <span class='ocrx_word' id='word_1_174' title='bbox 724 1823 759 1852; x_wconf 87' lang='lat' dir='ltr'>et</span> <span class='ocrx_word' id='word_1_175' title='bbox 791 1815 946 1852; x_wconf 78' lang='grc' dir='ltr'><strong><em>ου’δενία</em></strong></span> 
     </span>
     <span class='ocr_line' id='line_1_33' title="bbox 283 1861 943 1911; baseline -0.003 -11"><span class='ocrx_word' id='word_1_176' title='bbox 283 1867 450 1911; x_wconf 86' lang='lat' dir='ltr'>(Theaet.</span> <span class='ocrx_word' id='word_1_177' title='bbox 474 1878 508 1911; x_wconf 88' lang='lat' dir='ltr'><strong><em>p.</em></strong></span> <span class='ocrx_word' id='word_1_178' title='bbox 538 1867 615 1901; x_wconf 84' lang='lat'><strong>176.</strong></span> <span class='ocrx_word' id='word_1_179' title='bbox 641 1866 702 1908; x_wconf 89' lang='lat' dir='ltr'><strong><em>C.)</em></strong></span> <span class='ocrx_word' id='word_1_180' title='bbox 737 1865 779 1898; x_wconf 91' lang='lat' dir='ltr'><strong><em>ab</em></strong></span> <span class='ocrx_word' id='word_1_181' title='bbox 806 1861 943 1907; x_wconf 71' lang='grc' dir='ltr'><strong><em>οὐδεὶς,</em></strong></span> 
     </span>
     <span class='ocr_line' id='line_1_34' title="bbox 282 1908 946 1956; baseline -0.005 -10"><span class='ocrx_word' id='word_1_182' title='bbox 282 1913 429 1956; x_wconf 83' lang='lat' dir='ltr'>denique</span> <span class='ocrx_word' id='word_1_183' title='bbox 483 1911 712 1956; x_wconf 79' lang='lat' dir='ltr'><strong>Hippocrates</strong></span> <span class='ocrx_word' id='word_1_184' title='bbox 766 1908 946 1955; x_wconf 79' lang='grc' dir='ltr'><strong><em>προῤῥητ.</em></strong></span> 
     </span>
     <span class='ocr_line' id='line_1_35' title="bbox 283 1956 946 2003; baseline -0.006 -11"><span class='ocrx_word' id='word_1_185' title='bbox 283 1959 325 1993; x_wconf 93' lang='lat' dir='ltr'><strong><em>L.</em></strong></span> <span class='ocrx_word' id='word_1_186' title='bbox 350 1959 396 1992; x_wconf 91' lang='lat' dir='ltr'><strong><em>II.</em></strong></span> <span class='ocrx_word' id='word_1_187' title='bbox 425 1959 470 1993; x_wconf 90' lang='lat' dir='ltr'><strong><em>T.</em></strong></span> <span class='ocrx_word' id='word_1_188' title='bbox 490 1959 518 1992; x_wconf 87' lang='lat' dir='ltr'><strong><em>I.</em></strong></span> <span class='ocrx_word' id='word_1_189' title='bbox 543 1970 576 2003; x_wconf 91' lang='lat' dir='ltr'><strong><em>p.</em></strong></span> <span class='ocrx_word' id='word_1_190' title='bbox 594 1960 674 1993; x_wconf 70' lang='lat'><strong>231.</strong></span> <span class='ocrx_word' id='word_1_191' title='bbox 700 1957 813 1991; x_wconf 74' lang='lat' dir='ltr'>Kiihn.</span> <span class='ocrx_word' id='word_1_192' title='bbox 837 1956 946 1990; x_wconf 85' lang='lat' dir='ltr'>nomi-</span> 
     </span>
     <span class='ocr_line' id='line_1_36' title="bbox 284 2002 947 2047; baseline -0.006 -8"><span class='ocrx_word' id='word_1_193' title='bbox 284 2017 327 2038; x_wconf 89' lang='lat' dir='ltr'><strong><em>ne</em></strong></span> <span class='ocrx_word' id='word_1_194' title='bbox 350 2004 483 2047; x_wconf 86' lang='grc' dir='ltr'><strong><em>παιδίη</em></strong></span> <span class='ocrx_word' id='word_1_195' title='bbox 511 2004 552 2037; x_wconf 89' lang='lat' dir='ltr'><strong><em>de</em></strong></span> <span class='ocrx_word' id='word_1_196' title='bbox 584 2005 702 2038; x_wconf 86' lang='lat' dir='ltr'>eadem</span> <span class='ocrx_word' id='word_1_197' title='bbox 727 2015 764 2036; x_wconf 90' lang='lat' dir='ltr'><strong><em>1e</em></strong></span> <span class='ocrx_word' id='word_1_198' title='bbox 787 2015 867 2036; x_wconf 88' lang='lat' dir='ltr'>usus</span> <span class='ocrx_word' id='word_1_199' title='bbox 891 2002 947 2044; x_wconf 91' lang='lat' dir='ltr'>sit,</span> 
     </span>
     <span class='ocr_line' id='line_1_37' title="bbox 284 2047 945 2107; baseline -0.006 -22"><span class='ocrx_word' id='word_1_200' title='bbox 284 2050 443 2107; x_wconf 75' lang='grc' dir='ltr'><strong><em>(γίνεται</em></strong></span> <span class='ocrx_word' id='word_1_201' title='bbox 475 2047 515 2083; x_wconf 77' lang='grc' dir='ltr'><strong><em>δὲ</em></strong></span> <span class='ocrx_word' id='word_1_202' title='bbox 544 2047 587 2084; x_wconf 84' lang='grc' dir='ltr'><strong><em>τὸ</em></strong></span> <span class='ocrx_word' id='word_1_203' title='bbox 626 2047 797 2092; x_wconf 78' lang='grc' dir='ltr'><strong><em>νούσημα</em></strong></span> <span class='ocrx_word' id='word_1_204' title='bbox 831 2048 945 2082; x_wconf 82' lang='grc' dir='ltr'><strong><em>τοῦτο</em></strong></span> 
     </span>
     <span class='ocr_line' id='line_1_38' title="bbox 286 2092 947 2153; baseline -0.005 -22"><span class='ocrx_word' id='word_1_205' title='bbox 286 2095 380 2132; x_wconf 82' lang='grc' dir='ltr'><strong><em>οἷσιν</em></strong></span> <span class='ocrx_word' id='word_1_206' title='bbox 404 2094 442 2130; x_wconf 80' lang='grc' dir='ltr'><strong><em>ἐν</em></strong></span> <span class='ocrx_word' id='word_1_207' title='bbox 454 2097 499 2153; x_wconf 83' lang='grc' dir='ltr'><strong><em>τῇ</em></strong></span> <span class='ocrx_word' id='word_1_208' title='bbox 512 2096 644 2150; x_wconf 85' lang='grc' dir='ltr'><strong><em>παιδίη</em></strong></span> <span class='ocrx_word' id='word_1_209' title='bbox 660 2107 697 2130; x_wconf 84' lang='grc' dir='ltr'><strong><em>τε</em></strong></span> <span class='ocrx_word' id='word_1_210' title='bbox 718 2095 779 2129; x_wconf 80' lang='grc' dir='ltr'><strong><em>καὶ</em></strong></span> <span class='ocrx_word' id='word_1_211' title='bbox 797 2092 947 2151; x_wconf 84' lang='grc' dir='ltr'><strong><em>νεότητι</em></strong></span> 
     </span>
     <span class='ocr_line' id='line_1_39' title="bbox 285 2139 947 2186; baseline -0.006 -9"><span class='ocrx_word' id='word_1_212' title='bbox 285 2141 447 2186; x_wconf 78' lang='grc' dir='ltr'><strong><em>ξύνηθες</em></strong></span> <span class='ocrx_word' id='word_1_213' title='bbox 482 2139 544 2176; x_wconf 80' lang='grc' dir='ltr'><strong><em>ἐὸν</em></strong></span> <span class='ocrx_word' id='word_1_214' title='bbox 569 2146 660 2184; x_wconf 81' lang='grc' dir='ltr'><strong><em>αἱμα</em></strong></span> <span class='ocrx_word' id='word_1_215' title='bbox 696 2140 775 2185; x_wconf 80' lang='grc' dir='ltr'><strong><em>ῥεῖν</em></strong></span> <span class='ocrx_word' id='word_1_216' title='bbox 808 2153 845 2174; x_wconf 80' lang='grc' dir='ltr'><strong><em>εκ</em></strong></span> <span class='ocrx_word' id='word_1_217' title='bbox 870 2141 947 2174; x_wconf 78' lang='grc' dir='ltr'><strong><em>τῶν</em></strong></span> 
     </span>
     <span class='ocr_line' id='line_1_40' title="bbox 285 2187 949 2233; baseline -0.006 -10"><span class='ocrx_word' id='word_1_218' title='bbox 285 2187 401 2233; x_wconf 75' lang='grc' dir='ltr'><strong><em>ῥινῶν</em></strong></span> <span class='ocrx_word' id='word_1_219' title='bbox 429 2187 650 2232; x_wconf 84' lang='grc' dir='ltr'><strong><em>πέπαυται.)</em></strong></span> <span class='ocrx_word' id='word_1_220' title='bbox 686 2187 857 2221; x_wconf 82' lang='lat' dir='ltr'>codicibus</span> <span class='ocrx_word' id='word_1_221' title='bbox 885 2187 949 2220; x_wconf 87' lang='lat' dir='ltr'>ali-</span> 
     </span>
    </p>
   </div>
   <div class='ocr_carea' id='block_1_8' title="bbox 284 2233 1036 2279">
    <p class='ocr_par' dir='ltr' id='par_1_8' title="bbox 284 2233 1036 2279">
     <span class='ocr_line' id='line_1_41' title="bbox 284 2233 1036 2279; baseline -0.003 -10"><span class='ocrx_word' id='word_1_222' title='bbox 284 2247 384 2279; x_wconf 85' lang='lat' dir='ltr'>quam</span> <span class='ocrx_word' id='word_1_223' title='bbox 407 2240 521 2269; x_wconf 87' lang='lat' dir='ltr'>tamen</span> <span class='ocrx_word' id='word_1_224' title='bbox 550 2236 717 2279; x_wconf 80' lang='lat' dir='ltr'><strong><em>optionem</em></strong></span> <span class='ocrx_word' id='word_1_225' title='bbox 750 2233 839 2267; x_wconf 80' lang='lat' dir='ltr'>inter</span> <span class='ocrx_word' id='word_1_226' title='bbox 862 2244 950 2266; x_wconf 82' lang='grc' dir='ltr'><strong><em>παι-</em></strong></span> <span class='ocrx_word' id='word_1_227' title='bbox 1007 2234 1036 2267; x_wconf 88' lang='lat' dir='ltr'>C</span> 
     </span>
    </p>
   </div>
   <div class='ocr_carea' id='block_1_9' title="bbox 285 2279 949 2879">
    <p class='ocr_par' dir='ltr' id='par_1_9' title="bbox 285 2279 949 2879">
     <span class='ocr_line' id='line_1_42' title="bbox 286 2279 949 2324; baseline -0.005 -9"><span class='ocrx_word' id='word_1_228' title='bbox 286 2281 413 2324; x_wconf 85' lang='grc' dir='ltr'><strong><em>δείαν,</em></strong></span> <span class='ocrx_word' id='word_1_229' title='bbox 445 2279 602 2314; x_wconf 83' lang='grc' dir='ltr'><strong><em>παιδιὰν</em></strong></span> <span class='ocrx_word' id='word_1_230' title='bbox 626 2284 661 2314; x_wconf 88' lang='lat' dir='ltr'>et</span> <span class='ocrx_word' id='word_1_231' title='bbox 683 2280 839 2313; x_wconf 86' lang='grc' dir='ltr'><strong><em>παιδίαν</em></strong></span> <span class='ocrx_word' id='word_1_232' title='bbox 863 2280 949 2312; x_wconf 87' lang='lat' dir='ltr'>dan-</span> 
     </span>
     <span class='ocr_line' id='line_1_43' title="bbox 285 2326 949 2371; baseline -0.005 -10"><span class='ocrx_word' id='word_1_233' title='bbox 285 2328 376 2362; x_wconf 78' lang='lat' dir='ltr'>tibus</span> <span class='ocrx_word' id='word_1_234' title='bbox 399 2329 463 2361; x_wconf 88' lang='lat' dir='ltr'>hoc</span> <span class='ocrx_word' id='word_1_235' title='bbox 497 2327 649 2371; x_wconf 82' lang='lat' dir='ltr'>quamvis</span> <span class='ocrx_word' id='word_1_236' title='bbox 672 2326 707 2359; x_wconf 89' lang='lat' dir='ltr'>in</span> <span class='ocrx_word' id='word_1_237' title='bbox 734 2326 949 2369; x_wconf 83' lang='lat' dir='ltr'>paucioribus</span> 
     </span>
     <span class='ocr_line' id='line_1_44' title="bbox 287 2372 946 2418; baseline -0.006 -10"><span class='ocrx_word' id='word_1_238' title='bbox 287 2385 396 2418; x_wconf 87' lang='lat' dir='ltr'>neque</span> <span class='ocrx_word' id='word_1_239' title='bbox 431 2373 570 2418; x_wconf 88' lang='lat' dir='ltr'>optimis</span> <span class='ocrx_word' id='word_1_240' title='bbox 605 2373 676 2415; x_wconf 87' lang='lat' dir='ltr'><strong><em>(L.</em></strong></span> <span class='ocrx_word' id='word_1_241' title='bbox 703 2373 777 2407; x_wconf 78' lang='lat' dir='ltr'><strong>Vll.</strong></span> <span class='ocrx_word' id='word_1_242' title='bbox 802 2372 836 2405; x_wconf 88' lang='lat' dir='ltr'>in</span> <span class='ocrx_word' id='word_1_243' title='bbox 861 2372 946 2406; x_wconf 84' lang='lat' dir='ltr'><strong>Ven.</strong></span> 
     </span>
     <span class='ocr_line' id='line_1_45' title="bbox 288 2418 947 2454; baseline -0.002 -1"><span class='ocrx_word' id='word_1_244' title='bbox 288 2420 326 2453; x_wconf 91' lang='lat' dir='ltr'><strong><em>B.</em></strong></span> <span class='ocrx_word' id='word_1_245' title='bbox 353 2424 388 2452; x_wconf 85' lang='lat' dir='ltr'>et</span> <span class='ocrx_word' id='word_1_246' title='bbox 411 2420 471 2454; x_wconf 87' lang='lat' dir='ltr'>int.</span> <span class='ocrx_word' id='word_1_247' title='bbox 497 2431 585 2454; x_wconf 81' lang='lat' dir='ltr'>vers,</span> <span class='ocrx_word' id='word_1_248' title='bbox 617 2420 696 2453; x_wconf 83' lang='lat' dir='ltr'><strong>Vat.</strong></span> <span class='ocrx_word' id='word_1_249' title='bbox 723 2419 763 2451; x_wconf 86' lang='lat' dir='ltr'><strong><em>C.</em></strong></span> <span class='ocrx_word' id='word_1_250' title='bbox 787 2418 881 2451; x_wconf 85' lang='lat' dir='ltr'><strong>Flor.</strong></span> <span class='ocrx_word' id='word_1_251' title='bbox 906 2418 947 2452; x_wconf 91' lang='lat' dir='ltr'><strong>A.</strong></span> 
     </span>
     <span class='ocr_line' id='line_1_46' title="bbox 287 2464 948 2508; baseline -0.003 -10"><span class='ocrx_word' id='word_1_252' title='bbox 287 2465 326 2498; x_wconf 89' lang='lat' dir='ltr'><strong>L.</strong></span> <span class='ocrx_word' id='word_1_253' title='bbox 352 2466 465 2500; x_wconf 82' lang='lat' dir='ltr'><strong>VIIII.</strong></span> <span class='ocrx_word' id='word_1_254' title='bbox 490 2466 525 2499; x_wconf 92' lang='lat' dir='ltr'>in</span> <span class='ocrx_word' id='word_1_255' title='bbox 547 2464 804 2507; x_wconf 82' lang='lat' dir='ltr'><strong>Flor.CMW.)</strong></span> <span class='ocrx_word' id='word_1_256' title='bbox 828 2474 948 2508; x_wconf 87' lang='lat' dir='ltr'>reper-</span> 
     </span>
     <span class='ocr_line' id='line_1_47' title="bbox 286 2510 947 2555; baseline -0.002 -11"><span class='ocrx_word' id='word_1_257' title='bbox 286 2516 357 2544; x_wconf 87' lang='lat' dir='ltr'>tum</span> <span class='ocrx_word' id='word_1_258' title='bbox 395 2512 501 2545; x_wconf 86' lang='lat' dir='ltr'>nihilo</span> <span class='ocrx_word' id='word_1_259' title='bbox 541 2511 649 2544; x_wconf 85' lang='lat' dir='ltr'>minus</span> <span class='ocrx_word' id='word_1_260' title='bbox 688 2510 947 2555; x_wconf 84' lang='lat' dir='ltr'>praeferendum</span> 
     </span>
     <span class='ocr_line' id='line_1_48' title="bbox 286 2556 946 2602; baseline -0.003 -12"><span class='ocrx_word' id='word_1_261' title='bbox 286 2561 322 2590; x_wconf 85' lang='lat' dir='ltr'>et</span> <span class='ocrx_word' id='word_1_262' title='bbox 345 2569 464 2590; x_wconf 81' lang='lat' dir='ltr'>nomen</span> <span class='ocrx_word' id='word_1_263' title='bbox 489 2558 594 2598; x_wconf 79' lang='lat' dir='ltr'>idem,</span> <span class='ocrx_word' id='word_1_264' title='bbox 628 2557 717 2602; x_wconf 89' lang='lat' dir='ltr'>quod</span> <span class='ocrx_word' id='word_1_265' title='bbox 751 2556 946 2589; x_wconf 78' lang='lat' dir='ltr'>Athenaeus</span> 
     </span>
     <span class='ocr_line' id='line_1_49' title="bbox 285 2602 945 2647; baseline -0.005 -10"><span class='ocrx_word' id='word_1_266' title='bbox 285 2604 321 2637; x_wconf 88' lang='lat' dir='ltr'>in</span> <span class='ocrx_word' id='word_1_267' title='bbox 345 2604 453 2637; x_wconf 85' lang='lat' dir='ltr'>animo</span> <span class='ocrx_word' id='word_1_268' title='bbox 479 2604 646 2644; x_wconf 77' lang='lat' dir='ltr'>habebat,</span> <span class='ocrx_word' id='word_1_269' title='bbox 678 2615 739 2644; x_wconf 75' lang='lat' dir='ltr'><strong><em>ea,</em></strong></span> <span class='ocrx_word' id='word_1_270' title='bbox 763 2613 852 2647; x_wconf 85' lang='lat' dir='ltr'><strong><em>quae</em></strong></span> <span class='ocrx_word' id='word_1_271' title='bbox 875 2602 945 2635; x_wconf 83' lang='lat' dir='ltr'><strong><em>Bu-</em></strong></span> 
     </span>
     <span class='ocr_line' id='line_1_50' title="bbox 287 2647 946 2695; baseline -0.005 -13"><span class='ocrx_word' id='word_1_272' title='bbox 287 2650 372 2682; x_wconf 84' lang='lat' dir='ltr'>daeo</span> <span class='ocrx_word' id='word_1_273' title='bbox 400 2656 435 2682; x_wconf 86' lang='lat' dir='ltr'>et</span> <span class='ocrx_word' id='word_1_274' title='bbox 459 2650 633 2695; x_wconf 70' lang='lat' dir='ltr'>Stcphano</span> <span class='ocrx_word' id='word_1_275' title='bbox 657 2649 806 2693; x_wconf 81' lang='lat' dir='ltr'>placuit,</span> <span class='ocrx_word' id='word_1_276' title='bbox 840 2647 946 2690; x_wconf 74' lang='lat' dir='ltr'>signi-</span> 
     </span>
     <span class='ocr_line' id='line_1_51' title="bbox 286 2693 946 2738; baseline -0.006 -9"><span class='ocrx_word' id='word_1_277' title='bbox 286 2695 446 2729; x_wconf 81' lang='lat' dir='ltr'>ficatione</span> <span class='ocrx_word' id='word_1_278' title='bbox 477 2696 530 2728; x_wconf 89' lang='lat' dir='ltr'>bis</span> <span class='ocrx_word' id='word_1_279' title='bbox 560 2707 579 2728; x_wconf 89' lang='lat' dir='ltr'>a</span> <span class='ocrx_word' id='word_1_280' title='bbox 618 2696 760 2729; x_wconf 80' lang='lat' dir='ltr'>Platone</span> <span class='ocrx_word' id='word_1_281' title='bbox 799 2693 946 2738; x_wconf 88' lang='lat' dir='ltr'>positum</span> 
     </span>
     <span class='ocr_line' id='line_1_52' title="bbox 286 2739 944 2785; baseline -0.003 -10"><span class='ocrx_word' id='word_1_282' title='bbox 286 2742 429 2775; x_wconf 82' lang='lat' dir='ltr'>videtur.</span> <span class='ocrx_word' id='word_1_283' title='bbox 479 2742 528 2774; x_wconf 86' lang='lat' dir='ltr'><strong><em>Ac</em></strong></span> <span class='ocrx_word' id='word_1_284' title='bbox 562 2741 648 2775; x_wconf 82' lang='lat' dir='ltr'>libro</span> <span class='ocrx_word' id='word_1_285' title='bbox 685 2741 818 2785; x_wconf 88' lang='lat' dir='ltr'>quidem</span> <span class='ocrx_word' id='word_1_286' title='bbox 867 2740 895 2777; x_wconf 78' lang='lat' dir='ltr'>V</span> <span class='ocrx_word' id='word_1_287' title='bbox 899 2739 944 2773; x_wconf 87' lang='lat'><strong><em>11.</em></strong></span> 
     </span>
     <span class='ocr_line' id='line_1_53' title="bbox 285 2786 944 2826; baseline -0.005 -6"><span class='ocrx_word' id='word_1_288' title='bbox 285 2787 387 2821; x_wconf 85' lang='lat' dir='ltr'>etiam</span> <span class='ocrx_word' id='word_1_289' title='bbox 422 2787 597 2821; x_wconf 86' lang='lat' dir='ltr'>Bekkerus</span> <span class='ocrx_word' id='word_1_290' title='bbox 630 2787 784 2825; x_wconf 74' lang='grc' dir='ltr'><strong><em>παιδίας</em></strong></span> <span class='ocrx_word' id='word_1_291' title='bbox 823 2786 944 2826; x_wconf 70' lang='lat' dir='ltr'>tenuit,</span> 
     </span>
     <span class='ocr_line' id='line_1_54' title="bbox 286 2831 942 2879; baseline -0.005 -13"><span class='ocrx_word' id='word_1_292' title='bbox 286 2834 346 2867; x_wconf 87' lang='lat' dir='ltr'><strong><em>sed</em></strong></span> <span class='ocrx_word' id='word_1_293' title='bbox 372 2833 482 2867; x_wconf 82' lang='lat' dir='ltr'><strong><em>Vlnl.</em></strong></span> <span class='ocrx_word' id='word_1_294' title='bbox 508 2832 659 2878; x_wconf 74' lang='grc' dir='ltr'><strong><em>παιδείᾳ</em></strong></span> <span class='ocrx_word' id='word_1_295' title='bbox 683 2831 840 2879; x_wconf 71' lang='lat' dir='ltr'>scripsIt,</span> <span class='ocrx_word' id='word_1_296' title='bbox 869 2832 942 2864; x_wconf 79' lang='lat' dir='ltr'>for-</span> 
     </span>
    </p>
   </div>
   <div class='ocr_carea' id='block_1_10' title="bbox 1000 986 1666 1531">
    <p class='ocr_par' dir='ltr' id='par_1_10' title="bbox 1000 986 1666 1531">
     <span class='ocr_line' id='line_1_55' title="bbox 1000 986 1662 1028; baseline -0.005 -5"><span class='ocrx_word' id='word_1_297' title='bbox 1000 992 1094 1023; x_wconf 82' lang='lat' dir='ltr'>tasse</span> <span class='ocrx_word' id='word_1_298' title='bbox 1118 988 1230 1023; x_wconf 90' lang='lat' dir='ltr'>Photii</span> <span class='ocrx_word' id='word_1_299' title='bbox 1254 988 1460 1023; x_wconf 84' lang='lat' dir='ltr'>auctoritate</span> <span class='ocrx_word' id='word_1_300' title='bbox 1490 986 1662 1028; x_wconf 86' lang='lat' dir='ltr'>inductus,</span> 
     </span>
     <span class='ocr_line' id='line_1_56' title="bbox 1001 1030 1661 1081; baseline -0.005 -12"><span class='ocrx_word' id='word_1_301' title='bbox 1001 1036 1061 1081; x_wconf 91' lang='lat' dir='ltr'><strong><em>qui</em></strong></span> <span class='ocrx_word' id='word_1_302' title='bbox 1089 1035 1264 1069; x_wconf 83' lang='grc' dir='ltr'><strong><em>παιδείαν</em></strong></span> <span class='ocrx_word' id='word_1_303' title='bbox 1300 1032 1478 1078; x_wconf 80' lang='grc' dir='ltr'><strong><em>παιδικὴν</em></strong></span> <span class='ocrx_word' id='word_1_304' title='bbox 1515 1030 1661 1077; x_wconf 78' lang='grc' dir='ltr'><strong><em>ἡλικίαν</em></strong></span> 
     </span>
     <span class='ocr_line' id='line_1_57' title="bbox 1000 1081 1664 1127; baseline -0.005 -12"><span class='ocrx_word' id='word_1_305' title='bbox 1000 1082 1270 1127; x_wconf 84' lang='lat' dir='ltr'>interpretatur;</span> <span class='ocrx_word' id='word_1_306' title='bbox 1306 1081 1398 1115; x_wconf 89' lang='lat' dir='ltr'>cuius</span> <span class='ocrx_word' id='word_1_307' title='bbox 1427 1081 1574 1125; x_wconf 84' lang='lat' dir='ltr'>glossam</span> <span class='ocrx_word' id='word_1_308' title='bbox 1597 1091 1664 1124; x_wconf 82' lang='lat' dir='ltr'>ego</span> 
     </span>
     <span class='ocr_line' id='line_1_58' title="bbox 1001 1126 1663 1173; baseline -0.003 -12"><span class='ocrx_word' id='word_1_309' title='bbox 1001 1127 1055 1161; x_wconf 84' lang='lat' dir='ltr'><strong><em>vel</em></strong></span> <span class='ocrx_word' id='word_1_310' title='bbox 1079 1133 1271 1173; x_wconf 82' lang='lat' dir='ltr'>corruptam</span> <span class='ocrx_word' id='word_1_311' title='bbox 1296 1131 1331 1161; x_wconf 87' lang='lat' dir='ltr'>et</span> <span class='ocrx_word' id='word_1_312' title='bbox 1353 1127 1387 1161; x_wconf 94' lang='lat' dir='ltr'>in</span> <span class='ocrx_word' id='word_1_313' title='bbox 1409 1126 1564 1160; x_wconf 88' lang='grc' dir='ltr'><strong><em>παιδίαν</em></strong></span> <span class='ocrx_word' id='word_1_314' title='bbox 1587 1137 1663 1160; x_wconf 84' lang='grc' dir='ltr'><strong><em>ιιιιι-</em></strong></span> 
     </span>
     <span class='ocr_line' id='line_1_59' title="bbox 1001 1172 1663 1218; baseline -0.005 -10"><span class='ocrx_word' id='word_1_315' title='bbox 1001 1174 1138 1208; x_wconf 79' lang='lat' dir='ltr'>tandam</span> <span class='ocrx_word' id='word_1_316' title='bbox 1160 1174 1218 1208; x_wconf 90' lang='lat' dir='ltr'><strong><em>vel</em></strong></span> <span class='ocrx_word' id='word_1_317' title='bbox 1242 1173 1411 1218; x_wconf 82' lang='lat' dir='ltr'>corruptis</span> <span class='ocrx_word' id='word_1_318' title='bbox 1433 1172 1517 1206; x_wconf 88' lang='lat' dir='ltr'>locis</span> <span class='ocrx_word' id='word_1_319' title='bbox 1531 1197 1542 1215; x_wconf 83' lang='lat'><strong>,</strong></span> <span class='ocrx_word' id='word_1_320' title='bbox 1575 1183 1663 1217; x_wconf 87' lang='lat' dir='ltr'><strong><em>qua-</em></strong></span> 
     </span>
     <span class='ocr_line' id='line_1_60' title="bbox 1001 1218 1664 1266; baseline -0.005 -12"><span class='ocrx_word' id='word_1_321' title='bbox 1001 1221 1051 1254; x_wconf 88' lang='lat' dir='ltr'><strong><em>les</em></strong></span> <span class='ocrx_word' id='word_1_322' title='bbox 1074 1218 1229 1266; x_wconf 84' lang='lat' dir='ltr'>permulti</span> <span class='ocrx_word' id='word_1_323' title='bbox 1252 1225 1354 1262; x_wconf 86' lang='lat' dir='ltr'>sunt,</span> <span class='ocrx_word' id='word_1_324' title='bbox 1384 1223 1541 1259; x_wconf 87' lang='lat' dir='ltr'>enatam,</span> <span class='ocrx_word' id='word_1_325' title='bbox 1566 1218 1664 1252; x_wconf 85' lang='lat' dir='ltr'>deni-</span> 
     </span>
     <span class='ocr_line' id='line_1_61' title="bbox 1000 1264 1664 1312; baseline -0.003 -12"><span class='ocrx_word' id='word_1_326' title='bbox 1000 1278 1067 1312; x_wconf 90' lang='lat' dir='ltr'><strong><em>que</em></strong></span> <span class='ocrx_word' id='word_1_327' title='bbox 1090 1278 1157 1300; x_wconf 91' lang='lat' dir='ltr'>non</span> <span class='ocrx_word' id='word_1_328' title='bbox 1180 1266 1308 1311; x_wconf 85' lang='lat' dir='ltr'>pluris,</span> <span class='ocrx_word' id='word_1_329' title='bbox 1339 1277 1440 1311; x_wconf 85' lang='lat' dir='ltr'><strong><em>quam</em></strong></span> <span class='ocrx_word' id='word_1_330' title='bbox 1464 1276 1484 1298; x_wconf 90' lang='lat' dir='ltr'>a</span> <span class='ocrx_word' id='word_1_331' title='bbox 1505 1264 1664 1304; x_wconf 82' lang='lat' dir='ltr'>Bekkero</span> 
     </span>
     <span class='ocr_line' id='line_1_62' title="bbox 1001 1310 1666 1353; baseline -0.006 -6"><span class='ocrx_word' id='word_1_332' title='bbox 1001 1312 1119 1347; x_wconf 86' lang='lat' dir='ltr'>anecd.</span> <span class='ocrx_word' id='word_1_333' title='bbox 1143 1314 1226 1353; x_wconf 77' lang='lat'><strong>296,</strong></span> <span class='ocrx_word' id='word_1_334' title='bbox 1249 1314 1306 1346; x_wconf 75' lang='lat'><strong><em>21.</em></strong></span> <span class='ocrx_word' id='word_1_335' title='bbox 1332 1323 1351 1345; x_wconf 90' lang='lat' dir='ltr'>e</span> <span class='ocrx_word' id='word_1_336' title='bbox 1385 1311 1494 1345; x_wconf 84' lang='lat' dir='ltr'>lexico</span> <span class='ocrx_word' id='word_1_337' title='bbox 1517 1310 1666 1344; x_wconf 84' lang='lat' dir='ltr'>rhetori-</span> 
     </span>
     <span class='ocr_line' id='line_1_63' title="bbox 1001 1355 1665 1400; baseline -0.003 -8"><span class='ocrx_word' id='word_1_338' title='bbox 1001 1370 1041 1393; x_wconf 93' lang='lat' dir='ltr'>co</span> <span class='ocrx_word' id='word_1_339' title='bbox 1060 1359 1205 1392; x_wconf 84' lang='lat' dir='ltr'>editam:</span> <span class='ocrx_word' id='word_1_340' title='bbox 1236 1355 1393 1391; x_wconf 82' lang='grc' dir='ltr'><strong><em>παιδιά·</em></strong></span> <span class='ocrx_word' id='word_1_341' title='bbox 1424 1357 1491 1400; x_wconf 83' lang='grc' dir='ltr'><strong><em>τῆς</em></strong></span> <span class='ocrx_word' id='word_1_342' title='bbox 1520 1367 1558 1390; x_wconf 87' lang='grc' dir='ltr'><strong><em>εν</em></strong></span> <span class='ocrx_word' id='word_1_343' title='bbox 1580 1368 1665 1390; x_wconf 84' lang='grc' dir='ltr'><strong><em>παι·</em></strong></span> 
     </span>
     <span class='ocr_line' id='line_1_64' title="bbox 1003 1401 1662 1448; baseline -0.002 -10"><span class='ocrx_word' id='word_1_344' title='bbox 1003 1404 1060 1439; x_wconf 84' lang='grc' dir='ltr'><strong><em>σὶν</em></strong></span> <span class='ocrx_word' id='word_1_345' title='bbox 1098 1401 1243 1448; x_wconf 81' lang='grc' dir='ltr'><strong><em>ἡλικίας</em></strong></span> <span class='ocrx_word' id='word_1_346' title='bbox 1289 1403 1479 1438; x_wconf 85' lang='lat' dir='ltr'>faciendam</span> <span class='ocrx_word' id='word_1_347' title='bbox 1527 1414 1662 1437; x_wconf 84' lang='lat' dir='ltr'>censeo.</span> 
     </span>
     <span class='ocr_line' id='line_1_65' title="bbox 1001 1448 1666 1494; baseline -0.005 -9"><span class='ocrx_word' id='word_1_348' title='bbox 1001 1451 1134 1485; x_wconf 90' lang='lat' dir='ltr'>Nostro</span> <span class='ocrx_word' id='word_1_349' title='bbox 1153 1454 1265 1483; x_wconf 87' lang='lat' dir='ltr'>tamen</span> <span class='ocrx_word' id='word_1_350' title='bbox 1290 1450 1364 1484; x_wconf 89' lang='lat' dir='ltr'>loco</span> <span class='ocrx_word' id='word_1_351' title='bbox 1388 1461 1488 1494; x_wconf 91' lang='lat' dir='ltr'><strong><em>quum</em></strong></span> <span class='ocrx_word' id='word_1_352' title='bbox 1512 1448 1666 1482; x_wconf 84' lang='grc' dir='ltr'><strong><em>παιδεία</em></strong></span> 
     </span>
     <span class='ocr_line' id='line_1_66' title="bbox 1003 1483 1666 1531; baseline -0.005 0"><span class='ocrx_word' id='word_1_353' title='bbox 1003 1496 1089 1531; x_wconf 86' lang='lat' dir='ltr'>satis</span> <span class='ocrx_word' id='word_1_354' title='bbox 1136 1497 1342 1530; x_wconf 89' lang='lat' dir='ltr'>commodum</span> <span class='ocrx_word' id='word_1_355' title='bbox 1382 1496 1430 1529; x_wconf 89' lang='lat' dir='ltr'><strong><em>sit</em></strong></span> <span class='ocrx_word' id='word_1_356' title='bbox 1471 1500 1506 1529; x_wconf 88' lang='lat' dir='ltr'>et</span> <span class='ocrx_word' id='word_1_357' title='bbox 1538 1483 1666 1528; x_wconf 67' lang='grc' dir='ltr'><strong><em>αὐτῶν</em></strong></span> 
     </span>
    </p>
   </div>
   <div class='ocr_carea' id='block_1_11' title="bbox 1002 1541 1732 1586">
    <p class='ocr_par' dir='ltr' id='par_1_11' title="bbox 1002 1541 1732 1586">
     <span class='ocr_line' id='line_1_67' title="bbox 1002 1541 1732 1586; baseline -0.003 -10"><span class='ocrx_word' id='word_1_358' title='bbox 1002 1543 1092 1577; x_wconf 88' lang='lat' dir='ltr'>nullo</span> <span class='ocrx_word' id='word_1_359' title='bbox 1123 1542 1261 1586; x_wconf 86' lang='lat' dir='ltr'>negotio</span> <span class='ocrx_word' id='word_1_360' title='bbox 1292 1541 1537 1583; x_wconf 84' lang='lat' dir='ltr'>subaudiatur,</span> <span class='ocrx_word' id='word_1_361' title='bbox 1573 1541 1667 1575; x_wconf 89' lang='lat' dir='ltr'>codi-</span> <span class='ocrx_word' id='word_1_362' title='bbox 1726 1567 1732 1570; x_wconf 81' lang='grc'><strong>.</strong></span> 
     </span>
    </p>
   </div>
   <div class='ocr_carea' id='block_1_12' title="bbox 1001 1586 1668 2232">
    <p class='ocr_par' dir='ltr' id='par_1_12' title="bbox 1001 1586 1668 2232">
     <span class='ocr_line' id='line_1_68' title="bbox 1001 1586 1668 1633; baseline -0.003 -10"><span class='ocrx_word' id='word_1_363' title='bbox 1001 1600 1060 1623; x_wconf 91' lang='lat' dir='ltr'><strong><em>ces</em></strong></span> <span class='ocrx_word' id='word_1_364' title='bbox 1100 1588 1245 1632; x_wconf 87' lang='lat' dir='ltr'>optimos</span> <span class='ocrx_word' id='word_1_365' title='bbox 1291 1587 1522 1633; x_wconf 85' lang='lat' dir='ltr'>plurimosque</span> <span class='ocrx_word' id='word_1_366' title='bbox 1569 1586 1668 1632; x_wconf 88' lang='lat' dir='ltr'>sequi</span> 
     </span>
     <span class='ocr_line' id='line_1_69' title="bbox 1002 1638 1167 1688; baseline -0.006 -21"><span class='ocrx_word' id='word_1_367' title='bbox 1002 1638 1167 1688; x_wconf 83' lang='lat' dir='ltr'>praestat.</span> 
     </span>
     <span class='ocr_line' id='line_1_70' title="bbox 1048 1676 1664 1724; baseline -0.002 -11"><span class='ocrx_word' id='word_1_368' title='bbox 1048 1677 1240 1723; x_wconf 80' lang='grc' dir='ltr'><strong><em>γενόμενα]</em></strong></span> <span class='ocrx_word' id='word_1_369' title='bbox 1265 1676 1462 1724; x_wconf 78' lang='grc' dir='ltr'><strong><em>γιγνόμενα</em></strong></span> <span class='ocrx_word' id='word_1_370' title='bbox 1479 1678 1565 1713; x_wconf 91' lang='lat' dir='ltr'><strong>Lob.</strong></span> <span class='ocrx_word' id='word_1_371' title='bbox 1583 1680 1664 1714; x_wconf 87' lang='lat' dir='ltr'><strong><em>Vat.</em></strong></span> 
     </span>
     <span class='ocr_line' id='line_1_71' title="bbox 1001 1726 1665 1854; baseline -0.002 -48"><span class='ocrx_word' id='word_1_372' title='bbox 1001 1726 1274 1854; x_wconf 41' lang='grc' dir='ltr'><strong><em>Ξῦἐέἴακτῑεὲον]</em></strong></span> <span class='ocrx_word' id='word_1_373' title='bbox 1313 1769 1536 1806; x_wconf 83' lang='grc' dir='ltr'><strong><em>συντακτέον</em></strong></span> <span class='ocrx_word' id='word_1_374' title='bbox 1570 1771 1665 1806; x_wconf 90' lang='grc' dir='ltr'><strong><em>Μοιι.</em></strong></span> 
     </span>
     <span class='ocr_line' id='line_1_72' title="bbox 1113 1830 1151 1852; baseline -0.026 0"><span class='ocrx_word' id='word_1_375' title='bbox 1113 1830 1151 1852; x_wconf 86' lang='grc' dir='ltr'><strong><em>οι·</em></strong></span> 
     </span>
     <span class='ocr_line' id='line_1_73' title="bbox 1002 1862 1663 1945; baseline -0.003 -47"><span class='ocrx_word' id='word_1_376' title='bbox 1002 1911 1030 1944; x_wconf 79' lang='lat' dir='ltr'><strong>P</strong></span> <span class='ocrx_word' id='word_1_377' title='bbox 1049 1861 1210 1944; x_wconf 55' lang='grc' dir='ltr'><strong><em>ῗιύνοψῑιν</em></strong></span> <span class='ocrx_word' id='word_1_378' title='bbox 1221 1865 1276 1944; x_wconf 77' lang='lat' dir='ltr'><strong><em>JVI</em></strong></span> <span class='ocrx_word' id='word_1_379' title='bbox 1280 1862 1588 1945; x_wconf 67' lang='grc' dir='ltr'><strong><em>σύναψινΠλΜοιι.</em></strong></span> <span class='ocrx_word' id='word_1_380' title='bbox 1622 1862 1663 1943; x_wconf 61' lang='grc' dir='ltr'>ἓ</span> 
     </span>
     <span class='ocr_line' id='line_1_74' title="bbox 1005 1912 1666 2001; baseline -0.003 -11"><span class='ocrx_word' id='word_1_381' title='bbox 1005 1922 1253 2000; x_wconf 56' lang='grc' dir='ltr'><strong><em>σιῗμιιίῗϊθητὰς</em></strong></span> <span class='ocrx_word' id='word_1_382' title='bbox 1280 1912 1406 2001; x_wconf 59' lang='grc' dir='ltr'><strong><em>ιἐἰιιῙηὸ,9</em></strong></span> <span class='ocrx_word' id='word_1_383' title='bbox 1411 1955 1475 1990; x_wconf 79' lang='grc' dir='ltr'><strong><em>καὶ</em></strong></span> <span class='ocrx_word' id='word_1_384' title='bbox 1503 1921 1666 2000; x_wconf 54' lang='grc' dir='ltr'><strong><em>ἕξῗέψιιῗ</em></strong></span> 
     </span>
     <span class='ocr_line' id='line_1_75' title="bbox 1005 2001 1243 2045; baseline -0.004 -8"><span class='ocrx_word' id='word_1_385' title='bbox 1005 2001 1243 2045; x_wconf 76' lang='grc' dir='ltr'><strong><em>οἰκειότητος.</em></strong></span> 
     </span>
     <span class='ocr_line' id='line_1_76' title="bbox 1051 2045 1666 2092; baseline 0 -10"><span class='ocrx_word' id='word_1_386' title='bbox 1051 2047 1307 2092; x_wconf 76' lang='grc' dir='ltr'><strong><em>οἰκειότητος]</em></strong></span> <span class='ocrx_word' id='word_1_387' title='bbox 1358 2045 1585 2092; x_wconf 81' lang='grc' dir='ltr'><strong><em>οἰκειότητός</em></strong></span> <span class='ocrx_word' id='word_1_388' title='bbox 1626 2058 1666 2082; x_wconf 82' lang='grc' dir='ltr'><strong><em>τε</em></strong></span> 
     </span>
     <span class='ocr_line' id='line_1_77' title="bbox 1003 2094 1665 2139; baseline -0.002 -10"><span class='ocrx_word' id='word_1_389' title='bbox 1003 2095 1104 2130; x_wconf 87' lang='lat' dir='ltr'><strong>Vind.</strong></span> <span class='ocrx_word' id='word_1_390' title='bbox 1131 2095 1173 2128; x_wconf 87' lang='lat' dir='ltr'><strong>F.</strong></span> <span class='ocrx_word' id='word_1_391' title='bbox 1198 2096 1285 2139; x_wconf 73' lang='lat' dir='ltr'><strong>Apg.</strong></span> <span class='ocrx_word' id='word_1_392' title='bbox 1310 2095 1347 2128; x_wconf 95' lang='grc' dir='ltr'><strong><em>Β.</em></strong></span> <span class='ocrx_word' id='word_1_393' title='bbox 1372 2094 1468 2130; x_wconf 86' lang='lat' dir='ltr'><strong>Flor.</strong></span> <span class='ocrx_word' id='word_1_394' title='bbox 1487 2095 1530 2129; x_wconf 91' lang='lat' dir='ltr'><strong>R.</strong></span> <span class='ocrx_word' id='word_1_395' title='bbox 1555 2095 1665 2128; x_wconf 87' lang='lat' dir='ltr'><strong>Theo.</strong></span> 
     </span>
     <span class='ocr_line' id='line_1_78' title="bbox 1051 2140 1643 2185; baseline 0.002 -11"><span class='ocrx_word' id='word_1_396' title='bbox 1051 2141 1169 2185; x_wconf 75' lang='grc' dir='ltr'><strong><em>γοῦν]</em></strong></span> <span class='ocrx_word' id='word_1_397' title='bbox 1196 2140 1266 2174; x_wconf 84' lang='lat' dir='ltr'>ov&#39;v</span> <span class='ocrx_word' id='word_1_398' title='bbox 1290 2141 1382 2175; x_wconf 85' lang='lat' dir='ltr'><strong>Flor.</strong></span> <span class='ocrx_word' id='word_1_399' title='bbox 1407 2141 1453 2175; x_wconf 92' lang='lat' dir='ltr'><strong>T.</strong></span> <span class='ocrx_word' id='word_1_400' title='bbox 1477 2153 1542 2175; x_wconf 91' lang='lat' dir='ltr'><strong>om.</strong></span> <span class='ocrx_word' id='word_1_401' title='bbox 1566 2141 1643 2176; x_wconf 80' lang='lat' dir='ltr'><strong>Fic.</strong></span> 
     </span>
     <span class='ocr_line' id='line_1_79' title="bbox 1049 2186 1666 2232; baseline -0.002 -11"><span class='ocrx_word' id='word_1_402' title='bbox 1049 2186 1126 2221; x_wconf 82' lang='grc' dir='ltr'><strong><em>Καὶ</em></strong></span> <span class='ocrx_word' id='word_1_403' title='bbox 1160 2187 1330 2232; x_wconf 78' lang='grc' dir='ltr'><strong><em>μεγίστη]</em></strong></span> <span class='ocrx_word' id='word_1_404' title='bbox 1364 2187 1535 2230; x_wconf 81' lang='grc' dir='ltr'><strong><em>μεγίστην</em></strong></span> <span class='ocrx_word' id='word_1_405' title='bbox 1572 2187 1666 2221; x_wconf 89' lang='grc' dir='ltr'><strong><em>Μοιι.</em></strong></span> 
     </span>
    </p>
   </div>
   <div class='ocr_carea' id='block_1_13' title="bbox 1002 2278 1667 2704">
    <p class='ocr_par' dir='ltr' id='par_1_13' title="bbox 1002 2278 1667 2681">
     <span class='ocr_line' id='line_1_80' title="bbox 1051 2278 1666 2323; baseline 0 -11"><span class='ocrx_word' id='word_1_406' title='bbox 1051 2280 1111 2323; x_wconf 72' lang='grc' dir='ltr'><strong><em>γε]</em></strong></span> <span class='ocrx_word' id='word_1_407' title='bbox 1139 2291 1204 2313; x_wconf 86' lang='lat' dir='ltr'><strong>om.</strong></span> <span class='ocrx_word' id='word_1_408' title='bbox 1231 2279 1371 2315; x_wconf 87' lang='lat' dir='ltr'><strong>Ven.B.</strong></span> <span class='ocrx_word' id='word_1_409' title='bbox 1397 2278 1496 2313; x_wconf 84' lang='lat' dir='ltr'><strong>Vind.</strong></span> <span class='ocrx_word' id='word_1_410' title='bbox 1517 2279 1561 2312; x_wconf 90' lang='grc' dir='ltr'><strong><em>Ε.</em></strong></span> <span class='ocrx_word' id='word_1_411' title='bbox 1588 2280 1666 2314; x_wconf 83' lang='lat' dir='ltr'><strong><em>Vat.</em></strong></span> 
     </span>
     <span class='ocr_line' id='line_1_81' title="bbox 1006 2325 1305 2360; baseline 0 0"><span class='ocrx_word' id='word_1_412' title='bbox 1006 2326 1050 2360; x_wconf 90' lang='lat' dir='ltr'><strong>H.</strong></span> <span class='ocrx_word' id='word_1_413' title='bbox 1075 2325 1172 2360; x_wconf 88' lang='lat' dir='ltr'><strong>Flor.</strong></span> <span class='ocrx_word' id='word_1_414' title='bbox 1196 2326 1305 2360; x_wconf 85' lang='lat' dir='ltr'><strong>ACT.</strong></span> 
     </span>
     <span class='ocr_line' id='line_1_82' title="bbox 1051 2370 1516 2426; baseline -0.002 -22"><span class='ocrx_word' id='word_1_415' title='bbox 1051 2372 1185 2426; x_wconf 82' lang='grc' dir='ltr'><strong><em>πεῖρα]</em></strong></span> <span class='ocrx_word' id='word_1_416' title='bbox 1212 2372 1323 2413; x_wconf 82' lang='grc' dir='ltr'><strong><em>πείρα</em></strong></span> <span class='ocrx_word' id='word_1_417' title='bbox 1346 2370 1448 2406; x_wconf 89' lang='lat' dir='ltr'><strong>Vind.</strong></span> <span class='ocrx_word' id='word_1_418' title='bbox 1472 2370 1516 2405; x_wconf 90' lang='lat' dir='ltr'><strong>F.</strong></span> 
     </span>
     <span class='ocr_line' id='line_1_83' title="bbox 1050 2415 1418 2461; baseline 0.003 -12"><span class='ocrx_word' id='word_1_419' title='bbox 1050 2415 1145 2461; x_wconf 74' lang='grc' dir='ltr'><strong><em>γαρ]</em></strong></span> <span class='ocrx_word' id='word_1_420' title='bbox 1172 2430 1234 2453; x_wconf 87' lang='lat' dir='ltr'><strong><em>om.</em></strong></span> <span class='ocrx_word' id='word_1_421' title='bbox 1259 2418 1354 2451; x_wconf 88' lang='lat' dir='ltr'><strong>Flor.</strong></span> <span class='ocrx_word' id='word_1_422' title='bbox 1375 2417 1418 2450; x_wconf 87' lang='lat' dir='ltr'><strong><em>R.</em></strong></span> 
     </span>
     <span class='ocr_line' id='line_1_84' title="bbox 1050 2461 1667 2517; baseline -0.007 -18"><span class='ocrx_word' id='word_1_423' title='bbox 1050 2463 1272 2517; x_wconf 81' lang='grc' dir='ltr'><strong><em>Ξυνοίομαι]</em></strong></span> <span class='ocrx_word' id='word_1_424' title='bbox 1298 2465 1330 2497; x_wconf 82' lang='grc' dir='ltr'><strong><em>Ἰ</em></strong></span> <span class='ocrx_word' id='word_1_425' title='bbox 1326 2475 1407 2497; x_wconf 83' lang='lat' dir='ltr'>cneo</span> <span class='ocrx_word' id='word_1_426' title='bbox 1422 2463 1577 2507; x_wconf 84' lang='lat' dir='ltr'>equidem</span> <span class='ocrx_word' id='word_1_427' title='bbox 1590 2461 1667 2496; x_wconf 84' lang='lat' dir='ltr'><strong>Fic.</strong></span> 
     </span>
     <span class='ocr_line' id='line_1_85' title="bbox 1049 2506 1667 2563; baseline -0.003 -20"><span class='ocrx_word' id='word_1_428' title='bbox 1049 2507 1171 2563; x_wconf 81' lang='grc' dir='ltr'><strong><em>δεήσει</em></strong></span> <span class='ocrx_word' id='word_1_429' title='bbox 1203 2510 1296 2553; x_wconf 87' lang='grc' dir='ltr'><strong><em>σε]</em></strong></span> <span class='ocrx_word' id='word_1_430' title='bbox 1316 2506 1461 2553; x_wconf 81' lang='grc' dir='ltr'><strong><em>δεήσεισ</em></strong></span> <span class='ocrx_word' id='word_1_431' title='bbox 1495 2508 1595 2543; x_wconf 87' lang='lat' dir='ltr'><strong>Vind.</strong></span> <span class='ocrx_word' id='word_1_432' title='bbox 1624 2508 1667 2543; x_wconf 86' lang='lat' dir='ltr'><strong><em>F.</em></strong></span> 
     </span>
     <span class='ocr_line' id='line_1_86' title="bbox 1003 2553 1295 2599; baseline 0 -11"><span class='ocrx_word' id='word_1_433' title='bbox 1003 2553 1128 2598; x_wconf 81' lang='grc' dir='ltr'><strong><em>δεησει</em></strong></span> <span class='ocrx_word' id='word_1_434' title='bbox 1150 2557 1234 2599; x_wconf 79' lang='lat' dir='ltr'><strong>Aug.</strong></span> <span class='ocrx_word' id='word_1_435' title='bbox 1255 2557 1295 2589; x_wconf 91' lang='grc' dir='ltr'><strong><em>Β.</em></strong></span> 
     </span>
     <span class='ocr_line' id='line_1_87' title="bbox 1002 2597 1667 2704; baseline -0.002 -70"><span class='ocrx_word' id='word_1_436' title='bbox 1002 2647 1040 2681; x_wconf 82' lang='lat' dir='ltr'>M</span> <span class='ocrx_word' id='word_1_437' title='bbox 1049 2599 1343 2704; x_wconf 41' lang='grc' dir='ltr'><strong><em>ἐπισὲιοποῦνται]</em></strong></span> <span class='ocrx_word' id='word_1_438' title='bbox 1369 2597 1667 2634; x_wconf 81' lang='grc' dir='ltr'><strong><em>ἐπισκονποῦντα</em></strong></span> 
     </span>
     <span class='ocr_line' id='line_1_88' title="bbox 1041 2659 1082 2681; baseline -0.024 0"><span class='ocrx_word' id='word_1_439' title='bbox 1041 2659 1082 2681; x_wconf 93' lang='lat' dir='ltr'>on</span> 
     </span>
    </p>
   </div>
   <div class='ocr_carea' id='block_1_14' title="bbox 1049 2688 1731 2736">
    <p class='ocr_par' dir='ltr' id='par_1_14' title="bbox 1049 2688 1731 2736">
     <span class='ocr_line' id='line_1_89' title="bbox 1049 2688 1731 2736; baseline -0.003 -9"><span class='ocrx_word' id='word_1_440' title='bbox 1049 2691 1087 2727; x_wconf 82' lang='grc' dir='ltr'><strong><em>οἳ</em></strong></span> <span class='ocrx_word' id='word_1_441' title='bbox 1121 2689 1199 2736; x_wconf 77' lang='grc' dir='ltr'><strong><em>α’ν]</em></strong></span> <span class='ocrx_word' id='word_1_442' title='bbox 1249 2689 1329 2726; x_wconf 81' lang='grc' dir='ltr'><strong><em>οἴ</em></strong></span> <span class='ocrx_word' id='word_1_443' title='bbox 1314 2688 1361 2726; x_wconf 66' lang='grc' dir='ltr'><strong><em>τὶν</em></strong></span> <span class='ocrx_word' id='word_1_444' title='bbox 1400 2692 1475 2725; x_wconf 85' lang='lat' dir='ltr'><strong>Ald.</strong></span> <span class='ocrx_word' id='word_1_445' title='bbox 1507 2692 1586 2726; x_wconf 85' lang='lat' dir='ltr'><strong>Bas.</strong></span> <span class='ocrx_word' id='word_1_446' title='bbox 1613 2692 1668 2726; x_wconf 87' lang='lat' dir='ltr'><strong><em>ab.</em></strong></span> <span class='ocrx_word' id='word_1_447' title='bbox 1692 2690 1731 2730; x_wconf 91' lang='lat' dir='ltr'><strong>D</strong></span> 
     </span>
    </p>
   </div>
   <div class='ocr_carea' id='block_1_15' title="bbox 1000 2736 1279 2818">
    <p class='ocr_par' dir='ltr' id='par_1_15' title="bbox 1000 2736 1279 2818">
     <span class='ocr_line' id='line_1_90' title="bbox 1002 2736 1279 2774; baseline 0.004 -2"><span class='ocrx_word' id='word_1_448' title='bbox 1002 2736 1087 2772; x_wconf 80' lang='grc' dir='ltr'><strong><em>οίαν</em></strong></span> <span class='ocrx_word' id='word_1_449' title='bbox 1112 2741 1140 2774; x_wconf 82' lang='lat' dir='ltr'>V</span> <span class='ocrx_word' id='word_1_450' title='bbox 1144 2740 1215 2773; x_wconf 87' lang='lat' dir='ltr'><strong>ind.</strong></span> <span class='ocrx_word' id='word_1_451' title='bbox 1239 2740 1279 2773; x_wconf 92' lang='lat' dir='ltr'><strong><em>F.</em></strong></span> 
     </span>
     <span class='ocr_line' id='line_1_91' title="bbox 1000 2785 1079 2818; baseline 0 0"><span class='ocrx_word' id='word_1_452' title='bbox 1000 2785 1079 2818; x_wconf 89' lang='grc' dir='ltr'><strong><em>ΒΜ.</em></strong></span> 
     </span>
    </p>
   </div>
   <div class='ocr_carea' id='block_1_16' title="bbox 1047 2829 1637 2874">
    <p class='ocr_par' dir='ltr' id='par_1_16' title="bbox 1047 2829 1637 2874">
     <span class='ocr_line' id='line_1_92' title="bbox 1047 2829 1637 2874; baseline -0.005 -9"><span class='ocrx_word' id='word_1_453' title='bbox 1047 2831 1238 2874; x_wconf 85' lang='grc' dir='ltr'><strong><em>τοιοῦτοι]</em></strong></span> <span class='ocrx_word' id='word_1_454' title='bbox 1273 2829 1448 2864; x_wconf 84' lang='grc' dir='ltr'><strong><em>τοιοῦτον</em></strong></span> <span class='ocrx_word' id='word_1_455' title='bbox 1470 2829 1572 2865; x_wconf 79' lang='lat' dir='ltr'><strong>Vind.</strong></span> <span class='ocrx_word' id='word_1_456' title='bbox 1595 2830 1637 2862; x_wconf 90' lang='lat' dir='ltr'><strong><em>F.</em></strong></span> 
     </span>
    </p>
   </div>
   <div class='ocr_carea' id='block_1_17' title="bbox 1310 2733 1661 2774">
    <p class='ocr_par' dir='ltr' id='par_1_17' title="bbox 1310 2733 1661 2774">
     <span class='ocr_line' id='line_1_93' title="bbox 1310 2733 1661 2774; baseline -0.003 -2"><span class='ocrx_word' id='word_1_457' title='bbox 1310 2736 1384 2772; x_wconf 82' lang='grc' dir='ltr'><strong><em>οἷοι</em></strong></span> <span class='ocrx_word' id='word_1_458' title='bbox 1403 2733 1451 2771; x_wconf 74' lang='grc' dir='ltr'><strong><em>ὃὶν</em></strong></span> <span class='ocrx_word' id='word_1_459' title='bbox 1474 2738 1561 2772; x_wconf 88' lang='lat' dir='ltr'><strong>Lob.</strong></span> <span class='ocrx_word' id='word_1_460' title='bbox 1581 2739 1613 2774; x_wconf 85' lang='lat' dir='ltr'>V</span> <span class='ocrx_word' id='word_1_461' title='bbox 1614 2741 1661 2771; x_wconf 87' lang='lat' dir='ltr'><strong>at.</strong></span> 
     </span>
    </p>
   </div>
  </div>
 </body>
</html>
