1807 3219
519 111 743 154 CIVIT
773 114 855 155 &S
899 111 1021 152 LIB.
1046 108 1139 149 VII.
1171 112 1238 147 533

1420 112 1572 152 ·343

182 216 315 276 ἦττον
361 221 409 264 δὲ
451 223 715 278 παράνομόν
755 243 795 268 τι
848 226 1006 278 δρᾶσαι
1046 221 1075 277 1)
1115 222 1250 264 εἰπεῖν
1287 223 1348 270 εἰς
1393 219 1570 271 αὐτούς,

181 285 315 346 ἦττον
351 289 398 334 δὲ
437 289 636 335 οἷπειθεῖν
668 292 720 335 τὰ
754 290 918 347 μεγάλα
947 290 1155 340 ἐκείνοις,
1195 285 1224 343 ἢ
1253 292 1346 339 τοῖς
1373 285 1568 339 κόλαξιν,

182 358 230 402 ἐν
257 360 292 418 ᾧ
312 358 468 416 χρόνῳ
498 358 548 403 τὸ
579 358 739 415 οἷληθὲς
769 359 827 416 μή
860 362 1003 414 εἰδείη.
1064 355 1224 407 Εἰκὸς,
1256 357 1356 412 ἔφη.
1398 355 1566 399 Αἰσθό·

179 443 312 484 μενος
341 429 496 472 τοίνυν
524 427 573 472 τό
603 427 683 480 ὂν,
723 427 995 484 μαντεύομαι
1031 429 1087 470 αὐ
1125 425 1223 479 περὶ
1263 425 1343 479 μὲν
1383 423 1570 476 τούτους

180 495 352 540 οένεῖναι
382 494 437 540 ἂν
463 496 514 540 τό
556 500 690 554 τιμᾷν
730 513 774 541 τε
814 497 888 540 καὶ
931 494 1217 548 σπουδάζειν,
1256 494 1356 549 περι
1386 494 1433 537 δὲ
1464 492 1571 544 τούς

171 562 372 616 ’κόλακας
401 564 607 609 ἐπιτεῖναι
635 565 710 609 καὶ
740 566 975 609 πείθεσθαί
1003 581 1047 608 τε
1078 561 1232 613 αὐτοῖς
1252 562 1566 618 διαφερόντως,

179 631 210 690 ἢ
237 631 481 688 πρότερον,
523 634 598 678 καὶ
637 638 714 692 ζῇν
763 634 819 678 ἄν
858 633 943 691 ἤδη
975 631 1063 676 κατ’
1109 632 1332 684 ἐκείνους,
1377 630 1567 684 ξυνόντα
1598 633 1631 676 C

124 754 130 761 .
181 699 333 752 αὐτοῖς
362 699 766 758 ἀπαρακαλύπτως,
798 703 962 758 πατρὸς
992 702 1038 746 δὲ
1069 703 1238 746 ἐκείνου
1269 700 1342 745 καὶ
1372 703 1462 743 τῶν
1492 697 1568 742 ἅλ-

178 775 269 814 λων
297 771 580 828 ποιουμένων
600 772 797 823 οἰκείων,
831 772 868 814 εἰ
897 771 955 826 μὴ
987 770 1105 814 πάνυ
1128 772 1193 827 εἴη
1217 768 1349 826 φύσει
1367 767 1568 823 ἐπιεικής,

179 838 390 893 μέλειντὸ
413 839 560 897 μηδέν.
592 837 743 892 Πανί,
775 839 884 895 ἔφη,
915 838 1052 894 λέγεις
1083 836 1155 883 οἶά
1188 854 1266 893 περ
1299 836 1352 881 ὂὶν
1381 836 1566 892 γένοιτο.

180 907 290 951 ἀλλὰ
319 912 380 965 πῆ
410 908 519 964 πρὸς
555 909 659 960 τούς
693 907 964 965 ἁπτομένους
993 910 1082 950 τῶν
1121 905 1265 963 λόγων
1302 903 1415 962 αὕτη
1446 905 1569 961 φέρει

178 975 206 1033 ἦ
238 976 393 1026 εἰκών,·
427 979 553 1035 Τῇδε.
584 977 672 1021 ἔστι
701 993 789 1021 που
825 975 932 1033 ἡμῖν
963 975 1160 1031 δόγματα
1191 975 1238 1018 ἐκ
1267 974 1440 1017 παίδων
1468 971 1569 1026 περὶ

180 1047 365 1090 δικαίων
404 1047 475 1089 καὶ
518 1049 696 1098 καλῶν,
748 1046 795 1089 ἐν
826 1043 893 1097 οἷς
934 1044 1266 1099 ἐκτεθράμμεθα
1302 1042 1447 1097 ὥσπερ
1479 1041 1566 1085 ὑπὸ

179 1119 393 1170 γονεῦσι,
444 1114 789 1171 πειθαρχοῦντές
826 1131 871 1158 τε
915 1115 990 1158 καὶ
1029 1115 1239 1169 τιμῶντες
1275 1109 1399 1155 αὐτά.

177 1263 403 1308 γυμναστικῇ
422 1253 616 1297 παιδεύειν
638 1262 750 1295 dictos
771 1273 846 1296 esse

177 1309 336 1344 vidimus.
385 1310 510 1355 Itaque
544 1309 575 1342 si
608 1309 689 1342 Par.
715 1310 757 1341 A.
783 1320 847 1342 au-

178 1355 323 1390 ctoritas
369 1355 412 1390 ad
458 1355 608 1400 reliquos
646 1354 844 1396 accesserit,

177 1412 344 1458 praesens
367 1402 616 1458 regtituendum
640 1400 718 1435 erit.

224 1441 277 1493 ῳ]
317 1444 356 1481 ἐν
389 1460 417 1494 ῳ
454 1449 539 1482 Ven.
564 1448 606 1482 Β.
639 1458 714 1481 cum
744 1446 844 1481 editis

175 1494 310 1574 ³11ng
313 1482 527 1597 ’ἲδξῗῗῐδὶυκ
536 1538 628 1574 εἴδει
653 1537 752 1572 Vind.
777 1538 819 1573 F.

222 1582 272 1631 ἢ]
307 1587 343 1621 εἰ
363 1586 465 1621 idem.
503 1582 527 1632 ἢ
555 1582 602 1620 ού
641 1585 730 1619 Lob.
764 1584 845 1619 Vat.

176 1632 369 1722 ΒΒδιύτὸν]
394 1680 474 1723 post
495 1677 608 1724 τιμᾷν
622 1689 670 1710 αν
694 1676 795 1711 Vind.
806 1675 847 1710 F.

178 1725 382 1872 Αῃτῖῧιτὲρα]
409 1781 448 1805 π.
469 1781 508 1804 τε
526 1769 630 1804 iidem
651 1772 687 1803 et
705 1769 823 1804 Flor..

179 1818 323 1921 (1633‘1'1'
344 1860 408 1896 καὶ
432 1861 510 1895 vat.
533 1863 575 1896 B.

226 1909 386 1953 ενδεεῖς]
429 1904 581 1948 ἐνδεοῦς
615 1908 695 1942 Vat.
727 1907 777 1942 M.
811 1910 847 1942 et

180 1967 269 1990 corr.
293 1956 378 1989 Lob.
406 1955 505 2010 (ante
529 1966 616 1988 corr.
643 1952 798 1998 ἐνδεεῖς)

227 2002 378 2047 δρᾶσαι]
405 1998 542 2045 δρασαι
553 2001 639 2035 Lob.
655 2000 758 2036 Vind.
771 2000 845 2034 EF.

179 2049 274 2085 Μοιι.
299 2048 371 2083 BC.
406 2047 572 2082 editiones
601 2050 681 2081 ante
704 2047 845 2081 Bekke-

178 2106 264 2130 rum.

225 2137 387 2185 ἢείπεῖν
406 2139 459 2179 εἰς
478 2136 643 2198 αὐτοὺς]
663 2152 726 2175 om.
749 2139 845 2173 Flor.

179 2153 248 2223 '12⁷⁷
272 2187 312 2220 Iu
333 2186 421 2221 Lob.
445 2186 508 2221 καὶ
532 2198 595 2232 pro
619 2184 643 2230 ἢ
668 2186 805 2230 legitur.

182 2267 281 2336 Viffg.
289 2251 544 2337 ]F.⁰153⁷⁹{n.Ag.g
559 2257 638 2336 ΡΞΥ
659 2268 740 2336 33⁷1}
759 2255 846 2335 Ιῖιῖιῖἶ

180 2348 502 2392 M.etam.pr.
540 2349 581 2383 Β.
617 2348 845 2382 etMon.B.

179 2405 323 2450 quorum
364 2394 398 2428 in
432 2393 541 2439 priori
573 2407 593 2429 a
629 2406 673 2430 m.
706 2404 734 2429 s,
765 2398 846 2428 ante

180 2437 224 2475 τὸ
269 2436 410 2484 ἄληθες
440 2440 626 2483 insertum,
661 2441 697 2474 in
728 2444 845 2486 poste-

181 2485 264 2520 riori
298 2486 363 2520 hoc
398 2488 474 2520 loco
511 2487 593 2520 item
617 2499 638 2521 a
660 2499 704 2522 m.
731 2498 760 2522 s.
781 2487 845 2522 int.

182 2543 273 2568 vers.
297 2532 525 2577 subscriptum
549 2537 614 2568 est.

227 2598 461 2644 Αἰσθόμενος
493 2604 558 2635 etc.
570 2602 583 2647 ]
634 2601 689 2636 cf.
715 2602 790 2636 Vol.
816 2602 845 2638 I.

180 2659 215 2692 p.
239 2649 319 2683 377.
344 2659 384 2703 sq

225 2660 385 2780 ῗὲὖ-Ιτῖῗς
399 2693 588 2784 ]νίἓδύτ1ἰυ
618 2737 710 2780 τούς
747 2740 843 2775 Vind.

179 2786 222 2820 F.

1445 1109 1569 1154 ’Ἐστι

949 1258 1017 1296 (ivs
1005 1262 1120 1306 “’ναι]
1155 1258 1260 1304 α’νεῖ,
1287 1259 1523 1306 superscripto
1548 1270 1569 1293 a

902 1320 944 1343 m.
969 1320 997 1343 s.
1023 1320 1108 1350 ναι,
1134 1308 1227 1342 Mon.
1248 1287 1289 1341 Β.

947 1355 1059 1410 τιμᾷν
1079 1365 1118 1388 τε
1128 1355 1140 1398 ]
1165 1365 1204 1387 τε
1229 1366 1293 1387 vm.
1319 1352 1412 1386 Mon.
1437 1352 1480 1387 C.

947 1390 1296 1444 ἀπαρακαλύπτως]
1323 1392 1565 1433 οἷπαναιίαλύ·
1597 1415 1630 1457 C

899 1459 1000 1486 πτως
1024 1449 1116 1482 Mon.
1141 1447 1179 1480 Β.

945 1491 1208 1537 ποιουμένων]
1245 1492 1344 1527 Conf.
1369 1490 1468 1525 huius
1492 1489 1567 1523 voi.

961 1541 1038 1575 193.

899 1552 934 1586 p
948 1586 1028 1640 εἴη]
1055 1588 1133 1630 post
1153 1581 1269 1640 φύσει
1295 1584 1375 1617 Vae.
1398 1582 1449 1617 M.

949 1630 1081 1676 φύσει]
1108 1629 1222 1676 φύσις
1246 1631 1346 1667 Vind.
1357 1630 1401 1664 Ε.
1429 1629 1506 1663 vat.
1522 1628 1566 1662 H.

900 1679 997 1713 Flor.
1022 1679 1102 1713 RT.

948 1722 1097 1768 μέλειν]
1121 1721 1264 1767 μέλλειν
1287 1722 1388 1758 Vind.
1411 1721 1456 1756 F.
1481 1723 1568 1766 Ang.

901 1771 943 1807 B.
966 1769 1086 1814 μέλλει
1109 1770 1196 1805 Lob.
1220 1768 1321 1812 μέλει
1346 1769 1426 1802 Vat.
1447 1767 1498 1802 M.

948 1815 1016 1873 τὸ]
1043 1829 1107 1851 om.
1133 1816 1220 1850 Lob.
1246 1816 1325 1850 Vat.
1349 1815 1429 1849 ΒΜ.

947 1862 1043 1907 πρὸς
1076 1858 1166 1902 τούς
1199 1858 1462 1904 απτομένους]
1510 1859 1569 1894 Ita

901 1911 982 1945 Par.
1015 1913 1056 1944 A.
1104 1908 1206 1942 Vind.
1240 1908 1346 1942 BEF.
1394 1907 1488 1941 Mon.
1525 1906 1567 1941 C.

901 1958 988 2001 Ang.
1013 1957 1052 1990 B.
1089 1956 1170 1990 Vat.
1194 1955 1240 1989 H.
1273 1954 1367 1989 Flor.
1391 1953 1566 1987 ACRTV.

901 1999 1360 2100 ἴρομαῦτᾶομένουςΒΙιῶῗζ.
1404 2000 1498 2080 Mon.
1524 1999 1566 2078 ἓ.

932 2061 970 2083 ar
1137 2059 1195 2081 sec
1279 2059 1296 2079 e
1438 2058 1478 2079 en
1558 2071 1566 2078 .

903 2096 982 2130 vat.
993 2095 1042 2129 Μ.
1062 2094 1157 2129 Flor.
1166 2094 1212 2128 U.
1235 2086 1568 2147 προσαπτομένους

903 2142 983 2177 Vat.
1007 2142 1048 2177 B.
1094 2150 1359 2185 προσαπτομεν
1384 2134 1453 2177 οὓς
1476 2139 1564 2173 ven.

902 2189 943 2222 Β,
963 2187 1046 2244 ,SAld
1070 2188 1151 2221 Bas.
1176 2187 1231 2221 ab.
1256 2185 1377 2229 Steph.
1411 2186 1487 2220 Ast.
1512 2196 1563 2229 pr.

902 2232 999 2279 πρὸς
1021 2230 1256 2276 απτομένους
1279 2232 1352 2265 Ast.
1372 2243 1440 2265 sec.

948 2281 1048 2324 τῶν]
1092 2280 1134 2313 In
1156 2280 1236 2314 Vat.
1261 2278 1300 2312 B.
1336 2289 1358 2312 ν
1389 2277 1451 2312 int.
1475 2287 1566 2311 vera.

900 2326 1180 2373 superscriptum.

951 2395 1074 2442 Τῇδε]
1100 2394 1152 2439 πῆ
1175 2392 1221 2438 δὴ
1254 2392 1357 2430 Vind.
1379 2393 1425 2428 Ε.

946 2461 1262 2509 ἐκτεθράμμεθα]
1304 2458 1569 2516 ἐτεθροὶμμεθα

900 2510 1250 2594 {1316.3.M011.C.
1283 2505 1570 2552 εντεθραμμεθα

947 2623 1024 2662 υπὸ
1054 2625 1225 2670 γονεῦσι]
1262 2635 1372 2668 υπογ.
1397 2623 1497 2657 Vind.
1521 2623 1566 2658 Ε.

901 2670 962 2708 ἐπὶ
980 2685 1012 2717 γ.
1037 2674 1122 2717 Ang.
1148 2673 1190 2706 B.

949 2738 1078 2786 αὐτώ]
1126 2737 1242 2782 αὐτοῖς
1277 2739 1372 2775 Μοιι.
1407 2739 1449 2775 B.
1492 2738 1567 2774 Ald.

903 2789 982 2823 Bas.
1006 2789 1062 2823 ab.
