1807 3219
299 161 358 200 9⁰
756 157 1232 201 PLATONIS

299 267 555 322 σκυλεύειν,
582 264 641 327 ἦν
672 269 716 314 δ’
749 270 855 326 ἐγώ.
884 269 999 321 τούς·
1021 269 1361 327 τελευτήσαντας
1389 269 1504 326 πλὴν
1525 269 1685 326 ὅπλων,

297 336 478 380 ἐπειδὰν
520 337 783 396 νικήσωσιν,
824 333 853 395 ἦ
882 342 1028 389 καλῶς
1054 338 1162 395 ἔχεις
1187 337 1240 396 ’ἢ
1270 337 1325 386 ού
1354 338 1581 397 πρόφασιν
1608 342 1687 398 μὲν

234 406 274 447 D
299 410 394 457 τοῖς
424 407 582 458 δειλοῖς
609 407 692 463 ἔχει
722 406 781 464 μὴ
810 405 921 468 πρὸς
962 405 1043 451 τὸν
1080 406 1330 463 μαχόμενον
1369 408 1506 462 ἰέναι,
1557 411 1617 462 ὥς
1644 428 1687 455 τι

293 476 383 516 τῶν
413 473 608 518 δεόντων
635 478 858 530 δρῶντας,
896 474 1005 519 ὅταν
1034 475 1134 529 περὶ
1165 475 1245 520 τὸν
1268 481 1494 521 τεθνεῶτα
1523 477 1691 525 κυπτά-Α

295 543 424 595 ζωσι,
456 542 599 587 πολλοὶ
641 543 688 588 δὲ
707 543 810 600 ,ἤδη
853 542 1126 598 στρατόπεδα
1157 543 1231 588 διοέ
1260 544 1341 601 τήν
1367 545 1579 602 τοιαύτην
1607 545 1690 602 4229-

292 609 441 667 παγὴν
475 609 698 663 οἶπώλετος
745 612 836 656 Καὶ
873 610 1002 668 μάλα.
1038 609 1370 671 -Ἀνελεύθερον
1400 614 1446 658 δὲ
1481 612 1536 658 οὗ
1567 616 1693 658 δοκεῖ

292 677 369 722 καὶ
398 679 731 737 φιλοχρήματον
766 680 927 735 νεκρὸν
957 684 1120 738 συλᾷν,
1157 682 1232 726 καὶ
1260 683 1512 739 γυναικείας
1540 698 1585 725 τε
1611 683 1690 726 καὶ

294 751 484 802 σμικροῖς
514 749 715 800 διανοίας
742 748 793 793 τὸ
820 748 1032 804 πολέμιον
1060 751 1256 805 νομίζειν
1283 750 1334 794 τὸ
1364 753 1489 807 σῶμα
1519 754 1600 794 τοῦ
1621 766 1689 794 τε-

294 818 492 867 θνεῶτος
521 814 836 872 ἀποπταμένου
862 822 946 862 τοῦ
966 819 1162 874 ἐχθροῦ,
1193 816 1445 874 λελοιπότος
1465 818 1511 862 δὲ
1532 813 1569 877 ᾦ
1586 818 1688 863 ἐπο-

229 883 265 924 Ε
295 881 437 940 λε’μει,·
475 883 504 941 ἢ
534 886 617 929 οἴει
644 902 686 929 τι
717 883 941 942 διάφορον
978 888 1091 944 δρᾷν
1131 886 1238 939 τούς
1276 891 1408 931 τοῦτο
1448 891 1689 939 ποιοῦντας

338 1027 548 1085 σκυλεύειν]
573 1029 618 1067 τό
637 1042 690 1068 σκ.
713 1032 809 1068 Flor
823 1022 874 1068 T.
1015 1036 1055 1068 E.
1058 1034 1071 1079 ]
1084 1035 1189 1068 habet
1202 1024 1374 1069 Stobaeus
1387 1045 1488 1068 serm.
1498 1025 1683 1069 CXXIIII.

335 1074 544 1133 νικήσωσιν]
571 1077 785 1123 νικήσουσιν
805 1080 900 1115 Mon.
916 1080 957 1115 B.

289 1121 430 1203 AJNB
422 1119 446 1168 ἢ
484 1124 585 1162 Vind.
608 1126 656 1161 F.
689 1126 784 1161 Mon.
811 1127 853 1160 B.
890 1138 958 1160 om.

336 1170 443 1270 ἐξχειῗ
421 1216 452 1259 ·]
491 1214 581 1260 ἔχει,
616 1217 691 1252 Ald.
725 1217 847 1262 steph.
881 1219 957 1252 Ast.

288 1271 348 1316 pr.
349 1258 440 1317 ἔχει
462 1262 544 1296 Bas.
571 1263 628 1298 ab.
651 1263 725 1297 Ast.
749 1275 819 1298 sec.

332 1303 356 1352 ἢ
370 1304 458 1364 ov']
485 1303 527 1364 ’ἢ
537 1305 608 1342 ούκ
634 1304 658 1353 ἢ
695 1310 782 1345 Ven.
806 1311 846 1345 Β.
872 1310 953 1346 Vat.

286 1352 331 1387 H.
365 1349 388 1397 ἢ
412 1352 481 1395 οὕς
503 1349 527 1398 ἢ
562 1355 658 1389 Flor.
658 1356 854 1413 '‘ACRTV.
889 1369 955 1390 an·-

285 1400 385 1433 non?
407 1413 452 1434 an
471 1380 953 1458 'F¹ie.35m127'Vind.DE':.

285 1441 310 1489 ἢ
334 1413 807 1488 01⁹5.L0b.Vind.B13*.⁷⁷.Ald
835 1443 862 1492 ἢ
882 1444 954 1489 0v'3

284 1491 379 1525 Mon.
400 1492 437 1525 B.
461 1495 498 1526 et
515 1493 669 1538 reliquae
688 1494 853 1528 editiones
875 1498 956 1528 ante

281 1537 500 1580 Bekkerlun‚
524 1539 585 1583 qui
613 1540 722 1573 tacite
752 1540 873 1574 falsam
901 1541 955 1574 in—

281 1584 552 1628 terpunctionem
580 1586 720 1620 sustulit
761 1587 955 1631 tacitosque

281 1630 434 1664 asseclas
453 1630 587 1664 Astium
616 1631 652 1664 in
680 1635 762 1666 tert.
784 1635 820 1666 et
845 1632 953 1666 Stall-

280 1677 451 1710 bauinium
468 1679 589 1710 nactus
607 1680 672 1711 est.

328 1720 420 1766 ε’χει]
459 1720 541 1765 ἔχον
572 1723 666 1757 Mon.
689 1723 729 1757 B.
767 1736 832 1758 om.
865 1723 951 1759 Lob.

280 1767 381 1803 Vind.
407 1769 450 1802 B.
474 1770 555 1804 vat.
578 1769 660 1803 ΒΜ.

283 1845 286 1848 ,
325 1810 416 1857 τόν]
451 1814 529 1848 τῶν
570 1815 648 1848 Ald.
685 1815 765 1851 Bas.
796 1816 852 1850 ab.
885 1827 950 1861 pro

279 1871 347 1904 quo
377 1860 575 1904 Stephanus
607 1858 674 1895 τὸν
706 1863 744 1896 in
764 1865 863 1896 textu
885 1874 950 1906 po-

280 1917 364 1939 nens
387 1906 424 1940 in
457 1908 676 1941 annotatione
707 1920 742 1952 p.
767 1910 824 1943 21.
851 1908 950 1943 dubi-

279 1954 357 1994 tat,
381 1964 425 1986 an
448 1949 495 1987 td
517 1954 710 1997 ponendmn
726 1953 782 1987 sit.
806 1950 874 1988 τὸν
891 1966 950 1988 co-

280 1998 374 2032 dices
398 2010 516 2032 verum
541 2011 618 2034 esse
641 1999 777 2042 docent,
794 1997 845 2035 τό
871 2003 949 2034 tan-

278 2047 353 2078 tum
383 2044 419 2078 in
451 2045 616 2079 F101.R.
641 2049 700 2088 et,
731 2026 777 2079 ut,
802 2046 952 2088 videtur,

278 2089 315 2124 in
337 2090 425 2143 Ang.
449 2091 489 2125 B.
515 2094 649 2133 exstat,
687 2103 789 2137 quem
811 2093 950 2126 Bekke-

278 2147 339 2170 rus
371 2137 407 2170 in
448 2148 566 2171 comm.
599 2134 646 2172 τὸ
680 2138 716 2173 in
747 2139 814 2172 hoc
845 2150 950 2173 versu

280 2183 439 2217 omittere
463 2184 624 2218 ostendit.
857 2204 860 2207 ,

325 2251 376 2296 τι]
401 2263 442 2287 τε
465 2253 567 2289 Vind.
580 2253 623 2287 D.
650 2253 690 2298 (τ
714 2254 950 2300 superscripta

278 2298 420 2353 vocali.)

322 2339 416 2378 ὅταν
443 2343 529 2390 περι
557 2341 627 2379 τὸν
659 2346 856 2380 τεθνεῶτα
886 2358 948 2380 κυ-

272 2388 462 2435 πτάζωσι]
487 2390 778 2433 -κτυπτάζωσι
798 2395 885 2428 V.en
906 2393 946 2426 C.

273 2438 411 2480 'quando
430 2439 522 2472 inter
541 2439 718 2474 cadavera
742 2440 947 2474 volutantur

272 2484 315 2516 F
305 2495 350 2518 lc

320 2526 386 2585 δὲ]
416 2526 456 2563 δε
459 2525 527 2585 δή
553 2531 634 2566 Vat.
656 2530 723 2564 Η.

317 2573 402 2608 διὰ
423 2572 492 2620 τήν
533 2573 712 2620 τοιαύτην
747 2572 940 2623 αρπαγήν]

267 2623 435 2667 rapiendi
456 2624 650 2668 cupiditate
667 2623 710 2657 F
700 2634 745 2658 lc

319 2687 512 2735 ἀπώλετο]
564 2688 738 2737 οἷπώλητο
772 2692 867 2728 Mon.
901 2693 941 2727 Β.

266 2738 416 2782 Sigmun
449 2738 688 2784 interrogandi
722 2751 744 2774 a
783 2739 943 2774 Bekkero

269 2788 577 2876 651’ἰίνελευῖθερον
603 2850 650 2857 --
681 2827 943 2871 διακωλύσεις;

1014 1092 1049 1141 P
1061 1127 1126 1171 τε]
1166 1139 1230 1160 om.
1277 1126 1376 1160 Stob.
1418 1125 1538 1160 Trinc.
1574 1126 1682 1160 Gesn.

1017 1171 1150 1217 (Gaisf.
1176 1182 1218 1205 ex
1243 1173 1317 1206 cod.
1342 1173 1414 1206 ΑΒ.
1424 1172 1604 1227 recepit.)

1062 1219 1248 1264 σμικρᾶς]
1297 1215 1456 1263 σμικροὲς
1501 1218 1604 1255 Vind.
1638 1219 1682 1252 F.

1013 1266 1096 1300 Bas.
1122 1266 1156 1299 b.

1056 1308 1100 1345 τὸ
1121 1307 1322 1355 πολέμιον]
1348 1306 1395 1345 τό
1414 1322 1479 1344 om.
1500 1309 1586 1345 editi
1606 1312 1685 1345 ante

1010 1358 1219 1392 Bekkeriun.

1057 1403 1117 1448 τι]
1143 1401 1180 1436 τί
1204 1402 1305 1439 Vind.
1324 1402 1369 1436 F.
1394 1401 1489 1436 Mon.
1514 1403 1556 1436 B.
1582 1403 1682 1437 Stob.

1011 1450 1132 1484 Trinc.

1059 1492 1275 1550 διάφορον]
1307 1490 1499 1538 διάφοραν
1534 1494 1615 1528 Par.
1640 1494 1685 1528 K.

1012 1553 1082 1575 sec.
1107 1541 1185 1586 Bip.
1213 1537 1395 1585 διέφερον
1417 1541 1505 1585 Aug.
1528 1541 1568 1575 B.
1604 1540 1684 1574 δια-

1013 1586 1131 1632 φέρον
1155 1587 1250 1620 Flor.
1276 1588 1320 1620 R.

1055 1632 1201 1676 κυνῶν]
1227 1633 1365 1667 κοινῶν
1390 1634 1488 1667 Stob.
1514 1632 1634 1667 Trinc.

1056 1677 1136 1724 οἷς]
1175 1691 1240 1713 om.
1274 1679 1376 1715 Vind.
1401 1680 1443 1714 D.
1481 1680 1579 1714 Stob.
1606 1680 1680 1715 cod.

1008 1725 1049 1758 A.
1074 1726 1194 1759 Trinc.

1057 1769 1281 1816 βάλλοντος]
1321 1769 1505 1816 βαλόντος
1535 1772 1614 1806 Par.
1639 1771 1681 1805 A.

1006 1817 1208 1858 Bekkerus‚
1232 1817 1348 1852 Astius
1369 1819 1403 1852 in
1422 1822 1502 1852 tert.
1523 1818 1682 1852 et'Stall-

1006 1864 1162 1897 baumius
1195 1864 1231 1898 in
1267 1875 1335 1898 sec.
1360 1864 1414 1898 ed.
1439 1865 1551 1910 quod,
1584 1865 1614 1898 si
1638 1864 1681 1897 de

1006 1910 1179 1955 percussis
1195 1910 1335 1944 canibus
1357 1922 1467 1944 sermo
1487 1914 1552 1952 est,
1576 1922 1680 1955 prae—

1005 1955 1203 1997 ferendum,
1239 1957 1438 2008 ceteroquin
1461 1957 1561 1990 unius
1586 1956 1679 1990 codi-

1007 2002 1056 2035 cis
1081 2002 1162 2035 licet
1186 2001 1305 2046 optimi
1323 2003 1518 2036 testimonio
1540 2014 1605 2036 non
1620 2013 1678 2036 sa-

1005 2048 1052 2081 tis
1076 2051 1188 2080 tutum
1212 2059 1346 2083 censeo.
1394 2049 1540 2084 Videtur
1564 2051 1677 2082 autem

1006 2094 1170 2128 Socrates
1195 2105 1260 2126 non
1280 2094 1322 2127 de
1333 2095 1507 2139 percussis
1532 2098 1677 2136 tantum,

1006 2140 1067 2174 sed
1102 2139 1144 2173 de
1178 2140 1330 2173 omnibus
1364 2141 1505 2174 canibus
1542 2140 1676 2174 omnino

1006 2185 1178 2229 cogitasse
1203 2197 1387 2231 eorumque
1421 2187 1510 2220 hanc
1533 2198 1675 2220 consue—

1004 2232 1154 2266 tudinem
1179 2231 1305 2274 dicere,
1327 2236 1367 2265 ut
1384 2233 1420 2266 iu
1438 2232 1582 2277 lapides,
1597 2233 1674 2277 qui-

1005 2278 1070 2312 bus
1104 2278 1259 2323 percussi
1300 2279 1428 2312 fuerint
1448 2304 1460 2320 ,
1507 2280 1673 2320 saeviant,

1004 2324 1185 2359 iacienteni
1207 2325 1321 2368 ipsum
1358 2325 1523 2358 neminem
1548 2337 1672 2369 aggre—

1005 2371 1152 2404 diantur.
1201 2370 1293 2404 Nam
1314 2370 1365 2405 ita
1388 2371 1521 2404 demum
1545 2371 1672 2405 similes

1002 2428 1066 2461 per
1091 2417 1202 2450 omnia
1226 2417 1277 2450 his
1301 2417 1350 2451 illi
1374 2421 1473 2459 sunt,
1498 2417 1558 2462 qui
1580 2429 1670 2450 nior-

1002 2467 1080 2496 tuos
1104 2463 1274 2507 spoliant,
1299 2463 1387 2497 vivis
1410 2475 1478 2497 non
1501 2463 1609 2497 solum
1627 2463 1670 2497 il<

1000 2508 1057 2550 lis,
1081 2510 1142 2543 sed
1166 2509 1375 2553 quibuslibet
1390 2520 1523 2543 manum
1540 2509 1671 2543 inferre

1000 2567 1068 2589 non
1104 2555 1249 2597 audent,
1293 2568 1378 2600 quos
1410 2557 1453 2590 ob
1487 2555 1523 2589 id
1556 2555 1668 2600 ipsum

1000 2612 1107 2646 parvo
1141 2604 1177 2635 et
1207 2601 1365 2636 muliebri
1388 2602 1497 2635 animo
1528 2602 1667 2646 praedi-

1000 2651 1054 2681 tos
1086 2647 1178 2682 dicit.
1234 2648 1357 2694 Itaque
1386 2658 1551 2692 praesens
1585 2649 1666 2681 Sto-

1000 2693 1078 2727 baei
1102 2706 1237 2739 quoque
1260 2698 1296 2728 et
1323 2694 1436 2728 Ficini
1460 2694 1667 2728 auctoiitate

1000 2740 1164 2773 munitiun
1206 2740 1301 2774 tenui
1343 2740 1590 2784 teuendmnque
1630 2741 1664 2773 in

1000 2786 1195 2820 Aristotelis
1228 2787 1300 2820 loco
1342 2787 1482 2820 Rhetor.
1518 2786 1560 2819 L.
1595 2787 1664 2820 ΙΙΙ.

1001 2843 1032 2865 c.
1056 2832 1088 2867 4.
1114 2833 1290 2875 existimo,
1312 2832 1371 2867 ubi
1395 2832 1438 2867 de
1461 2833 1663 2869 similitudi-
