1807 3219
459 158 798 204 CIVITAS
837 156 961 201 LIB.
991 157 1046 201 V.
1075 157 1145 197 470

78 277 94 281 “
120 288 238 317 τειον
276 271 450 327 καρπὸν
485 268 778 329 ἀφαιρεῖσθαι
797 303 810 323 ,

1453 165 1512 207 93

851 270 927 314 καὶ
957 265 1022 313 ὦν
1051 268 1204 325 ἕνεκα,
1257 269 1408 329 βούλει
1438 284 1511 319 σοι

119 341 232 397 λέγω
243 359 258 393 ,·
298 341 431 386 Πάνυ
458 356 520 396 γε.
578 340 787 384 Φαίνεται
823 355 923 394 μοι,
967 337 1112 395 ὥσπερ
1142 340 1218 383 καὶ
1249 339 1509 397 ὀνομάζεται

121 410 204 455 δύο
233 413 371 454 ταῦτα
400 408 625 465 ὀνοματα,
664 406 852 463 πόλεμός
888 423 935 451 τε
961 408 1037 451 καὶ
1066 406 1240 462 στάσις,
1286 409 1404 454 οὕτω
1435 411 1512 455 καὶ

120 477 236 523 εἶναι
271 477 380 534 δυό,
426 476 534 522 ὄντα
571 476 639 522 ἐπὶ
674 478 803 521 δυοῖν
841 480 982 521 τινοῖν
1019 478 1274 535 διαφοραῖν.
1320 478 1431 536 λέγω
1463 479 1510 524 δὲ

119 624 784 662 vat.cM.Vind.c.Rica1-d.13.

117 673 213 706 Flor.
234 672 362 706 AMW.
387 673 488 708 Voss.
535 672 622 707 Ibid.
652 673 694 707 L.
723 673 784 709 VI.

116 731 152 764 Ρ.
164 718 244 754 754.
262 718 313 751 E:
340 717 516 762 (τίμημα)
539 718 642 753 δυεῖν
658 721 783 763 μναῖν,

115 764 300 799 secundum
323 763 402 797 Par.
421 765 462 798 A.
489 766 568 800 Vat.
591 765 672 799 CM.
695 767 783 810 Ang.

116 811 157 844 Β.
168 810 264 844 Flor.
273 810 315 843 A.
331 809 405 843 Ald.
425 810 555 844 Lovan.
580 811 632 845 Ib.
651 823 686 856 p.
704 813 782 847 774.

115 856 159 890 D.
191 856 252 890 ubi
279 856 398 889 eadem
427 858 534 890 verba
566 857 602 891 in
638 857 718 891 Par.
742 858 784 892 A.

116 903 196 938 Vat
215 901 294 936 CM.
318 902 414 935 Flor.
446 904 486 936 A.
512 902 692 947 leguntur,
725 915 784 938 su-

115 949 311 993 perscripta
342 951 455 982 tamen
489 949 525 983 in
558 950 637 984 Vat.
665 950 706 983 C.
731 950 784 984 di—

115 995 308 1054 phthongo
315 1005 362 1028 οι.
394 994 446 1028 Ib.
471 994 512 1029 L.
532 995 631 1029 VIII.
647 1007 680 1052 p.
700 996 781 1051 846.

117 1040 166 1074 C:
195 1040 250 1074 εἴτ
291 1037 351 1074 ἐπὶ
381 1039 485 1074 δυεῖν
516 1037 579 1075 εἴτ’
611 1038 670 1085 ἐφ’
689 1038 782 1077 ὁπό-

115 1096 190 1120 σων
209 1085 430 1130 (masculino)
449 1086 633 1121 secundmn
652 1088 731 1121 Par.
740 1090 781 1122 A.

115 1133 195 1167 Vat.
218 1133 298 1166 CM.
314 1132 388 1165 Pal.
404 1132 444 1165 C.
470 1133 609 1168 Ricard.
625 1134 665 1166 B.
684 1133 781 1168 Flor.

111 1178 273 1212 ACMW.
299 1177 375 1211 Civ.
396 1178 438 1212 L.
458 1178 558 1212 VIII.
579 1191 615 1224 Ρ.
630 1180 709 1214 546.
730 1180 780 1213 Ct

114 1222 377 1269 (διαμέτρων)
406 1220 581 1268 οἷῤῥήτων
606 1223 646 1258 δὲ
676 1225 782 1260 δυεῖν

112 1270 298 1305 secundum
323 1270 403 1304 Par.
433 1271 474 1303 A
500 1271 586 1305 Ven.
610 1271 651 1304 C.
683 1271 780 1306 Flor.

114 1317 155 1350 C.
189 1317 280 1350 Tim.
301 1328 336 1361 p.
356 1317 413 1351 79.
422 1316 485 1349 D·
511 1315 613 1350 δυεῖν
633 1313 673 1351 δὲ
694 1320 781 1362 ταῖν

112 1359 299 1404 διεξόδοιν
330 1372 462 1397 ουσαιν
484 1363 670 1396 secundum
689 1364 781 1408 opti-

107 1420 198 1442 mum
240 1408 341 1443 Vind.
373 1407 655 1443 CCCXXXVII.
690 1408 778 1444 Lob.

107 1455 205 1488 Flor.
223 1454 295 1488 BL.
321 1454 400 1488 Par.
415 1454 492 1488 SY.
516 1455 614 1488 Amb.
631 1455 670 1488 Β.
696 1454 777 1491 Vat.

106 1500 158 1537 Μ.
182 1500 333 1543 Euthyd.
357 1512 392 1545 Ρ.
417 1501 497 1536 306.
524 1500 575 1534 A:
611 1497 650 1535 ἐκ
676 1501 779 1536 δυεῖν

107 1548 240 1581 κακοῖν
261 1546 445 1580 secundum
465 1546 582 1581 Clark.
611 1547 709 1581 Flor.
735 1549 776 1583 B.

108 1596 146 1626 et
157 1594 306 1627 fortasse
318 1592 366 1626 ib.
383 1592 497 1637 paullo
515 1596 595 1627 ante
613 1589 652 1628 ἐκ
673 1593 777 1628 δυεῖν

107 1635 272 1683 ἀγαθοῖν
303 1639 487 1672 secundum
515 1639 595 1675 Vat.
614 1640 654 1673 B.
679 1640 775 1674 Flor.

106 1684 147 1719 B.
194 1684 314 1719 Paullo
347 1684 599 1730 frequentiores
642 1686 669 1720 ιι
709 1686 777 1720 loci

106 1735 206 1773 sunt,
230 1730 355 1776 quibus
375 1731 424 1764 ita
443 1734 483 1764 ut
500 1734 617 1765 nostro
635 1732 777 1766 secundi

107 1776 272 1822 tertiique
288 1776 416 1811 ordinis
436 1777 572 1811 codices
594 1777 697 1811 δυεῖν
713 1779 776 1811 ha-

107 1823 212 1864 bent,
252 1822 342 1868 quod
372 1824 520 1857 fortasse
552 1834 615 1868 pro
654 1824 776 1859 maiori

109 1880 225 1903 eorum
251 1868 305 1902 vel
332 1880 472 1905 numero
501 1868 556 1903 vel
578 1869 692 1914 pretio
719 1870 775 1904 hic

106 1915 178 1950 illic
217 1918 336 1948 contra
364 1914 510 1968 optimos
543 1915 775 1960 recipiendum

110 1963 225 2002 esset,
249 1961 280 1995 si
296 1960 508 2005 grammatici
526 1960 562 1995 id
584 1965 644 1996 aut
662 1962 772 2006 magis

108 2007 260 2041 Atticum
302 2009 363 2041 aut
396 2006 592 2041 nominatim
635 2007 774 2042 Platoni

109 2053 273 2086 usitatum
287 2052 522 2095 tradidissent,
547 2056 609 2087 aut
625 2053 774 2099 denique

107 2099 159 2134 ita
185 2098 493 2141 commendassent,
517 2102 557 2132 ut
580 2099 774 2134 sufficiente

108 2144 243 2178 ratione
271 2147 308 2178 et
339 2144 486 2185 lectione
517 2145 627 2180 nisam
665 2147 776 2184 secuti

107 2190 306 2230 viderentur
323 2181 523 2225 doctrinam.
564 2191 663 2225 Sed
653 2203 696 2234 is,
714 2192 774 2236 qui

108 2235 235 2280 optime
250 2235 295 2269 de
311 2236 376 2270 hac
394 2247 433 2271 re
452 2238 650 2281 praecepit,
674 2237 775 2271 lexici

107 2281 273 2315 rhetorici
297 2285 417 2316 auctor
446 2283 537 2327 apud
555 2283 774 2317 Eustathium

105 2327 149 2362 ad
170 2327 211 2360 Il.
240 2326 284 2361 T.
302 2327 349 2366 11
426 2329 561 2372 ξ.,333
581 2330 694 2369 8.15.
717 2331 771 2364 17.

104 2373 170 2418 Lip
173 2384 200 2406 s.
223 2372 311 2406 nihil
327 2372 418 2407 aliud
426 2340 602 2417 gtradidit,
626 2375 692 2409 nisi
709 2375 774 2415 At-

104 2419 192 2454 ticos
221 2419 395 2453 interdum
429 2418 533 2454 δυεῖν
568 2431 632 2465 pro
663 2411 771 2455 δυοῖν

103 2465 254 2507 dixisse,
279 2466 370 2510 apud
397 2468 532 2500 veteres
556 2478 640 2500 raro
659 2466 726 2500 id·
716 2478 771 2502 ιιι·-

103 2511 235 2553 veniri,
271 2522 347 2545 esse
372 2514 485 2545 tamen
519 2524 541 2547 a
567 2512 770 2556 Thucydide

103 2560 324 2602 usurpatum,
351 2560 387 2591 et
415 2558 624 2593 recentiores
653 2562 773 2594 contra

104 2603 296 2647 analogiam
313 2603 423 2638 dualis
441 2603 492 2637 ita
507 2604 669 2638 scribere.
695 2605 770 2639 Ne-

128 2661 172 2683 ue
189 2648 403 2693 Phrynichus
429 2649 502 2683 Ecl.
529 2662 564 2694 Ρ.
584 2652 663 2685 210.
683 2651 769 2690 Lob.

104 2660 209 2729 δυεῖν
233 2695 334 2729 alteri
351 2696 518 2740 praefert,
542 2700 674 2730 tantum
685 2709 770 2742 pro-

104 2741 183 2775 bum
212 2752 289 2775 esse
318 2741 422 2784 dicit,
448 2744 485 2775 et
510 2742 609 2776 simul
629 2754 689 2776 eos
714 2755 771 2777 re-

104 2786 296 2831 prehendit,
321 2787 380 2832 qui
398 2798 462 2840 pro
481 2787 598 2822 dativo
617 2791 770 2832 utantur,

105 2843 209 2878 quum
227 2833 399 2878 genitivus
420 2833 487 2878 sit;
510 2834 565 2869 cui
583 2838 770 2880 praecepto

842 626 879 660 in
916 626 1054 661 scholiis
1094 626 1270 671 Viteberg.
1301 627 1344 662 ad
1383 627 1508 673 Eurip.

841 673 928 707 Hec.
958 673 1015 707 45.
1054 673 1203 717 repetito
1234 673 1386 707 Platonis
1417 675 1512 708 locus

841 719 927 763 Leg.
956 718 997 751 L.
1021 717 1049 752 I.
1079 730 1184 763 supra
1214 719 1427 763 significatus
1454 731 1512 753 re-

840 768 983 810 pugnat.
1030 765 1226 798 Artioribus
1253 766 1357 799 etiam
1383 766 1511 800 finibus

841 823 909 846 non
930 811 1039 854 magis
1069 811 1295 855 probabiliter
1316 822 1416 845 usum
1436 812 1510 845 eius

842 856 1089 891 circumscribit
1107 858 1347 900 grammaticus
1367 857 1510 892 aBach-

839 914 962 937 manno
981 903 1093 936 editus
1112 904 1229 937 anecd.
1250 904 1294 937 T.
1312 904 1359 938 II.
1381 916 1416 949 p.
1426 904 1508 946 372,

839 951 873 984 2.
899 949 1000 982 δυεῖν
1035 949 1122 991 δίχα
1147 949 1218 983 τοῦ
1247 945 1396 994 ἄρθρου
1414 961 1508 993 γενι-

839 994 910 1039 κῆς
931 991 1159 1039 ἐπειγομένης
1176 996 1243 1029 dici
1262 996 1410 1029 tradens.
1435 995 1509 1029 De-

838 1041 1165 1121 ιιέᾳιέξόῌεῶειοῧόεε
1175 1041 1276 1122 agi51<71
1285 1041 1508 1130 Εὲιέίῑιιιδιιιιιιιι

840 1099 860 1121 a
1426 1099 1508 1122 υειν

837 1133 1081 1167 recentissimis
1092 1095 1220 1167 ΑἰιΙιἹοι5
1227 1134 1414 1178 proprium,
1432 1145 1510 1168 cer-

837 1183 874 1213 te
892 1179 1029 1212 Platoni
1049 1179 1194 1213 alienum
1213 1180 1387 1213 censuisse
1412 1180 1509 1214 vide-

837 1228 906 1267 tur,
931 1225 1008 1258 (ιιιιιι
1027 1225 1128 1258 docet
1143 1222 1233 1265 τούς
1250 1222 1428 1265 Ἀττικους
1439 1222 1509 1270 τήν

839 1282 877 1305 οι
912 1271 1123 1327 δίφθογγον
1159 1271 1212 1311 εἰς
1240 1269 1310 1316 τήν
1342 1283 1373 1306 ει
1398 1284 1508 1316 μετα-

837 1320 972 1359 ποιεῖν,
998 1315 1042 1351 τὸ
1067 1317 1175 1351 δυοῖν
1195 1316 1376 1373 λέγοντας
1390 1319 1507 1362 δυεῖν,

837 1362 901 1397 και
919 1360 963 1398 τὸ
989 1363 1087 1398 οἴκοι
1110 1363 1225 1407 οἴκει,
1251 1363 1315 1399 καὶ
1334 1361 1377 1399 τὸ
1395 1367 1508 1405 ποῖος

835 1411 953 1449 πεῖος.
1009 1409 1116 1444 Nulla
1146 1389 1255 1455 igitiir
1295 1422 1416 1445 caussa
1443 1414 1508 1454 est,

836 1467 898 1490 cur
932 1458 1048 1490 nostro
1077 1455 1152 1490 loco
1184 1456 1361 1491 Platonem
1403 1457 1507 1491 δυεῖν

835 1502 1017 1546 scripsisse
1039 1505 1228 1536 statuamus
1259 1515 1403 1548 eamque
1434 1505 1507 1537 for-

834 1558 924 1581 mam
950 1548 981 1581 ei
1007 1549 1106 1583 unius
1125 1548 1210 1582 adeo
1229 1552 1289 1582 aut
1317 1561 1506 1593 pauconun

834 1606 901 1628 non
924 1594 1128 1639 optimorum
1145 1595 1300 1629 codicum
1313 1596 1426 1639 gratia
1437 1596 1503 1630 im—

832 1640 1019 1684 pertiamus
1039 1667 1049 1682 ,
1081 1641 1171 1685 quod
1209 1641 1389 1675 Bekkerus
1430 1642 1506 1687 ple-

834 1698 977 1731 rumque
999 1687 1094 1721 fecit.
1143 1687 1198 1721 Cf.
1229 1687 1361 1721 Criton.
1392 1700 1426 1733 p.
1448 1689 1504 1723 52.

832 1732 874 1766 Α.
902 1734 979 1775 162,
1003 1735 1055 1768 16.
1083 1733 1161 1777 (ubi
1191 1733 1438 1769 Stallbaumius
1462 1735 1506 1769 de

834 1778 1009 1812 codicibus
1038 1779 1257 1814 vehementer
1283 1780 1390 1814 falsus
1419 1781 1505 1824 est.)

835 1825 944 1869 Gorg.
968 1826 1049 1860 473.
1068 1824 1110 1859 D.
1136 1827 1200 1867 59,
1219 1827 1253 1861 7.
1276 1827 1354 1861 481.
1378 1827 1419 1860 D.
1446 1829 1505 1869 77,

833 1871 889 1905 19.
912 1837 1006 1916 g(quo
1036 1871 1111 1905 loco
1141 1872 1245 1906 δυεῖν
1273 1873 1432 1907 Bekkero
1462 1884 1503 1907 eo

831 1917 940 1960 magis
979 1921 1174 1962 suspectum
1214 1929 1292 1952 esse
1333 1919 1495 1961 debebat,

830 1962 950 2007 quod
940 1975 975 1997 ιιι
1002 1963 1207 2008 glossemate
1227 1965 1389 1999 iteratum
1404 1965 1502 2000 vide-

829 2009 916 2052 ret.)
951 2009 1031 2044 493.
1060 2009 1102 2043 D.
1141 2012 1315 2051 101,13.
1351 2012 1500 2046 Theaet.

832 2055 910 2089 187.
930 2055 971 2089 Β.
996 2057 1076 2098 271,
1097 2056 1129 2091 5.
1157 2036 1234 2100 (ubi
1255 2055 1500 2092 Stallbaumius

832 2100 941 2135 δυοῖν
960 2105 1080 2136 tenens
1092 2114 1214 2147 parum
1231 2103 1298 2137 sibi
1316 2104 1499 2148 constitit.)

833 2146 931 2180 Crat.
957 2147 1037 2182 418.
1065 2148 1109 2182 Ι).
1145 2149 1202 2191 75,
1221 2151 1277 2183 21.
1305 2149 1382 2192 (ubi
1409 2149 1501 2183 idem

829 2194 1005 2238 vulgatam
1032 2193 1068 2227 in
1099 2194 1191 2229 nullo
1217 2195 1334 2229 codice
1359 2199 1501 2240 praeter

829 2237 911 2273 Par.
924 2239 966 2273 Ε.
987 2243 1023 2273 et
1043 2240 1182 2288 Zittav.
1193 2244 1385 2276 exstantem
1405 2246 1502 2276 recte

830 2274 1012 2330 deseruit.)
1039 2287 1087 2329 Sy
1067 2298 1157 2332 ymp.
1184 2289 1261 2322 192.
1286 2288 1330 2322 Ε.
1365 2288 1402 2321 4.
1419 2287 1501 2331 408,

831 2332 886 2365 12.
906 2331 984 2375 (ιὼι
1012 2332 1193 2366 Bekkeius
1214 2333 1330 2367 falso'
1320 2345 1357 2367 ιιι
1381 2333 1499 2369 Clark.

831 2376 933 2411 δυεῖν
944 2377 1012 2422 legi
1023 2378 1213 2423 perhibet.)
1235 2380 1408 2415 Phaedon.
1420 2382 1499 2415 101.

827 2422 869 2456 Β.
896 2424 1038 2466 93‚1o.
1071 2426 1147 2460 102.
1179 2425 1221 2459 D.
1256 2426 1394 2467 96,15.
1421 2426 1498 2461 Civ.

827 2469 946 2504 VIIII.
980 2470 1059 2506 587.
1089 2471 1128 2509 Β.
1150 2471 1255 2508 Tim.
1286 2472 1342 2507 53.
1374 2472 1414 2505 C.
1435 2474 1500 2515 66,

829 2516 886 2549 19.
913 2505 1032 2550 56..Ε
1066 2518 1134 2557 73,
1153 2517 1414 2558 5..63085,
1442 2518 1497 2554 14.

828 2561 968 2595 Axioch.
997 2562 1095 2598 366.
1109 2562 1150 2598 C.
1182 2564 1272 2605 509,
1300 2564 1356 2598 33.
1382 2564 1496 2599 Parm.

830 2606 907 2646 142.
929 2607 972 2641 Ε.
1001 2604 1060 2649 36,
1077 2610 1107 2643 1.
1135 2620 1202 2653 quo
1224 2610 1297 2644 loco
1314 2610 1496 2647 Bekkerus

827 2653 1017 2693 coniunctis
1043 2655 1129 2693 Ven.
1151 2656 1192 2689 A.
1210 2656 1289 2689 Par.
1309 2655 1337 2689 Ι.
1358 2656 1495 2700 tribuit,

827 2699 919 2743 quod
948 2699 1090 2743 singulis
1124 2701 1172 2735 ib.
1204 2703 1282 2737 129.
1312 2702 1353 2736 A.
1387 2704 1427 2744 8,
1460 2704 1493 2737 6.

829 2744 1034 2779 143...Ι)Ε
1066 2746 1213 2788 37,19.
1248 2749 1318 2789 38,
1344 2728 1495 2783 1.4’.et

825 2791 1050 2825 Ambrosiano
1079 2791 1155 2827 civ.
1178 2794 1208 2827 I.
1237 2795 1318 2829 351.
1341 2794 1384 2831 Ε.
1411 2805 1493 2828 con-

827 2836 1013 2872 cedendum
1047 2849 1115 2873 nou
1133 2840 1289 2885 ,putavit
1336 2840 1492 2875 Eandem
