<?xml version="1.0" encoding="UTF-8"?>
<!DOCTYPE html PUBLIC "-//W3C//DTD XHTML 1.0 Transitional//EN"
    "http://www.w3.org/TR/xhtml1/DTD/xhtml1-transitional.dtd">
<html xmlns="http://www.w3.org/1999/xhtml" xml:lang="en" lang="en">
 <head>
  <title>
</title>
<meta http-equiv="Content-Type" content="text/html;charset=utf-8" />
  <meta name='ocr-system' content='tesseract 3.04.00' />
  <meta name='ocr-capabilities' content='ocr_page ocr_carea ocr_par ocr_line ocrx_word'/>
</head>
<body>
  <div class='ocr_page' id='page_1' title='image "./operagraecerecen02platuoft_0310.png"; bbox 0 0 1807 3219; ppageno 0'>
   <div class='ocr_carea' id='block_1_1' title="bbox 1026 81 1038 158">
    <p class='ocr_par' dir='ltr' id='par_1_1' title="bbox 1026 81 1038 158">
     <span class='ocr_line' id='line_1_1' title="bbox 1026 81 1038 158; textangle 90"><span class='ocrx_word' id='word_1_1' title='bbox 1026 81 1038 158; x_wconf 46' lang='grc' dir='ltr'><strong>-..νο</strong></span> 
     </span>
    </p>
   </div>
   <div class='ocr_carea' id='block_1_2' title="bbox 383 214 1704 232">
    <p class='ocr_par' dir='ltr' id='par_1_2' title="bbox 383 214 1704 232">
     <span class='ocr_line' id='line_1_2' title="bbox 383 214 1704 232; baseline 0 2987"><span class='ocrx_word' id='word_1_2' title='bbox 383 214 1704 232; x_wconf 95' lang='lat' dir='ltr'><em> </em></span> 
     </span>
    </p>
   </div>
   <div class='ocr_carea' id='block_1_3' title="bbox 588 576 1453 621">
    <p class='ocr_par' dir='ltr' id='par_1_3' title="bbox 588 576 1453 621">
     <span class='ocr_line' id='line_1_3' title="bbox 588 576 1453 621; baseline 0 -3"><span class='ocrx_word' id='word_1_3' title='bbox 588 576 908 618; x_wconf 87' lang='grc' dir='ltr'><em>ΛΟΓΟΣ</em></span> <span class='ocrx_word' id='word_1_4' title='bbox 969 577 1453 621; x_wconf 89' lang='grc' dir='ltr'><strong>ΕΒΔΟΜΟΣ.</strong></span> 
     </span>
    </p>
   </div>
   <div class='ocr_carea' id='block_1_4' title="bbox 237 701 1717 772">
    <p class='ocr_par' dir='ltr' id='par_1_4' title="bbox 237 701 1717 772">
     <span class='ocr_line' id='line_1_4' title="bbox 237 701 1717 772; baseline -0.002 -11"><span class='ocrx_word' id='word_1_5' title='bbox 237 725 306 760; x_wconf 79' lang='lat'><em>514</em></span> <span class='ocrx_word' id='word_1_6' title='bbox 330 701 485 758; x_wconf 61' lang='lat' dir='ltr'><em>Meto}</em></span> <span class='ocrx_word' id='word_1_7' title='bbox 521 713 662 754; x_wconf 78' lang='grc' dir='ltr'><em>ταῦτα</em></span> <span class='ocrx_word' id='word_1_8' title='bbox 692 708 746 767; x_wconf 80' lang='grc' dir='ltr'><em>δὴ</em></span> <span class='ocrx_word' id='word_1_9' title='bbox 770 744 782 763; x_wconf 83' lang='grc'>,</span> <span class='ocrx_word' id='word_1_10' title='bbox 814 707 960 761; x_wconf 79' lang='grc' dir='ltr'><em>εἶπον,</em></span> <span class='ocrx_word' id='word_1_11' title='bbox 991 708 1232 755; x_wconf 77' lang='grc' dir='ltr'><em>ἀπείκασον</em></span> <span class='ocrx_word' id='word_1_12' title='bbox 1259 712 1446 772; x_wconf 80' lang='grc' dir='ltr'><em>τοιούτῳ</em></span> <span class='ocrx_word' id='word_1_13' title='bbox 1476 712 1609 757; x_wconf 78' lang='grc' dir='ltr'><em>πάθει</em></span> <span class='ocrx_word' id='word_1_14' title='bbox 1638 714 1717 769; x_wconf 87' lang='grc' dir='ltr'><em>τὴν</em></span> 
     </span>
    </p>
   </div>
   <div class='ocr_carea' id='block_1_5' title="bbox 329 777 1719 908">
    <p class='ocr_par' dir='ltr' id='par_1_5' title="bbox 329 777 1719 908">
     <span class='ocr_line' id='line_1_5' title="bbox 329 777 1718 836; baseline 0.004 -14"><span class='ocrx_word' id='word_1_15' title='bbox 329 777 543 835; x_wconf 80' lang='grc' dir='ltr'><em>ἡμετέραν</em></span> <span class='ocrx_word' id='word_1_16' title='bbox 572 777 712 836; x_wconf 85' lang='grc' dir='ltr'><em>φύσιν</em></span> <span class='ocrx_word' id='word_1_17' title='bbox 741 779 939 829; x_wconf 79' lang='grc' dir='ltr'><strong><em>παιδείας</em></strong></span> <span class='ocrx_word' id='word_1_18' title='bbox 968 794 1013 821; x_wconf 88' lang='grc' dir='ltr'><em>τε</em></span> <span class='ocrx_word' id='word_1_19' title='bbox 1050 779 1150 834; x_wconf 85' lang='grc' dir='ltr'><em>πέρι</em></span> <span class='ocrx_word' id='word_1_20' title='bbox 1188 782 1261 824; x_wconf 83' lang='grc' dir='ltr'><em>καὶ</em></span> <span class='ocrx_word' id='word_1_21' title='bbox 1303 779 1610 835; x_wconf 73' lang='grc' dir='ltr'><em>ἀπαιδευσίας·</em></span> <span class='ocrx_word' id='word_1_22' title='bbox 1654 785 1718 827; x_wconf 78' lang='grc' dir='ltr'><em>ἰδὲ</em></span> 
     </span>
     <span class='ocr_line' id='line_1_6' title="bbox 330 843 1719 908; baseline 0.004 -18"><span class='ocrx_word' id='word_1_23' title='bbox 330 847 418 904; x_wconf 75' lang='grc' dir='ltr'><em>γὰρ</em></span> <span class='ocrx_word' id='word_1_24' title='bbox 457 845 728 903; x_wconf 75' lang='grc' dir='ltr'><em>ἀνθρώπους</em></span> <span class='ocrx_word' id='word_1_25' title='bbox 766 843 866 890; x_wconf 83' lang='grc' dir='ltr'><em>οἷον</em></span> <span class='ocrx_word' id='word_1_26' title='bbox 904 846 952 890; x_wconf 78' lang='grc' dir='ltr'><em>ἐν</em></span> <span class='ocrx_word' id='word_1_27' title='bbox 993 849 1207 904; x_wconf 78' lang='grc' dir='ltr'><em>καταγείῳ</em></span> <span class='ocrx_word' id='word_1_28' title='bbox 1248 849 1414 907; x_wconf 81' lang='grc' dir='ltr'><em>οἰκήσει</em></span> <span class='ocrx_word' id='word_1_29' title='bbox 1456 851 1719 908; x_wconf 80' lang='grc' dir='ltr'><em>σπηλαιώδει</em></span> 
     </span>
    </p>
   </div>
   <div class='ocr_carea' id='block_1_6' title="bbox 327 968 1000 1454">
    <p class='ocr_par' dir='ltr' id='par_1_6' title="bbox 327 968 1000 1454">
     <span class='ocr_line' id='line_1_7' title="bbox 390 968 999 1024; baseline -0.008 -9"><span class='ocrx_word' id='word_1_30' title='bbox 390 972 620 1023; x_wconf 82' lang='grc' dir='ltr'><em>πλάτωνος</em></span> <span class='ocrx_word' id='word_1_31' title='bbox 647 974 903 1023; x_wconf 81' lang='grc' dir='ltr'><em>πολιτειῶν,</em></span> <span class='ocrx_word' id='word_1_32' title='bbox 935 968 999 1024; x_wconf 69' lang='grc' dir='ltr'><em>.ζῖ</em></span> 
     </span>
     <span class='ocr_line' id='line_1_8' title="bbox 327 1036 999 1084; baseline -0.006 -9"><span class='ocrx_word' id='word_1_33' title='bbox 327 1041 413 1075; x_wconf 90' lang='lat' dir='ltr'><strong>Lob.</strong></span> <span class='ocrx_word' id='word_1_34' title='bbox 460 1041 657 1075; x_wconf 76' lang='grc' dir='ltr'><em>πολιτειῶν</em></span> <span class='ocrx_word' id='word_1_35' title='bbox 690 1037 799 1084; x_wconf 81' lang='grc' dir='ltr'><em>λόγος</em></span> <span class='ocrx_word' id='word_1_36' title='bbox 840 1036 999 1084; x_wconf 76' lang='grc' dir='ltr'><em>ἕβδομος</em></span> 
     </span>
     <span class='ocr_line' id='line_1_9' title="bbox 328 1094 1000 1139; baseline -0.004 -7"><span class='ocrx_word' id='word_1_37' title='bbox 328 1098 429 1133; x_wconf 85' lang='lat' dir='ltr'><strong>Vind.</strong></span> <span class='ocrx_word' id='word_1_38' title='bbox 463 1098 504 1131; x_wconf 92' lang='lat' dir='ltr'><strong>B.</strong></span> <span class='ocrx_word' id='word_1_39' title='bbox 550 1100 578 1139; x_wconf 82' lang='grc' dir='ltr'><em>ζ.</em></span> <span class='ocrx_word' id='word_1_40' title='bbox 603 1096 702 1131; x_wconf 81' lang='lat' dir='ltr'><strong>Vind.</strong></span> <span class='ocrx_word' id='word_1_41' title='bbox 727 1097 770 1130; x_wconf 84' lang='lat' dir='ltr'><strong>E.</strong></span> <span class='ocrx_word' id='word_1_42' title='bbox 803 1094 1000 1135; x_wconf 78' lang='grc' dir='ltr'><em>πλοὲτωνος</em></span> 
     </span>
     <span class='ocr_line' id='line_1_10' title="bbox 330 1141 999 1188; baseline -0.006 -10"><span class='ocrx_word' id='word_1_43' title='bbox 330 1144 531 1178; x_wconf 87' lang='grc' dir='ltr'><em>πολιτειῶν</em></span> <span class='ocrx_word' id='word_1_44' title='bbox 552 1141 693 1188; x_wconf 86' lang='grc' dir='ltr'><em>εβδόμη</em></span> <span class='ocrx_word' id='word_1_45' title='bbox 707 1143 798 1176; x_wconf 88' lang='lat' dir='ltr'><strong>Mon.</strong></span> <span class='ocrx_word' id='word_1_46' title='bbox 810 1142 883 1176; x_wconf 86' lang='lat' dir='ltr'><strong>BC.</strong></span> <span class='ocrx_word' id='word_1_47' title='bbox 902 1143 999 1176; x_wconf 83' lang='lat' dir='ltr'><strong>Flor.</strong></span> 
     </span>
     <span class='ocr_line' id='line_1_11' title="bbox 329 1184 1000 1243; baseline -0.003 -19"><span class='ocrx_word' id='word_1_48' title='bbox 329 1191 375 1225; x_wconf 89' lang='lat' dir='ltr'><em>U.</em></span> <span class='ocrx_word' id='word_1_49' title='bbox 409 1188 606 1228; x_wconf 78' lang='grc' dir='ltr'><em>πλάτωνος</em></span> <span class='ocrx_word' id='word_1_50' title='bbox 642 1190 827 1223; x_wconf 89' lang='grc' dir='ltr'><em>πολιτεῖαι</em></span> <span class='ocrx_word' id='word_1_51' title='bbox 858 1184 882 1232; x_wconf 80' lang='grc' dir='ltr'><em>ἢ</em></span> <span class='ocrx_word' id='word_1_52' title='bbox 914 1186 1000 1243; x_wconf 83' lang='grc' dir='ltr'><em>περὶ</em></span> 
     </span>
     <span class='ocr_line' id='line_1_12' title="bbox 333 1231 1000 1281; baseline -0.005 -11"><span class='ocrx_word' id='word_1_53' title='bbox 333 1236 480 1270; x_wconf 80' lang='grc' dir='ltr'><em>δικαίου</em></span> <span class='ocrx_word' id='word_1_54' title='bbox 503 1233 643 1281; x_wconf 72' lang='grc' dir='ltr'><em>ἑβδόμη</em></span> <span class='ocrx_word' id='word_1_55' title='bbox 669 1235 760 1268; x_wconf 84' lang='lat' dir='ltr'><strong>Flor.</strong></span> <span class='ocrx_word' id='word_1_56' title='bbox 786 1235 830 1269; x_wconf 88' lang='lat' dir='ltr'><em>V.</em></span> <span class='ocrx_word' id='word_1_57' title='bbox 854 1231 1000 1267; x_wconf 87' lang='grc' dir='ltr'><em>πλατω-</em></span> 
     </span>
     <span class='ocr_line' id='line_1_13' title="bbox 330 1277 999 1325; baseline -0.004 -9"><span class='ocrx_word' id='word_1_58' title='bbox 330 1294 396 1322; x_wconf 89' lang='grc' dir='ltr'><em>νος</em></span> <span class='ocrx_word' id='word_1_59' title='bbox 430 1282 627 1316; x_wconf 77' lang='grc' dir='ltr'><em>πολιτειῶν</em></span> <span class='ocrx_word' id='word_1_60' title='bbox 661 1277 684 1325; x_wconf 81' lang='grc' dir='ltr'><em>ἢ</em></span> <span class='ocrx_word' id='word_1_61' title='bbox 722 1279 808 1325; x_wconf 83' lang='grc' dir='ltr'><em>περὶ</em></span> <span class='ocrx_word' id='word_1_62' title='bbox 850 1280 999 1314; x_wconf 83' lang='grc' dir='ltr'><em>δικαίου</em></span> 
     </span>
     <span class='ocr_line' id='line_1_14' title="bbox 331 1325 1000 1374; baseline -0.006 -11"><span class='ocrx_word' id='word_1_63' title='bbox 331 1326 439 1372; x_wconf 81' lang='grc' dir='ltr'><em>λόγος</em></span> <span class='ocrx_word' id='word_1_64' title='bbox 483 1325 642 1374; x_wconf 73' lang='grc' dir='ltr'><em>ἕβδομος</em></span> <span class='ocrx_word' id='word_1_65' title='bbox 680 1327 776 1361; x_wconf 89' lang='lat' dir='ltr'><strong>Flor.</strong></span> <span class='ocrx_word' id='word_1_66' title='bbox 807 1327 880 1360; x_wconf 89' lang='lat' dir='ltr'><strong>AC.</strong></span> <span class='ocrx_word' id='word_1_67' title='bbox 924 1326 1000 1361; x_wconf 76' lang='lat' dir='ltr'><strong>A1d.</strong></span> 
     </span>
     <span class='ocr_line' id='line_1_15' title="bbox 331 1372 999 1418; baseline -0.004 -10"><span class='ocrx_word' id='word_1_68' title='bbox 331 1376 413 1408; x_wconf 87' lang='lat' dir='ltr'><strong>Bas.</strong></span> <span class='ocrx_word' id='word_1_69' title='bbox 438 1375 493 1407; x_wconf 90' lang='lat' dir='ltr'><strong>ab.</strong></span> <span class='ocrx_word' id='word_1_70' title='bbox 529 1375 612 1418; x_wconf 81' lang='lat' dir='ltr'><strong>(hae</strong></span> <span class='ocrx_word' id='word_1_71' title='bbox 635 1372 830 1407; x_wconf 81' lang='lat' dir='ltr'><strong>maiusculis</strong></span> <span class='ocrx_word' id='word_1_72' title='bbox 854 1372 999 1414; x_wconf 83' lang='lat' dir='ltr'>litteris)</span> 
     </span>
     <span class='ocr_line' id='line_1_16' title="bbox 333 1416 1000 1454; baseline -0.003 0"><span class='ocrx_word' id='word_1_73' title='bbox 333 1420 634 1454; x_wconf 77' lang='grc' dir='ltr'><em>ΠΟΛΙΤΕῙΩΝ</em></span> <span class='ocrx_word' id='word_1_74' title='bbox 662 1419 929 1453; x_wconf 83' lang='grc' dir='ltr'><em>ΔΙΑΔΟΓΟΣ</em></span> <span class='ocrx_word' id='word_1_75' title='bbox 966 1416 1000 1452; x_wconf 75' lang='grc' dir='ltr'><em>ἕ-</em></span> 
     </span>
    </p>
   </div>
   <div class='ocr_carea' id='block_1_7' title="bbox 332 1465 1001 1557">
    <p class='ocr_par' dir='ltr' id='par_1_7' title="bbox 332 1465 1001 1557">
     <span class='ocr_line' id='line_1_17' title="bbox 332 1465 1001 1512; baseline -0.003 -12"><span class='ocrx_word' id='word_1_76' title='bbox 332 1467 472 1512; x_wconf 86' lang='grc' dir='ltr'><em>βδομος</em></span> <span class='ocrx_word' id='word_1_77' title='bbox 504 1467 625 1512; x_wconf 87' lang='lat' dir='ltr'><strong>Steph.</strong></span> <span class='ocrx_word' id='word_1_78' title='bbox 679 1467 717 1499; x_wconf 90' lang='lat' dir='ltr'><strong>Z.</strong></span> <span class='ocrx_word' id='word_1_79' title='bbox 750 1465 931 1499; x_wconf 85' lang='lat' dir='ltr'>Bekkerus</span> <span class='ocrx_word' id='word_1_80' title='bbox 965 1469 1001 1498; x_wconf 83' lang='lat' dir='ltr'><em>et</em></span> 
     </span>
     <span class='ocr_line' id='line_1_18' title="bbox 333 1513 535 1557; baseline -0.005 -10"><span class='ocrx_word' id='word_1_81' title='bbox 333 1513 457 1547; x_wconf 85' lang='lat' dir='ltr'><strong>Stallb.</strong></span> <span class='ocrx_word' id='word_1_82' title='bbox 482 1524 535 1557; x_wconf 88' lang='lat' dir='ltr'><em>pr.</em></span> 
     </span>
    </p>
   </div>
   <div class='ocr_carea' id='block_1_8' title="bbox 243 1575 998 1626">
    <p class='ocr_par' dir='ltr' id='par_1_8' title="bbox 243 1575 998 1626">
     <span class='ocr_line' id='line_1_19' title="bbox 243 1575 998 1626; baseline -0.008 -8"><span class='ocrx_word' id='word_1_83' title='bbox 243 1581 312 1618; x_wconf 81' lang='lat'><em>514</em></span> <span class='ocrx_word' id='word_1_84' title='bbox 378 1579 489 1615; x_wconf 76' lang='grc' dir='ltr'><em>Μετὰ</em></span> <span class='ocrx_word' id='word_1_85' title='bbox 526 1580 648 1615; x_wconf 77' lang='grc' dir='ltr'><em>ταῦτα</em></span> <span class='ocrx_word' id='word_1_86' title='bbox 680 1600 725 1604; x_wconf 83' lang='grc'>-</span> <span class='ocrx_word' id='word_1_87' title='bbox 765 1575 788 1623; x_wconf 79' lang='grc' dir='ltr'>ἢ</span> <span class='ocrx_word' id='word_1_88' title='bbox 826 1578 998 1626; x_wconf 78' lang='grc' dir='ltr'><em>δημοσία.</em></span> 
     </span>
    </p>
   </div>
   <div class='ocr_carea' id='block_1_9' title="bbox 333 1626 1010 2825">
    <p class='ocr_par' dir='ltr' id='par_1_9' title="bbox 333 1626 1010 2825">
     <span class='ocr_line' id='line_1_20' title="bbox 333 1626 1000 1671; baseline -0.007 -8"><span class='ocrx_word' id='word_1_89' title='bbox 333 1628 414 1663; x_wconf 90' lang='grc'><strong>517.</strong></span> <span class='ocrx_word' id='word_1_90' title='bbox 453 1628 493 1661; x_wconf 90' lang='lat' dir='ltr'><strong>C.</strong></span> <span class='ocrx_word' id='word_1_91' title='bbox 513 1626 526 1670; x_wconf 96' lang='lat'>]</span> <span class='ocrx_word' id='word_1_92' title='bbox 575 1626 747 1671; x_wconf 79' lang='lat' dir='ltr'><strong>excerpsit</strong></span> <span class='ocrx_word' id='word_1_93' title='bbox 792 1626 1000 1659; x_wconf 82' lang='lat' dir='ltr'><strong>lamblichus</strong></span> 
     </span>
     <span class='ocr_line' id='line_1_21' title="bbox 334 1673 997 1718; baseline -0.003 -10"><span class='ocrx_word' id='word_1_94' title='bbox 334 1675 542 1718; x_wconf 86' lang='grc' dir='ltr'><em>Προτρεπτ.</em></span> <span class='ocrx_word' id='word_1_95' title='bbox 568 1685 644 1718; x_wconf 86' lang='lat' dir='ltr'><strong>cap.</strong></span> <span class='ocrx_word' id='word_1_96' title='bbox 671 1673 725 1707; x_wconf 87' lang='lat'><strong>15.</strong></span> <span class='ocrx_word' id='word_1_97' title='bbox 757 1683 792 1716; x_wconf 88' lang='lat' dir='ltr'><em>p.</em></span> <span class='ocrx_word' id='word_1_98' title='bbox 815 1673 896 1707; x_wconf 73' lang='lat'><strong>228.</strong></span> <span class='ocrx_word' id='word_1_99' title='bbox 920 1683 997 1717; x_wconf 87' lang='lat' dir='ltr'>sqq.</span> 
     </span>
     <span class='ocr_line' id='line_1_22' title="bbox 334 1719 1000 1763; baseline -0.005 -8"><span class='ocrx_word' id='word_1_100' title='bbox 334 1721 390 1755; x_wconf 84' lang='lat' dir='ltr'><strong>ed.</strong></span> <span class='ocrx_word' id='word_1_101' title='bbox 414 1719 612 1763; x_wconf 78' lang='lat' dir='ltr'>Kiesslingii</span> <span class='ocrx_word' id='word_1_102' title='bbox 637 1731 667 1753; x_wconf 86' lang='lat' dir='ltr'><strong>a.</strong></span> <span class='ocrx_word' id='word_1_103' title='bbox 683 1719 785 1753; x_wconf 83' lang='lat'><strong>1813.</strong></span> <span class='ocrx_word' id='word_1_104' title='bbox 809 1730 842 1763; x_wconf 92' lang='lat' dir='ltr'><em>p.</em></span> <span class='ocrx_word' id='word_1_105' title='bbox 854 1719 910 1753; x_wconf 73' lang='lat'><em>92.</em></span> <span class='ocrx_word' id='word_1_106' title='bbox 923 1728 1000 1762; x_wconf 86' lang='lat' dir='ltr'>sqq.</span> 
     </span>
     <span class='ocr_line' id='line_1_23' title="bbox 336 1763 1001 1820; baseline -0.009 -19"><span class='ocrx_word' id='word_1_107' title='bbox 336 1767 392 1801; x_wconf 89' lang='lat' dir='ltr'><strong>ed.</strong></span> <span class='ocrx_word' id='word_1_108' title='bbox 418 1778 473 1820; x_wconf 83' lang='lat' dir='ltr'><em>pr.</em></span> <span class='ocrx_word' id='word_1_109' title='bbox 498 1765 635 1799; x_wconf 83' lang='lat' dir='ltr'><strong>Arcerii</strong></span> <span class='ocrx_word' id='word_1_110' title='bbox 659 1777 690 1798; x_wconf 90' lang='lat' dir='ltr'><strong>a.</strong></span> <span class='ocrx_word' id='word_1_111' title='bbox 720 1765 820 1799; x_wconf 81' lang='lat'><strong>1598.</strong></span> <span class='ocrx_word' id='word_1_112' title='bbox 869 1763 1001 1797; x_wconf 87' lang='lat' dir='ltr'><strong>Eadem</strong></span> 
     </span>
     <span class='ocr_line' id='line_1_24' title="bbox 335 1810 1003 1867; baseline -0.006 -21"><span class='ocrx_word' id='word_1_113' title='bbox 335 1813 454 1867; x_wconf 82' lang='lat' dir='ltr'><strong>paucis</strong></span> <span class='ocrx_word' id='word_1_114' title='bbox 505 1812 698 1856; x_wconf 82' lang='lat' dir='ltr'><strong>complexus</strong></span> <span class='ocrx_word' id='word_1_115' title='bbox 745 1814 799 1843; x_wconf 85' lang='lat' dir='ltr'><em>est</em></span> <span class='ocrx_word' id='word_1_116' title='bbox 844 1810 1003 1843; x_wconf 88' lang='lat' dir='ltr'><strong>Alcinous</strong></span> 
     </span>
     <span class='ocr_line' id='line_1_25' title="bbox 335 1852 1003 1913; baseline -0.007 -20"><span class='ocrx_word' id='word_1_117' title='bbox 335 1859 426 1913; x_wconf 84' lang='lat' dir='ltr'><strong>isag.</strong></span> <span class='ocrx_word' id='word_1_118' title='bbox 458 1870 487 1892; x_wconf 91' lang='lat' dir='ltr'><strong>c.</strong></span> <span class='ocrx_word' id='word_1_119' title='bbox 511 1860 568 1913; x_wconf 66' lang='grc'><em>27.</em></span> <span class='ocrx_word' id='word_1_120' title='bbox 600 1869 634 1902; x_wconf 92' lang='lat' dir='ltr'><em>p.</em></span> <span class='ocrx_word' id='word_1_121' title='bbox 660 1856 745 1892; x_wconf 87' lang='grc'><strong>114.</strong></span> <span class='ocrx_word' id='word_1_122' title='bbox 780 1852 1003 1911; x_wconf 76' lang='grc' dir='ltr'><em>ωμοιῶσθαι</em></span> 
     </span>
     <span class='ocr_line' id='line_1_26' title="bbox 337 1899 1004 1960; baseline -0.004 -22"><span class='ocrx_word' id='word_1_123' title='bbox 337 1901 408 1960; x_wconf 73' lang='grc' dir='ltr'><em>γὰρ</em></span> <span class='ocrx_word' id='word_1_124' title='bbox 425 1916 516 1944; x_wconf 88' lang='grc' dir='ltr'><em>τους</em></span> <span class='ocrx_word' id='word_1_125' title='bbox 538 1899 711 1948; x_wconf 74' lang='grc' dir='ltr'><em>ἄφρονας</em></span> <span class='ocrx_word' id='word_1_126' title='bbox 733 1904 812 1941; x_wconf 84' lang='grc' dir='ltr'><em>τοῖς</em></span> <span class='ocrx_word' id='word_1_127' title='bbox 833 1899 910 1936; x_wconf 81' lang='grc' dir='ltr'><em>υπὸ</em></span> <span class='ocrx_word' id='word_1_128' title='bbox 933 1902 1004 1959; x_wconf 82' lang='grc' dir='ltr'><em>γῆν</em></span> 
     </span>
     <span class='ocr_line' id='line_1_27' title="bbox 337 1946 1004 2006; baseline -0.006 -21"><span class='ocrx_word' id='word_1_129' title='bbox 337 1948 559 2006; x_wconf 71' lang='grc' dir='ltr'><em>ἀνθρώποις</em></span> <span class='ocrx_word' id='word_1_130' title='bbox 611 1946 899 2003; x_wconf 79' lang='grc' dir='ltr'><em>κατῳκισμένοις</em></span> <span class='ocrx_word' id='word_1_131' title='bbox 940 1946 1004 1981; x_wconf 81' lang='grc' dir='ltr'><em>καὶ</em></span> 
     </span>
     <span class='ocr_line' id='line_1_28' title="bbox 337 1984 1004 2052; baseline -0.005 -22"><span class='ocrx_word' id='word_1_132' title='bbox 337 1997 431 2051; x_wconf 86' lang='grc' dir='ltr'><em>φῶς</em></span> <span class='ocrx_word' id='word_1_133' title='bbox 442 1993 509 2040; x_wconf 79' lang='grc' dir='ltr'><em>μὲν</em></span> <span class='ocrx_word' id='word_1_134' title='bbox 534 1984 720 2052; x_wconf 77' lang='grc' dir='ltr'><em>μηδέποτε</em></span> <span class='ocrx_word' id='word_1_135' title='bbox 743 1992 914 2050; x_wconf 87' lang='grc' dir='ltr'><em>λαμπρὸν</em></span> <span class='ocrx_word' id='word_1_136' title='bbox 938 1991 1004 2027; x_wconf 72' lang='grc' dir='ltr'><em>ἓω-</em></span> 
     </span>
     <span class='ocr_line' id='line_1_29' title="bbox 338 2038 1004 2098; baseline -0.008 -21"><span class='ocrx_word' id='word_1_137' title='bbox 338 2040 515 2086; x_wconf 82' lang='grc' dir='ltr'><em>ρακόσιν,</em></span> <span class='ocrx_word' id='word_1_138' title='bbox 521 2039 712 2098; x_wconf 37' lang='grc' dir='ltr'><em>Μοέμυδρὰς</em></span> <span class='ocrx_word' id='word_1_139' title='bbox 727 2038 769 2075; x_wconf 81' lang='grc' dir='ltr'><em>δέ</em></span> <span class='ocrx_word' id='word_1_140' title='bbox 782 2052 886 2079; x_wconf 88' lang='grc' dir='ltr'><em>τινας</em></span> <span class='ocrx_word' id='word_1_141' title='bbox 900 2038 1004 2079; x_wconf 83' lang='grc' dir='ltr'><em>σκιὰς</em></span> 
     </span>
     <span class='ocr_line' id='line_1_30' title="bbox 340 2083 1003 2147; baseline -0.006 -24"><span class='ocrx_word' id='word_1_142' title='bbox 340 2087 457 2147; x_wconf 81' lang='grc' dir='ltr'><em>ὁρῶσι</em></span> <span class='ocrx_word' id='word_1_143' title='bbox 485 2089 560 2122; x_wconf 91' lang='grc' dir='ltr'><em>τῶν</em></span> <span class='ocrx_word' id='word_1_144' title='bbox 579 2085 666 2131; x_wconf 82' lang='grc' dir='ltr'><em>παρ’</em></span> <span class='ocrx_word' id='word_1_145' title='bbox 689 2084 780 2131; x_wconf 82' lang='grc' dir='ltr'><em>ἡμῖν</em></span> <span class='ocrx_word' id='word_1_146' title='bbox 811 2083 1003 2141; x_wconf 79' lang='grc' dir='ltr'><em>σωμάτων,</em></span> 
     </span>
     <span class='ocr_line' id='line_1_31' title="bbox 339 2129 1006 2189; baseline -0.006 -20"><span class='ocrx_word' id='word_1_147' title='bbox 339 2132 525 2178; x_wconf 79' lang='grc' dir='ltr'><em>οιομένοις</em></span> <span class='ocrx_word' id='word_1_148' title='bbox 552 2133 591 2168; x_wconf 89' lang='grc' dir='ltr'><em>δε</em></span> <span class='ocrx_word' id='word_1_149' title='bbox 603 2134 754 2189; x_wconf 54' lang='grc' dir='ltr'><em>,σαφῶς</em></span> <span class='ocrx_word' id='word_1_150' title='bbox 778 2129 1006 2188; x_wconf 76' lang='grc' dir='ltr'><em>αντιλαμβοὲ-</em></span> 
     </span>
     <span class='ocr_line' id='line_1_32' title="bbox 337 2175 1006 2222; baseline -0.006 -7"><span class='ocrx_word' id='word_1_151' title='bbox 337 2183 473 2216; x_wconf 76' lang='grc' dir='ltr'><em>νεσθαι</em></span> <span class='ocrx_word' id='word_1_152' title='bbox 497 2181 573 2214; x_wconf 88' lang='grc' dir='ltr'><em>τῶν</em></span> <span class='ocrx_word' id='word_1_153' title='bbox 600 2176 731 2214; x_wconf 82' lang='grc' dir='ltr'><em>ὄντων.</em></span> <span class='ocrx_word' id='word_1_154' title='bbox 758 2175 808 2218; x_wconf 73' lang='grc' dir='ltr'><em>ὥς</em></span> <span class='ocrx_word' id='word_1_155' title='bbox 826 2175 895 2222; x_wconf 74' lang='grc' dir='ltr'><em>γάρ</em></span> <span class='ocrx_word' id='word_1_156' title='bbox 919 2175 1006 2212; x_wconf 82' lang='grc' dir='ltr'><em>τού-</em></span> 
     </span>
     <span class='ocr_line' id='line_1_33' title="bbox 339 2222 1005 2281; baseline -0.006 -19"><span class='ocrx_word' id='word_1_157' title='bbox 339 2239 428 2266; x_wconf 84' lang='grc' dir='ltr'><em>τους</em></span> <span class='ocrx_word' id='word_1_158' title='bbox 446 2224 627 2270; x_wconf 83' lang='grc' dir='ltr'><em>τυχόντας</em></span> <span class='ocrx_word' id='word_1_159' title='bbox 644 2227 712 2281; x_wconf 85' lang='grc' dir='ltr'><em>τῆς</em></span> <span class='ocrx_word' id='word_1_160' title='bbox 739 2222 777 2259; x_wconf 79' lang='grc' dir='ltr'><em>ἐκ</em></span> <span class='ocrx_word' id='word_1_161' title='bbox 797 2225 866 2259; x_wconf 81' lang='grc' dir='ltr'><em>τοῦ</em></span> <span class='ocrx_word' id='word_1_162' title='bbox 885 2222 1005 2268; x_wconf 82' lang='grc' dir='ltr'><em>ζόφου</em></span> 
     </span>
     <span class='ocr_line' id='line_1_34' title="bbox 340 2269 1008 2324; baseline -0.007 -16"><span class='ocrx_word' id='word_1_163' title='bbox 340 2271 485 2308; x_wconf 87' lang='grc' dir='ltr'><em>ανόδου</em></span> <span class='ocrx_word' id='word_1_164' title='bbox 513 2271 576 2306; x_wconf 81' lang='grc' dir='ltr'><em>καὶ</em></span> <span class='ocrx_word' id='word_1_165' title='bbox 596 2272 648 2312; x_wconf 83' lang='grc' dir='ltr'><em>εἰς</em></span> <span class='ocrx_word' id='word_1_166' title='bbox 671 2270 714 2306; x_wconf 87' lang='grc' dir='ltr'><em>τὸ</em></span> <span class='ocrx_word' id='word_1_167' title='bbox 732 2269 907 2315; x_wconf 79' lang='grc' dir='ltr'><em>καθαρὸν</em></span> <span class='ocrx_word' id='word_1_168' title='bbox 925 2271 1008 2324; x_wconf 85' lang='grc' dir='ltr'><em>φῶς</em></span> 
     </span>
     <span class='ocr_line' id='line_1_35' title="bbox 339 2314 1008 2374; baseline -0.008 -20"><span class='ocrx_word' id='word_1_169' title='bbox 339 2315 599 2364; x_wconf 76' lang='grc' dir='ltr'><em>προελθόντας</em></span> <span class='ocrx_word' id='word_1_170' title='bbox 624 2315 786 2361; x_wconf 75' lang='grc' dir='ltr'><em>εὐλόγως</em></span> <span class='ocrx_word' id='word_1_171' title='bbox 814 2314 1008 2374; x_wconf 77' lang='grc' dir='ltr'><em>καταγνῶ-</em></span> 
     </span>
     <span class='ocr_line' id='line_1_36' title="bbox 341 2361 1008 2420; baseline -0.007 -19"><span class='ocrx_word' id='word_1_172' title='bbox 341 2367 476 2401; x_wconf 75' lang='grc' dir='ltr'><em>σεσθαι</em></span> <span class='ocrx_word' id='word_1_173' title='bbox 501 2365 578 2399; x_wconf 87' lang='grc' dir='ltr'><em>τῶν</em></span> <span class='ocrx_word' id='word_1_174' title='bbox 612 2362 696 2399; x_wconf 90' lang='grc' dir='ltr'><em>τότε</em></span> <span class='ocrx_word' id='word_1_175' title='bbox 722 2361 918 2420; x_wconf 79' lang='grc' dir='ltr'><em>φανέντων</em></span> <span class='ocrx_word' id='word_1_176' title='bbox 945 2361 1008 2396; x_wconf 85' lang='grc' dir='ltr'><em>καὶ</em></span> 
     </span>
     <span class='ocr_line' id='line_1_37' title="bbox 340 2406 1008 2465; baseline -0.006 -19"><span class='ocrx_word' id='word_1_177' title='bbox 340 2410 437 2446; x_wconf 84' lang='grc' dir='ltr'><em>πολὺ</em></span> <span class='ocrx_word' id='word_1_178' title='bbox 450 2409 618 2465; x_wconf 80' lang='grc' dir='ltr'><em>πρόσθεν</em></span> <span class='ocrx_word' id='word_1_179' title='bbox 638 2408 781 2444; x_wconf 86' lang='grc' dir='ltr'><em>εαυτῶν</em></span> <span class='ocrx_word' id='word_1_180' title='bbox 801 2407 853 2449; x_wconf 79' lang='grc' dir='ltr'><em>ῶς</em></span> <span class='ocrx_word' id='word_1_181' title='bbox 873 2406 1008 2464; x_wconf 84' lang='grc' dir='ltr'><em>εξηπα-</em></span> 
     </span>
     <span class='ocr_line' id='line_1_38' title="bbox 340 2451 1007 2502; baseline -0.006 -10"><span class='ocrx_word' id='word_1_182' title='bbox 340 2456 526 2502; x_wconf 84' lang='grc' dir='ltr'><em>τημένων,</em></span> <span class='ocrx_word' id='word_1_183' title='bbox 553 2452 653 2490; x_wconf 87' lang='grc' dir='ltr'><em>ου’τω</em></span> <span class='ocrx_word' id='word_1_184' title='bbox 678 2454 717 2490; x_wconf 78' lang='grc' dir='ltr'><em>δὲ</em></span> <span class='ocrx_word' id='word_1_185' title='bbox 737 2454 800 2489; x_wconf 83' lang='grc' dir='ltr'><em>καὶ</em></span> <span class='ocrx_word' id='word_1_186' title='bbox 822 2467 911 2495; x_wconf 87' lang='grc' dir='ltr'><em>τους</em></span> <span class='ocrx_word' id='word_1_187' title='bbox 931 2451 1007 2489; x_wconf 81' lang='grc' dir='ltr'><em>οἷπὸ</em></span> 
     </span>
     <span class='ocr_line' id='line_1_39' title="bbox 341 2501 1009 2562; baseline -0.006 -24"><span class='ocrx_word' id='word_1_188' title='bbox 341 2504 519 2562; x_wconf 83' lang='grc' dir='ltr'><em>βιωτικοῦ</em></span> <span class='ocrx_word' id='word_1_189' title='bbox 560 2501 693 2559; x_wconf 83' lang='grc' dir='ltr'><em>ζόφου</em></span> <span class='ocrx_word' id='word_1_190' title='bbox 715 2501 1009 2559; x_wconf 84' lang='grc' dir='ltr'><em>μεταβαίνοντας</em></span> 
     </span>
     <span class='ocr_line' id='line_1_40' title="bbox 343 2546 1009 2604; baseline -0.006 -20"><span class='ocrx_word' id='word_1_191' title='bbox 343 2548 405 2585; x_wconf 76' lang='grc' dir='ltr'><em>ἐπὶ</em></span> <span class='ocrx_word' id='word_1_192' title='bbox 435 2548 482 2583; x_wconf 78' lang='grc' dir='ltr'><em>τὰ</em></span> <span class='ocrx_word' id='word_1_193' title='bbox 513 2546 591 2583; x_wconf 78' lang='grc' dir='ltr'><em>κατ’</em></span> <span class='ocrx_word' id='word_1_194' title='bbox 620 2546 806 2604; x_wconf 64' lang='grc' dir='ltr'><em>ἀληθειαν</em></span> <span class='ocrx_word' id='word_1_195' title='bbox 835 2549 926 2581; x_wconf 77' lang='grc' dir='ltr'><em>θεῖα</em></span> <span class='ocrx_word' id='word_1_196' title='bbox 945 2546 1009 2581; x_wconf 82' lang='grc' dir='ltr'><em>καὶ</em></span> 
     </span>
     <span class='ocr_line' id='line_1_41' title="bbox 342 2591 1009 2638; baseline -0.005 -8"><span class='ocrx_word' id='word_1_197' title='bbox 342 2593 438 2630; x_wconf 79' lang='grc' dir='ltr'><em>καλα</em></span> <span class='ocrx_word' id='word_1_198' title='bbox 456 2596 532 2629; x_wconf 85' lang='grc' dir='ltr'><em>τῶν</em></span> <span class='ocrx_word' id='word_1_199' title='bbox 548 2607 615 2638; x_wconf 86' lang='grc' dir='ltr'><em>μεν</em></span> <span class='ocrx_word' id='word_1_200' title='bbox 633 2597 749 2628; x_wconf 83' lang='grc' dir='ltr'><em>παλαι</em></span> <span class='ocrx_word' id='word_1_201' title='bbox 763 2591 1009 2637; x_wconf 77' lang='grc' dir='ltr'><em>θαυμασθέν-</em></span> 
     </span>
     <span class='ocr_line' id='line_1_42' title="bbox 343 2638 1008 2685; baseline -0.005 -9"><span class='ocrx_word' id='word_1_202' title='bbox 343 2653 418 2677; x_wconf 87' lang='grc' dir='ltr'><em>των</em></span> <span class='ocrx_word' id='word_1_203' title='bbox 442 2638 573 2681; x_wconf 76' lang='grc' dir='ltr'><em>αὐτοῖς</em></span> <span class='ocrx_word' id='word_1_204' title='bbox 594 2638 915 2685; x_wconf 76' lang='grc' dir='ltr'><em>καταφρονήσειν,</em></span> <span class='ocrx_word' id='word_1_205' title='bbox 942 2639 1008 2683; x_wconf 84' lang='grc' dir='ltr'><em>τῆς</em></span> 
     </span>
     <span class='ocr_line' id='line_1_43' title="bbox 343 2683 1010 2731; baseline -0.006 -9"><span class='ocrx_word' id='word_1_206' title='bbox 343 2686 384 2722; x_wconf 86' lang='grc' dir='ltr'><em>δε</em></span> <span class='ocrx_word' id='word_1_207' title='bbox 403 2685 547 2722; x_wconf 82' lang='grc' dir='ltr'><em>τούτων</em></span> <span class='ocrx_word' id='word_1_208' title='bbox 566 2687 731 2731; x_wconf 78' lang='grc' dir='ltr'><em>θεωρίας</em></span> <span class='ocrx_word' id='word_1_209' title='bbox 753 2683 1010 2731; x_wconf 82' lang='grc' dir='ltr'><em>σφοδροτέραν</em></span> 
     </span>
     <span class='ocr_line' id='line_1_44' title="bbox 344 2728 1009 2776; baseline -0.008 -7"><span class='ocrx_word' id='word_1_210' title='bbox 344 2732 438 2776; x_wconf 82' lang='grc' dir='ltr'><em>εξειν</em></span> <span class='ocrx_word' id='word_1_211' title='bbox 461 2728 592 2776; x_wconf 76' lang='grc' dir='ltr'><em>ὄρεξιν.</em></span> <span class='ocrx_word' id='word_1_212' title='bbox 627 2753 673 2759; x_wconf 90' lang='grc'>-</span> <span class='ocrx_word' id='word_1_213' title='bbox 706 2733 744 2767; x_wconf 89' lang='lat' dir='ltr'><em>In</em></span> <span class='ocrx_word' id='word_1_214' title='bbox 777 2732 894 2767; x_wconf 85' lang='lat' dir='ltr'><strong>codice</strong></span> <span class='ocrx_word' id='word_1_215' title='bbox 918 2732 1009 2765; x_wconf 83' lang='lat' dir='ltr'><strong>Iam-</strong></span> 
     </span>
     <span class='ocr_line' id='line_1_45' title="bbox 343 2777 1010 2825; baseline -0.004 -10"><span class='ocrx_word' id='word_1_216' title='bbox 343 2779 447 2816; x_wconf 81' lang='lat' dir='ltr'><strong>blichi</strong></span> <span class='ocrx_word' id='word_1_217' title='bbox 471 2779 626 2822; x_wconf 85' lang='lat' dir='ltr'><strong>cizensi‚</strong></span> <span class='ocrx_word' id='word_1_218' title='bbox 659 2790 759 2825; x_wconf 85' lang='lat' dir='ltr'>quem</span> <span class='ocrx_word' id='word_1_219' title='bbox 782 2777 1010 2823; x_wconf 84' lang='lat' dir='ltr'><strong>Kiesslingius</strong></span> 
     </span>
    </p>
   </div>
   <div class='ocr_carea' id='block_1_10' title="bbox 1055 973 1728 2224">
    <p class='ocr_par' dir='ltr' id='par_1_10' title="bbox 1055 973 1718 1110">
     <span class='ocr_line' id='line_1_46' title="bbox 1057 973 1717 1020; baseline 0.008 -14"><span class='ocrx_word' id='word_1_220' title='bbox 1057 973 1219 1014; x_wconf 75' lang='lat' dir='ltr'><strong>contulit,</strong></span> <span class='ocrx_word' id='word_1_221' title='bbox 1242 973 1337 1008; x_wconf 83' lang='lat' dir='ltr'><strong>initio</strong></span> <span class='ocrx_word' id='word_1_222' title='bbox 1360 975 1548 1020; x_wconf 82' lang='grc' dir='ltr'><em>μεταῦτα,</em></span> <span class='ocrx_word' id='word_1_223' title='bbox 1573 976 1608 1010; x_wconf 76' lang='lat' dir='ltr'><em>in</em></span> <span class='ocrx_word' id='word_1_224' title='bbox 1631 976 1717 1011; x_wconf 91' lang='lat' dir='ltr'><strong>Lob.</strong></span> 
     </span>
     <span class='ocr_line' id='line_1_47' title="bbox 1057 1019 1718 1066; baseline 0.011 -14"><span class='ocrx_word' id='word_1_225' title='bbox 1057 1019 1157 1052; x_wconf 82' lang='lat' dir='ltr'><strong>Vind.</strong></span> <span class='ocrx_word' id='word_1_226' title='bbox 1172 1020 1215 1053; x_wconf 90' lang='grc' dir='ltr'><em>Ε.</em></span> <span class='ocrx_word' id='word_1_227' title='bbox 1239 1020 1333 1054; x_wconf 90' lang='lat' dir='ltr'><strong>Mon.</strong></span> <span class='ocrx_word' id='word_1_228' title='bbox 1344 1021 1385 1054; x_wconf 90' lang='grc' dir='ltr'><em>Β.</em></span> <span class='ocrx_word' id='word_1_229' title='bbox 1410 1022 1485 1056; x_wconf 83' lang='lat' dir='ltr'><strong>Ald.</strong></span> <span class='ocrx_word' id='word_1_230' title='bbox 1508 1034 1602 1066; x_wconf 89' lang='grc' dir='ltr'><em>μετα</em></span> <span class='ocrx_word' id='word_1_231' title='bbox 1624 1023 1718 1058; x_wconf 85' lang='grc' dir='ltr'><em>ταῦ-</em></span> 
     </span>
     <span class='ocr_line' id='line_1_48' title="bbox 1055 1065 1380 1122; baseline 0.006 -24"><span class='ocrx_word' id='word_1_232' title='bbox 1055 1077 1103 1098; x_wconf 88' lang='grc' dir='ltr'><em>τα</em></span> <span class='ocrx_word' id='word_1_233' title='bbox 1122 1065 1292 1122; x_wconf 78' lang='lat' dir='ltr'><strong>scriptum</strong></span> <span class='ocrx_word' id='word_1_234' title='bbox 1317 1072 1380 1101; x_wconf 84' lang='lat' dir='ltr'><strong>est.</strong></span> 
     </span>
    </p>

    <p class='ocr_par' dir='ltr' id='par_1_11' title="bbox 1101 1108 1627 1167">
     <span class='ocr_line' id='line_1_49' title="bbox 1101 1108 1627 1167; baseline 0.01 -23"><span class='ocrx_word' id='word_1_235' title='bbox 1101 1108 1228 1167; x_wconf 81' lang='grc' dir='ltr'><em>εἶπον]</em></span> <span class='ocrx_word' id='word_1_236' title='bbox 1255 1109 1324 1156; x_wconf 81' lang='grc' dir='ltr'><em>ἐγω</em></span> <span class='ocrx_word' id='word_1_237' title='bbox 1349 1113 1444 1147; x_wconf 77' lang='lat' dir='ltr'><strong>addit</strong></span> <span class='ocrx_word' id='word_1_238' title='bbox 1465 1114 1558 1148; x_wconf 86' lang='lat' dir='ltr'><strong>Mon.</strong></span> <span class='ocrx_word' id='word_1_239' title='bbox 1576 1115 1627 1153; x_wconf 86' lang='lat' dir='ltr'><strong>C.</strong></span> 
     </span>
    </p>

    <p class='ocr_par' dir='ltr' id='par_1_12' title="bbox 1055 1154 1726 1617">
     <span class='ocr_line' id='line_1_50' title="bbox 1103 1154 1719 1202; baseline 0.005 -11"><span class='ocrx_word' id='word_1_240' title='bbox 1103 1154 1319 1202; x_wconf 84' lang='grc' dir='ltr'><em>απείκασον]</em></span> <span class='ocrx_word' id='word_1_241' title='bbox 1339 1156 1538 1194; x_wconf 72' lang='grc' dir='ltr'><em>οἷπεικασαι</em></span> <span class='ocrx_word' id='word_1_242' title='bbox 1551 1161 1617 1196; x_wconf 66' lang='grc' dir='ltr'><em>δεῖ</em></span> <span class='ocrx_word' id='word_1_243' title='bbox 1630 1162 1719 1196; x_wconf 87' lang='lat' dir='ltr'><strong>Iam-</strong></span> 
     </span>
     <span class='ocr_line' id='line_1_51' title="bbox 1055 1204 1720 1253; baseline 0.009 -16"><span class='ocrx_word' id='word_1_244' title='bbox 1055 1204 1155 1238; x_wconf 84' lang='lat' dir='ltr'><strong>blich.</strong></span> <span class='ocrx_word' id='word_1_245' title='bbox 1205 1205 1346 1239; x_wconf 85' lang='lat' dir='ltr'><strong>Proclus</strong></span> <span class='ocrx_word' id='word_1_246' title='bbox 1380 1206 1416 1239; x_wconf 87' lang='lat' dir='ltr'><em>in</em></span> <span class='ocrx_word' id='word_1_247' title='bbox 1450 1207 1526 1240; x_wconf 77' lang='lat' dir='ltr'><strong>Civ.</strong></span> <span class='ocrx_word' id='word_1_248' title='bbox 1560 1220 1595 1253; x_wconf 90' lang='lat' dir='ltr'><em>p.</em></span> <span class='ocrx_word' id='word_1_249' title='bbox 1629 1209 1720 1243; x_wconf 77' lang='lat'><strong>432·</strong></span> 
     </span>
     <span class='ocr_line' id='line_1_52' title="bbox 1057 1247 1722 1298; baseline 0.008 -15"><span class='ocrx_word' id='word_1_250' title='bbox 1057 1247 1095 1284; x_wconf 78' lang='grc' dir='ltr'><em>ἐν</em></span> <span class='ocrx_word' id='word_1_251' title='bbox 1123 1250 1335 1294; x_wconf 87' lang='grc' dir='ltr'><em>προοιμίοις</em></span> <span class='ocrx_word' id='word_1_252' title='bbox 1354 1253 1425 1286; x_wconf 77' lang='grc' dir='ltr'><em>τοῦ</em></span> <span class='ocrx_word' id='word_1_253' title='bbox 1446 1250 1609 1298; x_wconf 79' lang='grc' dir='ltr'><em>εβδόμου</em></span> <span class='ocrx_word' id='word_1_254' title='bbox 1637 1251 1722 1288; x_wconf 81' lang='grc' dir='ltr'><em>σκό-</em></span> 
     </span>
     <span class='ocr_line' id='line_1_53' title="bbox 1055 1294 1724 1357; baseline 0.007 -28"><span class='ocrx_word' id='word_1_255' title='bbox 1055 1307 1117 1330; x_wconf 87' lang='grc' dir='ltr'><em>πει</em></span> <span class='ocrx_word' id='word_1_256' title='bbox 1139 1296 1175 1330; x_wconf 88' lang='grc' dir='ltr'><em>τί</em></span> <span class='ocrx_word' id='word_1_257' title='bbox 1203 1307 1315 1353; x_wconf 80' lang='grc' dir='ltr'><em>φησιν</em></span> <span class='ocrx_word' id='word_1_258' title='bbox 1337 1294 1532 1332; x_wconf 80' lang='grc' dir='ltr'><em>απείκασιν</em></span> <span class='ocrx_word' id='word_1_259' title='bbox 1558 1300 1724 1357; x_wconf 82' lang='lat' dir='ltr'><strong>(scripse—</strong></span> 
     </span>
     <span class='ocr_line' id='line_1_54' title="bbox 1056 1340 1724 1401; baseline 0.008 -26"><span class='ocrx_word' id='word_1_260' title='bbox 1056 1346 1112 1376; x_wconf 84' lang='lat' dir='ltr'><em>rat</em></span> <span class='ocrx_word' id='word_1_261' title='bbox 1135 1353 1259 1386; x_wconf 88' lang='grc' dir='ltr'><em>φησιν.</em></span> <span class='ocrx_word' id='word_1_262' title='bbox 1286 1340 1509 1401; x_wconf 79' lang='grc' dir='ltr'><em>α’πείκασον)</em></span> <span class='ocrx_word' id='word_1_263' title='bbox 1535 1345 1606 1400; x_wconf 88' lang='grc' dir='ltr'><em>τὴν</em></span> <span class='ocrx_word' id='word_1_264' title='bbox 1635 1345 1724 1390; x_wconf 77' lang='grc' dir='ltr'><em>ἡμε-</em></span> 
     </span>
     <span class='ocr_line' id='line_1_55' title="bbox 1057 1386 1724 1449; baseline 0.009 -28"><span class='ocrx_word' id='word_1_265' title='bbox 1057 1386 1169 1444; x_wconf 82' lang='grc' dir='ltr'><em>τέραν</em></span> <span class='ocrx_word' id='word_1_266' title='bbox 1197 1387 1332 1433; x_wconf 80' lang='grc' dir='ltr'><em>φύσιν,</em></span> <span class='ocrx_word' id='word_1_267' title='bbox 1359 1388 1482 1447; x_wconf 84' lang='grc' dir='ltr'><em>αυτὴν</em></span> <span class='ocrx_word' id='word_1_268' title='bbox 1495 1390 1631 1449; x_wconf 81' lang='grc' dir='ltr'><em>δήπου</em></span> <span class='ocrx_word' id='word_1_269' title='bbox 1638 1391 1724 1447; x_wconf 85' lang='grc' dir='ltr'><em>τὴν</em></span> 
     </span>
     <span class='ocr_line' id='line_1_56' title="bbox 1058 1431 1726 1491; baseline 0.007 -23"><span class='ocrx_word' id='word_1_270' title='bbox 1058 1431 1303 1491; x_wconf 79' lang='grc' dir='ltr'><em>ανθρωπίνην</em></span> <span class='ocrx_word' id='word_1_271' title='bbox 1321 1436 1431 1481; x_wconf 78' lang='grc' dir='ltr'><em>ζωὴν,</em></span> <span class='ocrx_word' id='word_1_272' title='bbox 1459 1450 1503 1472; x_wconf 93' lang='grc' dir='ltr'><em>ου</em></span> <span class='ocrx_word' id='word_1_273' title='bbox 1525 1435 1614 1473; x_wconf 74' lang='grc' dir='ltr'><em>καθ’</em></span> <span class='ocrx_word' id='word_1_274' title='bbox 1633 1434 1726 1473; x_wconf 74' lang='grc' dir='ltr'><em>ὅσον</em></span> 
     </span>
     <span class='ocr_line' id='line_1_57' title="bbox 1059 1479 1725 1529; baseline 0.008 -15"><span class='ocrx_word' id='word_1_275' title='bbox 1059 1479 1157 1515; x_wconf 81' lang='grc' dir='ltr'><em>ε’στὶν</em></span> <span class='ocrx_word' id='word_1_276' title='bbox 1190 1479 1301 1515; x_wconf 79' lang='grc' dir='ltr'><em>ου’σία</em></span> <span class='ocrx_word' id='word_1_277' title='bbox 1333 1483 1397 1517; x_wconf 80' lang='grc' dir='ltr'><em>καὶ</em></span> <span class='ocrx_word' id='word_1_278' title='bbox 1423 1482 1586 1527; x_wconf 81' lang='grc' dir='ltr'><em>δύναμιν</em></span> <span class='ocrx_word' id='word_1_279' title='bbox 1620 1483 1725 1529; x_wconf 84' lang='grc' dir='ltr'><em>ε’λαχε</em></span> 
     </span>
     <span class='ocr_line' id='line_1_58' title="bbox 1058 1524 1724 1586; baseline 0.009 -26"><span class='ocrx_word' id='word_1_280' title='bbox 1058 1524 1244 1561; x_wconf 84' lang='grc' dir='ltr'><em>τοιανδε</em></span> <span class='ocrx_word' id='word_1_281' title='bbox 1229 1541 1252 1572; x_wconf 85' lang='grc' dir='ltr'><em>η</em></span> <span class='ocrx_word' id='word_1_282' title='bbox 1274 1540 1403 1586; x_wconf 85' lang='grc' dir='ltr'><em>τοιαν,</em></span> <span class='ocrx_word' id='word_1_283' title='bbox 1439 1528 1530 1564; x_wconf 84' lang='grc' dir='ltr'><em>αλλα</em></span> <span class='ocrx_word' id='word_1_284' title='bbox 1551 1532 1724 1572; x_wconf 86' lang='grc' dir='ltr'><em>παιδείας</em></span> 
     </span>
     <span class='ocr_line' id='line_1_59' title="bbox 1058 1556 1577 1628; baseline 0.01 -22"><span class='ocrx_word' id='word_1_285' title='bbox 1058 1585 1097 1607; x_wconf 89' lang='grc' dir='ltr'><em>τε</em></span> <span class='ocrx_word' id='word_1_286' title='bbox 1128 1572 1213 1628; x_wconf 81' lang='grc' dir='ltr'><em>πέρι</em></span> <span class='ocrx_word' id='word_1_287' title='bbox 1231 1587 1294 1608; x_wconf 81' lang='grc' dir='ltr'><em>και</em></span> <span class='ocrx_word' id='word_1_288' title='bbox 1318 1556 1577 1617; x_wconf 55' lang='grc' dir='ltr'><em>απιῖιδευσίας.</em></span> 
     </span>
    </p>

    <p class='ocr_par' dir='ltr' id='par_1_13' title="bbox 1103 1617 1722 1667">
     <span class='ocr_line' id='line_1_60' title="bbox 1103 1617 1722 1667; baseline 0.008 -14"><span class='ocrx_word' id='word_1_289' title='bbox 1103 1617 1277 1667; x_wconf 82' lang='grc' dir='ltr'><em>τοιουτῳ]</em></span> <span class='ocrx_word' id='word_1_290' title='bbox 1302 1622 1437 1657; x_wconf 88' lang='grc' dir='ltr'><em>τοιῶδε</em></span> <span class='ocrx_word' id='word_1_291' title='bbox 1453 1623 1547 1659; x_wconf 89' lang='lat' dir='ltr'><strong>Mon.</strong></span> <span class='ocrx_word' id='word_1_292' title='bbox 1567 1625 1607 1658; x_wconf 93' lang='lat' dir='ltr'><strong>B.</strong></span> <span class='ocrx_word' id='word_1_293' title='bbox 1628 1624 1722 1658; x_wconf 87' lang='lat' dir='ltr'><strong>Flor.</strong></span> 
     </span>
    </p>

    <p class='ocr_par' dir='ltr' id='par_1_14' title="bbox 1058 1709 1725 1800">
     <span class='ocr_line' id='line_1_61' title="bbox 1103 1709 1725 1761; baseline 0.01 -16"><span class='ocrx_word' id='word_1_294' title='bbox 1103 1709 1190 1755; x_wconf 86' lang='grc' dir='ltr'><em>πέρι</em></span> <span class='ocrx_word' id='word_1_295' title='bbox 1232 1711 1295 1747; x_wconf 80' lang='grc' dir='ltr'><em>καὶ</em></span> <span class='ocrx_word' id='word_1_296' title='bbox 1331 1710 1599 1761; x_wconf 70' lang='grc' dir='ltr'><em>ἀπαιδευσίας]</em></span> <span class='ocrx_word' id='word_1_297' title='bbox 1638 1715 1725 1761; x_wconf 81' lang='grc' dir='ltr'><em>περὶ</em></span> 
     </span>
     <span class='ocr_line' id='line_1_62' title="bbox 1058 1756 1566 1800; baseline 0.008 -8"><span class='ocrx_word' id='word_1_298' title='bbox 1058 1756 1121 1792; x_wconf 78' lang='grc' dir='ltr'><em>καὶ</em></span> <span class='ocrx_word' id='word_1_299' title='bbox 1146 1756 1370 1800; x_wconf 73' lang='grc' dir='ltr'><em>οἷπεδευσίας</em></span> <span class='ocrx_word' id='word_1_300' title='bbox 1396 1762 1498 1797; x_wconf 87' lang='lat' dir='ltr'><strong>Vind.</strong></span> <span class='ocrx_word' id='word_1_301' title='bbox 1522 1763 1566 1796; x_wconf 89' lang='grc' dir='ltr'><strong>Ε.</strong></span> 
     </span>
    </p>

    <p class='ocr_par' dir='ltr' id='par_1_15' title="bbox 1060 1803 1728 2224">
     <span class='ocr_line' id='line_1_63' title="bbox 1107 1803 1724 1848; baseline 0.008 -10"><span class='ocrx_word' id='word_1_302' title='bbox 1107 1803 1184 1848; x_wconf 83' lang='grc' dir='ltr'><em>ἰδε]</em></span> <span class='ocrx_word' id='word_1_303' title='bbox 1211 1805 1266 1838; x_wconf 84' lang='lat' dir='ltr'><em>Ita</em></span> <span class='ocrx_word' id='word_1_304' title='bbox 1290 1806 1369 1840; x_wconf 87' lang='lat' dir='ltr'><strong>Par.</strong></span> <span class='ocrx_word' id='word_1_305' title='bbox 1394 1808 1433 1841; x_wconf 92' lang='lat' dir='ltr'><em>A.</em></span> <span class='ocrx_word' id='word_1_306' title='bbox 1460 1808 1660 1843; x_wconf 79' lang='lat' dir='ltr'><strong>scholiastes</strong></span> <span class='ocrx_word' id='word_1_307' title='bbox 1679 1808 1724 1843; x_wconf 84' lang='lat' dir='ltr'><em>ad</em></span> 
     </span>
     <span class='ocr_line' id='line_1_64' title="bbox 1060 1851 1724 1899; baseline 0.008 -15"><span class='ocrx_word' id='word_1_308' title='bbox 1060 1851 1093 1885; x_wconf 93' lang='lat' dir='ltr'><strong>h.</strong></span> <span class='ocrx_word' id='word_1_309' title='bbox 1110 1851 1131 1884; x_wconf 91' lang='lat' dir='ltr'><strong>l.</strong></span> <span class='ocrx_word' id='word_1_310' title='bbox 1152 1854 1188 1885; x_wconf 81' lang='lat' dir='ltr'><em>et</em></span> <span class='ocrx_word' id='word_1_311' title='bbox 1202 1851 1412 1897; x_wconf 84' lang='lat' dir='ltr'><strong>Porphyrius</strong></span> <span class='ocrx_word' id='word_1_312' title='bbox 1432 1855 1475 1888; x_wconf 81' lang='lat' dir='ltr'><em>de</em></span> <span class='ocrx_word' id='word_1_313' title='bbox 1497 1858 1596 1888; x_wconf 84' lang='lat' dir='ltr'><strong>antro</strong></span> <span class='ocrx_word' id='word_1_314' title='bbox 1609 1855 1724 1899; x_wconf 88' lang='lat' dir='ltr'><strong>Nym-</strong></span> 
     </span>
     <span class='ocr_line' id='line_1_65' title="bbox 1060 1898 1722 1957; baseline 0.009 -28"><span class='ocrx_word' id='word_1_315' title='bbox 1060 1898 1203 1942; x_wconf 86' lang='lat' dir='ltr'><strong>pharum</strong></span> <span class='ocrx_word' id='word_1_316' title='bbox 1225 1909 1303 1943; x_wconf 83' lang='lat' dir='ltr'><strong>pag.</strong></span> <span class='ocrx_word' id='word_1_317' title='bbox 1328 1900 1410 1934; x_wconf 74' lang='lat'><strong>255.</strong></span> <span class='ocrx_word' id='word_1_318' title='bbox 1442 1901 1496 1935; x_wconf 84' lang='lat' dir='ltr'><strong>ed.</strong></span> <span class='ocrx_word' id='word_1_319' title='bbox 1520 1901 1722 1957; x_wconf 73' lang='lat' dir='ltr'><strong>cantabrig.</strong></span> 
     </span>
     <span class='ocr_line' id='line_1_66' title="bbox 1061 1944 1724 1992; baseline 0.008 -15"><span class='ocrx_word' id='word_1_320' title='bbox 1061 1955 1092 1977; x_wconf 87' lang='lat' dir='ltr'><strong>a.</strong></span> <span class='ocrx_word' id='word_1_321' title='bbox 1121 1944 1219 1977; x_wconf 84' lang='lat'><strong>1655.</strong></span> <span class='ocrx_word' id='word_1_322' title='bbox 1254 1945 1339 1978; x_wconf 84' lang='lat' dir='ltr'><strong>haec</strong></span> <span class='ocrx_word' id='word_1_323' title='bbox 1362 1958 1472 1991; x_wconf 82' lang='lat' dir='ltr'>usque</span> <span class='ocrx_word' id='word_1_324' title='bbox 1497 1947 1540 1981; x_wconf 81' lang='lat' dir='ltr'><em>ad</em></span> <span class='ocrx_word' id='word_1_325' title='bbox 1563 1959 1605 1981; x_wconf 92' lang='grc' dir='ltr'><em>το</em></span> <span class='ocrx_word' id='word_1_326' title='bbox 1634 1958 1724 1992; x_wconf 89' lang='grc' dir='ltr'><em>σπη-</em></span> 
     </span>
     <span class='ocr_line' id='line_1_67' title="bbox 1061 1990 1723 2028; baseline 0.009 -6"><span class='ocrx_word' id='word_1_327' title='bbox 1061 1991 1168 2023; x_wconf 86' lang='grc' dir='ltr'><em>λαιον</em></span> <span class='ocrx_word' id='word_1_328' title='bbox 1199 1990 1354 2026; x_wconf 85' lang='lat' dir='ltr'><strong>laudans.</strong></span> <span class='ocrx_word' id='word_1_329' title='bbox 1402 1993 1478 2027; x_wconf 89' lang='lat' dir='ltr'><em>Nec</em></span> <span class='ocrx_word' id='word_1_330' title='bbox 1508 1994 1608 2028; x_wconf 86' lang='lat' dir='ltr'><strong>aliter</strong></span> <span class='ocrx_word' id='word_1_331' title='bbox 1638 1994 1723 2028; x_wconf 87' lang='lat' dir='ltr'><strong>Pro-</strong></span> 
     </span>
     <span class='ocr_line' id='line_1_68' title="bbox 1062 2035 1723 2096; baseline 0.009 -28"><span class='ocrx_word' id='word_1_332' title='bbox 1062 2035 1177 2069; x_wconf 84' lang='lat' dir='ltr'><strong>clusl.</strong></span> <span class='ocrx_word' id='word_1_333' title='bbox 1205 2047 1234 2069; x_wconf 89' lang='lat' dir='ltr'><strong>c.</strong></span> <span class='ocrx_word' id='word_1_334' title='bbox 1264 2037 1324 2070; x_wconf 87' lang='lat' dir='ltr'><em>ubi</em></span> <span class='ocrx_word' id='word_1_335' title='bbox 1355 2038 1439 2071; x_wconf 87' lang='lat' dir='ltr'><strong>haec</strong></span> <span class='ocrx_word' id='word_1_336' title='bbox 1470 2040 1519 2073; x_wconf 83' lang='lat' dir='ltr'><em>ita</em></span> <span class='ocrx_word' id='word_1_337' title='bbox 1542 2040 1723 2096; x_wconf 83' lang='lat' dir='ltr'><strong>leguntur:</strong></span> 
     </span>
     <span class='ocr_line' id='line_1_69' title="bbox 1063 2079 1726 2127; baseline 0.009 -13"><span class='ocrx_word' id='word_1_338' title='bbox 1063 2081 1098 2115; x_wconf 82' lang='grc' dir='ltr'><em>εἰ</em></span> <span class='ocrx_word' id='word_1_339' title='bbox 1123 2079 1163 2114; x_wconf 79' lang='grc' dir='ltr'><em>δὲ</em></span> <span class='ocrx_word' id='word_1_340' title='bbox 1188 2080 1259 2126; x_wconf 82' lang='grc' dir='ltr'><em>γὰρ</em></span> <span class='ocrx_word' id='word_1_341' title='bbox 1288 2079 1520 2127; x_wconf 68' lang='grc' dir='ltr'><em>ἀνθρώπους</em></span> <span class='ocrx_word' id='word_1_342' title='bbox 1549 2083 1588 2120; x_wconf 77' lang='grc' dir='ltr'><em>ἐν</em></span> <span class='ocrx_word' id='word_1_343' title='bbox 1613 2098 1726 2120; x_wconf 75' lang='grc' dir='ltr'><em>κατα·</em></span> 
     </span>
     <span class='ocr_line' id='line_1_70' title="bbox 1061 2127 1728 2179; baseline 0.01 -19"><span class='ocrx_word' id='word_1_344' title='bbox 1061 2127 1146 2173; x_wconf 83' lang='grc' dir='ltr'><em>γείῳ</em></span> <span class='ocrx_word' id='word_1_345' title='bbox 1166 2129 1331 2175; x_wconf 85' lang='grc' dir='ltr'><em>σπηλαίῳ</em></span> <span class='ocrx_word' id='word_1_346' title='bbox 1352 2129 1543 2175; x_wconf 70' lang='grc' dir='ltr'><em>διοικήσει.</em></span> <span class='ocrx_word' id='word_1_347' title='bbox 1589 2132 1728 2179; x_wconf 73' lang='lat' dir='ltr'>Reliqui</span> 
     </span>
     <span class='ocr_line' id='line_1_71' title="bbox 1063 2174 1728 2224; baseline 0.011 -18"><span class='ocrx_word' id='word_1_348' title='bbox 1063 2174 1197 2208; x_wconf 79' lang='lat' dir='ltr'><strong>codices</strong></span> <span class='ocrx_word' id='word_1_349' title='bbox 1232 2187 1308 2209; x_wconf 87' lang='lat' dir='ltr'><em>cum</em></span> <span class='ocrx_word' id='word_1_350' title='bbox 1339 2176 1525 2212; x_wconf 82' lang='lat' dir='ltr'><strong>Iamblicho</strong></span> <span class='ocrx_word' id='word_1_351' title='bbox 1560 2179 1728 2224; x_wconf 85' lang='lat' dir='ltr'>editisque</span> 
     </span>
    </p>
   </div>
   <div class='ocr_carea' id='block_1_11' title="bbox 1065 2221 1785 2260">
    <p class='ocr_par' dir='ltr' id='par_1_16' title="bbox 1065 2221 1785 2260">
     <span class='ocr_line' id='line_1_72' title="bbox 1065 2221 1785 2260; baseline 0.01 -7"><span class='ocrx_word' id='word_1_352' title='bbox 1065 2224 1144 2253; x_wconf 85' lang='lat' dir='ltr'><strong>ante</strong></span> <span class='ocrx_word' id='word_1_353' title='bbox 1167 2221 1257 2254; x_wconf 82' lang='lat' dir='ltr'><strong>Astii</strong></span> <span class='ocrx_word' id='word_1_354' title='bbox 1280 2234 1348 2256; x_wconf 86' lang='lat' dir='ltr'><strong>sec.</strong></span> <span class='ocrx_word' id='word_1_355' title='bbox 1376 2222 1443 2258; x_wconf 73' lang='grc' dir='ltr'><em>ἴδε.</em></span> <span class='ocrx_word' id='word_1_356' title='bbox 1494 2225 1550 2260; x_wconf 90' lang='lat' dir='ltr'><strong>Cs.</strong></span> <span class='ocrx_word' id='word_1_357' title='bbox 1576 2226 1728 2259; x_wconf 85' lang='lat' dir='ltr'><strong>Thomas</strong></span> <span class='ocrx_word' id='word_1_358' title='bbox 1778 2248 1785 2255; x_wconf 65' lang='grc' dir='ltr'><em>ι</em></span> 
     </span>
    </p>
   </div>
   <div class='ocr_carea' id='block_1_12' title="bbox 1064 2266 1733 2824">
    <p class='ocr_par' dir='ltr' id='par_1_17' title="bbox 1064 2266 1729 2358">
     <span class='ocr_line' id='line_1_73' title="bbox 1064 2266 1729 2315; baseline 0.008 -15"><span class='ocrx_word' id='word_1_359' title='bbox 1064 2266 1158 2310; x_wconf 84' lang='lat' dir='ltr'><strong>Mag.</strong></span> <span class='ocrx_word' id='word_1_360' title='bbox 1191 2279 1270 2311; x_wconf 86' lang='lat' dir='ltr'><strong>pag.</strong></span> <span class='ocrx_word' id='word_1_361' title='bbox 1295 2268 1376 2303; x_wconf 80' lang='lat'><strong>468.</strong></span> <span class='ocrx_word' id='word_1_362' title='bbox 1410 2275 1445 2302; x_wconf 84' lang='lat' dir='ltr'><em>et</em></span> <span class='ocrx_word' id='word_1_363' title='bbox 1476 2282 1564 2315; x_wconf 86' lang='lat' dir='ltr'><em>quae</em></span> <span class='ocrx_word' id='word_1_364' title='bbox 1600 2271 1674 2306; x_wconf 85' lang='lat' dir='ltr'><strong>Vol.</strong></span> <span class='ocrx_word' id='word_1_365' title='bbox 1699 2271 1729 2305; x_wconf 91' lang='lat' dir='ltr'><strong>I.</strong></span> 
     </span>
     <span class='ocr_line' id='line_1_74' title="bbox 1065 2314 1508 2358; baseline 0.007 -12"><span class='ocrx_word' id='word_1_366' title='bbox 1065 2324 1099 2358; x_wconf 92' lang='lat' dir='ltr'><strong>p.</strong></span> <span class='ocrx_word' id='word_1_367' title='bbox 1125 2314 1216 2354; x_wconf 87' lang='lat'>389,</span> <span class='ocrx_word' id='word_1_368' title='bbox 1241 2315 1274 2347; x_wconf 93' lang='lat' dir='ltr'><strong>b.</strong></span> <span class='ocrx_word' id='word_1_369' title='bbox 1301 2314 1394 2348; x_wconf 79' lang='lat' dir='ltr'><strong>dicta</strong></span> <span class='ocrx_word' id='word_1_370' title='bbox 1417 2320 1508 2350; x_wconf 81' lang='lat' dir='ltr'><strong>sunt.</strong></span> 
     </span>
    </p>

    <p class='ocr_par' dir='ltr' id='par_1_18' title="bbox 1065 2359 1733 2728">
     <span class='ocr_line' id='line_1_75' title="bbox 1111 2359 1732 2405; baseline 0.01 -13"><span class='ocrx_word' id='word_1_371' title='bbox 1111 2359 1317 2405; x_wconf 81' lang='grc' dir='ltr'><em>καταγείῳ]</em></span> <span class='ocrx_word' id='word_1_372' title='bbox 1353 2361 1538 2405; x_wconf 78' lang='grc' dir='ltr'><em>κατωγείω</em></span> <span class='ocrx_word' id='word_1_373' title='bbox 1570 2362 1663 2397; x_wconf 88' lang='lat' dir='ltr'><strong>Mon.</strong></span> <span class='ocrx_word' id='word_1_374' title='bbox 1689 2364 1732 2398; x_wconf 84' lang='lat' dir='ltr'><strong>C.</strong></span> 
     </span>
     <span class='ocr_line' id='line_1_76' title="bbox 1066 2407 1731 2449; baseline 0.008 -11"><span class='ocrx_word' id='word_1_375' title='bbox 1066 2407 1300 2449; x_wconf 84' lang='grc' dir='ltr'><em>καταγωγείω</em></span> <span class='ocrx_word' id='word_1_376' title='bbox 1335 2407 1510 2441; x_wconf 80' lang='lat' dir='ltr'><strong>Iamblichi</strong></span> <span class='ocrx_word' id='word_1_377' title='bbox 1543 2409 1615 2442; x_wconf 92' lang='lat' dir='ltr'><strong>cod.</strong></span> <span class='ocrx_word' id='word_1_378' title='bbox 1655 2410 1731 2444; x_wconf 90' lang='lat' dir='ltr'><strong>Ciz.</strong></span> 
     </span>
     <span class='ocr_line' id='line_1_77' title="bbox 1065 2453 1733 2499; baseline 0.007 -15"><span class='ocrx_word' id='word_1_379' title='bbox 1065 2453 1254 2498; x_wconf 78' lang='grc' dir='ltr'><em>καταγαίῳ</em></span> <span class='ocrx_word' id='word_1_380' title='bbox 1280 2453 1371 2487; x_wconf 87' lang='lat' dir='ltr'><strong>Flor.</strong></span> <span class='ocrx_word' id='word_1_381' title='bbox 1385 2454 1428 2487; x_wconf 93' lang='lat' dir='ltr'><strong>T.</strong></span> <span class='ocrx_word' id='word_1_382' title='bbox 1455 2465 1476 2488; x_wconf 90' lang='lat' dir='ltr'><strong>a</strong></span> <span class='ocrx_word' id='word_1_383' title='bbox 1502 2466 1545 2488; x_wconf 89' lang='lat' dir='ltr'><strong>m.</strong></span> <span class='ocrx_word' id='word_1_384' title='bbox 1570 2466 1597 2488; x_wconf 88' lang='lat' dir='ltr'><strong>s.</strong></span> <span class='ocrx_word' id='word_1_385' title='bbox 1622 2455 1733 2499; x_wconf 81' lang='lat' dir='ltr'><strong>Phry-</strong></span> 
     </span>
     <span class='ocr_line' id='line_1_78' title="bbox 1066 2498 1732 2556; baseline 0.006 -24"><span class='ocrx_word' id='word_1_386' title='bbox 1066 2498 1184 2532; x_wconf 85' lang='lat' dir='ltr'><strong>nichus</strong></span> <span class='ocrx_word' id='word_1_387' title='bbox 1209 2499 1362 2556; x_wconf 68' lang='lat' dir='ltr'><em>Bekkeri²</em></span> <span class='ocrx_word' id='word_1_388' title='bbox 1382 2501 1500 2536; x_wconf 84' lang='lat' dir='ltr'><strong>anecd.</strong></span> <span class='ocrx_word' id='word_1_389' title='bbox 1518 2513 1559 2556; x_wconf 60' lang='lat' dir='ltr'><strong>p.</strong></span> <span class='ocrx_word' id='word_1_390' title='bbox 1584 2501 1641 2542; x_wconf 83' lang='lat'><em>47,</em></span> <span class='ocrx_word' id='word_1_391' title='bbox 1668 2501 1732 2536; x_wconf 81' lang='lat'><em>14:</em></span> 
     </span>
     <span class='ocr_line' id='line_1_79' title="bbox 1066 2543 1733 2590; baseline 0.003 -11"><span class='ocrx_word' id='word_1_392' title='bbox 1066 2555 1282 2587; x_wconf 76' lang='grc' dir='ltr'><em>καταγειον·</em></span> <span class='ocrx_word' id='word_1_393' title='bbox 1316 2543 1398 2589; x_wconf 79' lang='grc' dir='ltr'><em>οὐχι</em></span> <span class='ocrx_word' id='word_1_394' title='bbox 1431 2558 1635 2590; x_wconf 83' lang='grc' dir='ltr'><em>καταγαιον</em></span> <span class='ocrx_word' id='word_1_395' title='bbox 1668 2544 1733 2581; x_wconf 82' lang='grc' dir='ltr'><em>δια</em></span> 
     </span>
     <span class='ocr_line' id='line_1_80' title="bbox 1065 2590 1731 2639; baseline 0.005 -14"><span class='ocrx_word' id='word_1_396' title='bbox 1065 2591 1131 2635; x_wconf 85' lang='grc' dir='ltr'><em>τῆς</em></span> <span class='ocrx_word' id='word_1_397' title='bbox 1153 2593 1193 2624; x_wconf 66' lang='lat' dir='ltr'><em>on</em></span> <span class='ocrx_word' id='word_1_398' title='bbox 1217 2590 1442 2636; x_wconf 80' lang='grc' dir='ltr'><em>διφθόγγου.</em></span> <span class='ocrx_word' id='word_1_399' title='bbox 1474 2593 1568 2627; x_wconf 69' lang='lat' dir='ltr'><strong>Infla</strong></span> <span class='ocrx_word' id='word_1_400' title='bbox 1591 2605 1624 2639; x_wconf 89' lang='lat' dir='ltr'><em>p.</em></span> <span class='ocrx_word' id='word_1_401' title='bbox 1650 2594 1731 2628; x_wconf 76' lang='lat'><strong>532.</strong></span> 
     </span>
     <span class='ocr_line' id='line_1_81' title="bbox 1065 2638 1732 2685; baseline 0.007 -16"><span class='ocrx_word' id='word_1_402' title='bbox 1065 2638 1106 2670; x_wconf 90' lang='grc' dir='ltr'><em>Β.</em></span> <span class='ocrx_word' id='word_1_403' title='bbox 1149 2639 1349 2682; x_wconf 80' lang='grc' dir='ltr'><em>καταγείου</em></span> <span class='ocrx_word' id='word_1_404' title='bbox 1388 2639 1463 2674; x_wconf 83' lang='lat' dir='ltr'>sine</span> <span class='ocrx_word' id='word_1_405' title='bbox 1504 2639 1732 2685; x_wconf 82' lang='lat' dir='ltr'><strong>discrepantia</strong></span> 
     </span>
     <span class='ocr_line' id='line_1_82' title="bbox 1066 2682 1204 2738; baseline -0.016 -20"><span class='ocrx_word' id='word_1_406' title='bbox 1066 2682 1204 2738; x_wconf 76' lang='lat' dir='ltr'><strong>legitur.</strong></span> 
     </span>
    </p>

    <p class='ocr_par' dir='ltr' id='par_1_19' title="bbox 1070 2727 1729 2824">
     <span class='ocr_line' id='line_1_83' title="bbox 1115 2727 1729 2774; baseline 0.008 -12"><span class='ocrx_word' id='word_1_407' title='bbox 1115 2727 1282 2774; x_wconf 80' lang='grc' dir='ltr'><em>οἰκήσει]</em></span> <span class='ocrx_word' id='word_1_408' title='bbox 1316 2730 1463 2765; x_wconf 81' lang='grc' dir='ltr'><em>οἱκείσει</em></span> <span class='ocrx_word' id='word_1_409' title='bbox 1486 2731 1562 2765; x_wconf 84' lang='lat' dir='ltr'><strong>AJd.</strong></span> <span class='ocrx_word' id='word_1_410' title='bbox 1593 2732 1673 2768; x_wconf 89' lang='lat' dir='ltr'><strong>Bas.</strong></span> <span class='ocrx_word' id='word_1_411' title='bbox 1698 2743 1729 2767; x_wconf 77' lang='lat' dir='ltr'><strong>a.</strong></span> 
     </span>
     <span class='ocr_line' id='line_1_84' title="bbox 1070 2771 1589 2824; baseline 0.004 -14"><span class='ocrx_word' id='word_1_412' title='bbox 1070 2771 1193 2821; x_wconf 73' lang='grc' dir='ltr'><em>ἄντρῳ</em></span> <span class='ocrx_word' id='word_1_413' title='bbox 1216 2776 1280 2812; x_wconf 82' lang='grc' dir='ltr'><em>καὶ</em></span> <span class='ocrx_word' id='word_1_414' title='bbox 1301 2775 1441 2821; x_wconf 81' lang='grc' dir='ltr'><em>οἰκήσει</em></span> <span class='ocrx_word' id='word_1_415' title='bbox 1464 2778 1589 2824; x_wconf 85' lang='lat' dir='ltr'><strong>Porph.</strong></span> 
     </span>
    </p>
   </div>
  </div>
 </body>
</html>
