<?xml version="1.0" encoding="UTF-8"?>
<!DOCTYPE html PUBLIC "-//W3C//DTD XHTML 1.0 Transitional//EN"
    "http://www.w3.org/TR/xhtml1/DTD/xhtml1-transitional.dtd">
<html xmlns="http://www.w3.org/1999/xhtml" xml:lang="en" lang="en">
 <head>
  <title>
</title>
<meta http-equiv="Content-Type" content="text/html;charset=utf-8" />
  <meta name='ocr-system' content='tesseract 3.04.00' />
  <meta name='ocr-capabilities' content='ocr_page ocr_carea ocr_par ocr_line ocrx_word'/>
</head>
<body>
  <div class='ocr_page' id='page_1' title='image "./operagraecerecen02platuoft_0245.png"; bbox 0 0 1807 3219; ppageno 0'>
   <div class='ocr_carea' id='block_1_1' title="bbox 470 60 1180 109">
    <p class='ocr_par' dir='ltr' id='par_1_1' title="bbox 470 60 1180 109">
     <span class='ocr_line' id='line_1_1' title="bbox 470 60 1180 109; baseline 0.004 -7"><span class='ocrx_word' id='word_1_1' title='bbox 470 60 806 106; x_wconf 86' lang='lat' dir='ltr'><strong>CIVITAS</strong></span> <span class='ocrx_word' id='word_1_2' title='bbox 854 65 977 108; x_wconf 91' lang='lat' dir='ltr'>LIB.</span> <span class='ocrx_word' id='word_1_3' title='bbox 1007 67 1081 109; x_wconf 92' lang='lat' dir='ltr'>VI.</span> <span class='ocrx_word' id='word_1_4' title='bbox 1111 68 1180 106; x_wconf 73' lang='lat'>495</span> 
     </span>
    </p>
   </div>
   <div class='ocr_carea' id='block_1_2' title="bbox 1429 68 1513 110">
    <p class='ocr_par' dir='ltr' id='par_1_2' title="bbox 1429 68 1513 110">
     <span class='ocr_line' id='line_1_2' title="bbox 1429 68 1513 110; baseline 0.012 -1"><span class='ocrx_word' id='word_1_5' title='bbox 1429 68 1513 110; x_wconf 77' lang='lat'>183</span> 
     </span>
    </p>
   </div>
   <div class='ocr_carea' id='block_1_3' title="bbox 123 173 1574 371">
    <p class='ocr_par' dir='ltr' id='par_1_3' title="bbox 123 173 1574 371">
     <span class='ocr_line' id='line_1_3' title="bbox 124 173 1511 234; baseline 0.003 -17"><span class='ocrx_word' id='word_1_6' title='bbox 124 176 243 232; x_wconf 76' lang='grc' dir='ltr'><em>χντὸν</em></span> <span class='ocrx_word' id='word_1_7' title='bbox 271 189 317 218; x_wconf 82' lang='grc' dir='ltr'>τε</span> <span class='ocrx_word' id='word_1_8' title='bbox 344 173 419 218; x_wconf 84' lang='grc' dir='ltr'><em>καὶ</em></span> <span class='ocrx_word' id='word_1_9' title='bbox 448 175 750 231; x_wconf 75' lang='grc' dir='ltr'><em>δημιουργιῶν</em></span> <span class='ocrx_word' id='word_1_10' title='bbox 780 175 923 231; x_wconf 81' lang='grc' dir='ltr'><em>ὥσπερ</em></span> <span class='ocrx_word' id='word_1_11' title='bbox 949 176 1004 220; x_wconf 82' lang='grc' dir='ltr'>τὰ</span> <span class='ocrx_word' id='word_1_12' title='bbox 1027 177 1207 234; x_wconf 77' lang='grc' dir='ltr'><em>σώματα</em></span> <span class='ocrx_word' id='word_1_13' title='bbox 1228 174 1511 234; x_wconf 77' lang='grc' dir='ltr'><strong><em>λελώβηνται,</em></strong></span> 
     </span>
     <span class='ocr_line' id='line_1_4' title="bbox 125 241 1574 301; baseline 0.003 -13"><span class='ocrx_word' id='word_1_14' title='bbox 125 243 242 288; x_wconf 80' lang='grc' dir='ltr'><em>οὕτω</em></span> <span class='ocrx_word' id='word_1_15' title='bbox 265 242 340 286; x_wconf 85' lang='grc' dir='ltr'><em>καὶ</em></span> <span class='ocrx_word' id='word_1_16' title='bbox 367 241 444 294; x_wconf 80' lang='grc' dir='ltr'><em>τοὶς</em></span> <span class='ocrx_word' id='word_1_17' title='bbox 471 241 614 298; x_wconf 70' lang='grc' dir='ltr'><em>’ψυχάς</em></span> <span class='ocrx_word' id='word_1_18' title='bbox 644 245 1018 301; x_wconf 79' lang='grc' dir='ltr'><em>συγκεκλασμένοι</em></span> <span class='ocrx_word' id='word_1_19' title='bbox 1048 262 1092 289; x_wconf 86' lang='grc' dir='ltr'>τε</span> <span class='ocrx_word' id='word_1_20' title='bbox 1124 245 1198 289; x_wconf 83' lang='grc' dir='ltr'><em>καὶ</em></span> <span class='ocrx_word' id='word_1_21' title='bbox 1229 243 1511 301; x_wconf 82' lang='grc' dir='ltr'><em>ἀποτεθρυμ-</em></span> <span class='ocrx_word' id='word_1_22' title='bbox 1540 251 1574 292; x_wconf 89' lang='grc' dir='ltr'>Ε</span> 
     </span>
     <span class='ocr_line' id='line_1_5' title="bbox 123 310 1512 371; baseline 0.001 -15"><span class='ocrx_word' id='word_1_23' title='bbox 123 312 250 369; x_wconf 83' lang='grc' dir='ltr'><em>μένοι</em></span> <span class='ocrx_word' id='word_1_24' title='bbox 288 311 360 356; x_wconf 78' lang='grc' dir='ltr'>διὰ</span> <span class='ocrx_word' id='word_1_25' title='bbox 399 310 478 363; x_wconf 76' lang='grc' dir='ltr'><em>τοὶς</em></span> <span class='ocrx_word' id='word_1_26' title='bbox 512 313 757 368; x_wconf 84' lang='grc' dir='ltr'><strong><em>βαναυσίας</em></strong></span> <span class='ocrx_word' id='word_1_27' title='bbox 796 312 1104 370; x_wconf 77' lang='grc' dir='ltr'><em>τυγχάνουσιν.</em></span> <span class='ocrx_word' id='word_1_28' title='bbox 1143 313 1172 370; x_wconf 80' lang='grc' dir='ltr'><em>ἢ</em></span> <span class='ocrx_word' id='word_1_29' title='bbox 1201 311 1286 357; x_wconf 80' lang='grc' dir='ltr'>οὐκ</span> <span class='ocrx_word' id='word_1_30' title='bbox 1319 312 1512 371; x_wconf 69' lang='grc' dir='ltr'><em>ἀνάγκης</em></span> 
     </span>
    </p>
   </div>
   <div class='ocr_carea' id='block_1_4' title="bbox 95 435 790 2792">
    <p class='ocr_par' dir='ltr' id='par_1_4' title="bbox 95 435 790 2792">
     <span class='ocr_line' id='line_1_6' title="bbox 122 435 790 483; baseline 0 -12"><span class='ocrx_word' id='word_1_31' title='bbox 122 436 209 483; x_wconf 87' lang='grc' dir='ltr'><em>βίου</em></span> <span class='ocrx_word' id='word_1_32' title='bbox 251 435 483 482; x_wconf 87' lang='lat' dir='ltr'>componentis</span> <span class='ocrx_word' id='word_1_33' title='bbox 523 437 656 470; x_wconf 90' lang='lat' dir='ltr'>tantum</span> <span class='ocrx_word' id='word_1_34' title='bbox 697 437 790 471; x_wconf 87' lang='lat' dir='ltr'>effici</span> 
     </span>
     <span class='ocr_line' id='line_1_7' title="bbox 120 481 789 529; baseline 0 -12"><span class='ocrx_word' id='word_1_35' title='bbox 120 488 226 528; x_wconf 89' lang='lat' dir='ltr'>puto,</span> <span class='ocrx_word' id='word_1_36' title='bbox 257 486 419 528; x_wconf 91' lang='lat' dir='ltr'>quantum</span> <span class='ocrx_word' id='word_1_37' title='bbox 450 481 695 525; x_wconf 82' lang='lat' dir='ltr'>Ruhnkenius,</span> <span class='ocrx_word' id='word_1_38' title='bbox 731 483 789 529; x_wconf 91' lang='lat' dir='ltr'>qui</span> 
     </span>
     <span class='ocr_line' id='line_1_8' title="bbox 122 528 788 575; baseline 0 -11"><span class='ocrx_word' id='word_1_39' title='bbox 122 529 303 564; x_wconf 89' lang='lat' dir='ltr'>Timaeum</span> <span class='ocrx_word' id='word_1_40' title='bbox 325 531 474 562; x_wconf 84' lang='lat' dir='ltr'>monstro</span> <span class='ocrx_word' id='word_1_41' title='bbox 497 528 650 562; x_wconf 88' lang='lat' dir='ltr'>lectionis</span> <span class='ocrx_word' id='word_1_42' title='bbox 675 529 788 575; x_wconf 86' lang='lat' dir='ltr'>decipi</span> 
     </span>
     <span class='ocr_line' id='line_1_9' title="bbox 122 574 789 621; baseline 0.001 -12"><span class='ocrx_word' id='word_1_43' title='bbox 122 587 161 609; x_wconf 90' lang='lat' dir='ltr'>se</span> <span class='ocrx_word' id='word_1_44' title='bbox 184 587 337 621; x_wconf 89' lang='lat' dir='ltr'>passum</span> <span class='ocrx_word' id='word_1_45' title='bbox 346 574 496 609; x_wconf 86' lang='lat' dir='ltr'>miratur.</span> <span class='ocrx_word' id='word_1_46' title='bbox 545 574 648 615; x_wconf 83' lang='lat' dir='ltr'>Quod</span> <span class='ocrx_word' id='word_1_47' title='bbox 673 580 789 610; x_wconf 89' lang='lat' dir='ltr'>autem</span> 
     </span>
     <span class='ocr_line' id='line_1_10' title="bbox 119 621 790 667; baseline 0 -11"><span class='ocrx_word' id='word_1_48' title='bbox 119 621 379 656; x_wconf 89' lang='lat' dir='ltr'>Hemsterhusio</span> <span class='ocrx_word' id='word_1_49' title='bbox 399 621 729 667; x_wconf 81' lang='lat' dir='ltr'>interpretationem</span> <span class='ocrx_word' id='word_1_50' title='bbox 754 626 790 656; x_wconf 91' lang='lat' dir='ltr'>et</span> 
     </span>
     <span class='ocr_line' id='line_1_11' title="bbox 119 667 789 723; baseline 0.001 -22"><span class='ocrx_word' id='word_1_51' title='bbox 119 667 394 723; x_wconf 83' lang='lat' dir='ltr'>procurationem</span> <span class='ocrx_word' id='word_1_52' title='bbox 441 668 583 702; x_wconf 86' lang='lat' dir='ltr'>monstri</span> <span class='ocrx_word' id='word_1_53' title='bbox 639 668 789 702; x_wconf 86' lang='lat' dir='ltr'>tentanti</span> 
     </span>
     <span class='ocr_line' id='line_1_12' title="bbox 119 710 786 770; baseline 0.002 -23"><span class='ocrx_word' id='word_1_54' title='bbox 119 719 225 759; x_wconf 85' lang='lat' dir='ltr'>atque</span> <span class='ocrx_word' id='word_1_55' title='bbox 259 710 558 768; x_wconf 78' lang='grc' dir='ltr'><em>αποθρυοῦσθαι</em></span> <span class='ocrx_word' id='word_1_56' title='bbox 596 717 635 747; x_wconf 93' lang='lat' dir='ltr'>ut</span> <span class='ocrx_word' id='word_1_57' title='bbox 669 712 786 770; x_wconf 77' lang='grc' dir='ltr'><em>οἷπορ-</em></span> 
     </span>
     <span class='ocr_line' id='line_1_13' title="bbox 120 756 787 803; baseline 0 -9"><span class='ocrx_word' id='word_1_58' title='bbox 120 760 331 803; x_wconf 78' lang='grc' dir='ltr'><em>νεοῦσθαι,</em></span> <span class='ocrx_word' id='word_1_59' title='bbox 356 756 664 803; x_wconf 78' lang='grc' dir='ltr'><em>απολιθοῦσθαι,</em></span> <span class='ocrx_word' id='word_1_60' title='bbox 692 758 787 794; x_wconf 83' lang='grc' dir='ltr'><em>α’πο-</em></span> 
     </span>
     <span class='ocr_line' id='line_1_14' title="bbox 118 806 786 850; baseline 0 -10"><span class='ocrx_word' id='word_1_61' title='bbox 118 806 354 850; x_wconf 73' lang='grc' dir='ltr'><em>θηριοῦσθαι</em></span> <span class='ocrx_word' id='word_1_62' title='bbox 396 818 471 840; x_wconf 92' lang='lat' dir='ltr'>eum</span> <span class='ocrx_word' id='word_1_63' title='bbox 508 806 579 839; x_wconf 87' lang='lat' dir='ltr'>dici</span> <span class='ocrx_word' id='word_1_64' title='bbox 611 807 786 849; x_wconf 84' lang='lat' dir='ltr'>statuenti,</span> 
     </span>
     <span class='ocr_line' id='line_1_15' title="bbox 120 853 787 898; baseline 0.001 -12"><span class='ocrx_word' id='word_1_65' title='bbox 120 854 180 898; x_wconf 76' lang='lat' dir='ltr'>qui</span> <span class='ocrx_word' id='word_1_66' title='bbox 194 853 233 886; x_wconf 75' lang='lat' dir='ltr'>in</span> <span class='ocrx_word' id='word_1_67' title='bbox 247 853 402 886; x_wconf 78' lang='lat' dir='ltr'>iunceam</span> <span class='ocrx_word' id='word_1_68' title='bbox 419 853 518 897; x_wconf 79' lang='lat' dir='ltr'>quasi</span> <span class='ocrx_word' id='word_1_69' title='bbox 543 857 578 887; x_wconf 86' lang='lat' dir='ltr'>et</span> <span class='ocrx_word' id='word_1_70' title='bbox 593 853 787 887; x_wconf 80' lang='lat' dir='ltr'>insensilem</span> 
     </span>
     <span class='ocr_line' id='line_1_16' title="bbox 120 899 786 941; baseline 0.002 -9"><span class='ocrx_word' id='word_1_71' title='bbox 120 899 230 933; x_wconf 75' lang='lat' dir='ltr'>omnis</span> <span class='ocrx_word' id='word_1_72' title='bbox 247 899 326 932; x_wconf 77' lang='lat' dir='ltr'>boni</span> <span class='ocrx_word' id='word_1_73' title='bbox 341 904 507 932; x_wconf 76' lang='lat' dir='ltr'>naturam</span> <span class='ocrx_word' id='word_1_74' title='bbox 523 904 688 941; x_wconf 80' lang='lat' dir='ltr'>mutetur,</span> <span class='ocrx_word' id='word_1_75' title='bbox 706 911 786 933; x_wconf 91' lang='lat' dir='ltr'>con-</span> 
     </span>
     <span class='ocr_line' id='line_1_17' title="bbox 118 941 785 999; baseline 0.001 -21"><span class='ocrx_word' id='word_1_76' title='bbox 118 948 176 979; x_wconf 90' lang='lat' dir='ltr'>tra</span> <span class='ocrx_word' id='word_1_77' title='bbox 201 941 535 999; x_wconf 84' lang='grc' dir='ltr'><em>αποτεθρυμμένην</em></span> <span class='ocrx_word' id='word_1_78' title='bbox 562 943 687 989; x_wconf 83' lang='grc' dir='ltr'><em>ψυχὴν</em></span> <span class='ocrx_word' id='word_1_79' title='bbox 722 957 785 991; x_wconf 90' lang='lat' dir='ltr'>pro</span> 
     </span>
     <span class='ocr_line' id='line_1_18' title="bbox 119 988 786 1037; baseline -0.001 -12"><span class='ocrx_word' id='word_1_80' title='bbox 119 988 378 1036; x_wconf 85' lang='grc' dir='ltr'><em>τεθρυμμένην</em></span> <span class='ocrx_word' id='word_1_81' title='bbox 409 1003 475 1025; x_wconf 90' lang='lat' dir='ltr'>non</span> <span class='ocrx_word' id='word_1_82' title='bbox 509 991 640 1035; x_wconf 80' lang='lat' dir='ltr'>magis,</span> <span class='ocrx_word' id='word_1_83' title='bbox 683 1003 786 1037; x_wconf 89' lang='lat' dir='ltr'>quam</span> 
     </span>
     <span class='ocr_line' id='line_1_19' title="bbox 120 1038 785 1093; baseline -0.002 -21"><span class='ocrx_word' id='word_1_84' title='bbox 120 1038 299 1080; x_wconf 79' lang='lat' dir='ltr'>defractos</span> <span class='ocrx_word' id='word_1_85' title='bbox 322 1049 432 1071; x_wconf 82' lang='lat' dir='ltr'>mores</span> <span class='ocrx_word' id='word_1_86' title='bbox 462 1048 524 1083; x_wconf 91' lang='lat' dir='ltr'>pro</span> <span class='ocrx_word' id='word_1_87' title='bbox 557 1039 714 1093; x_wconf 85' lang='lat' dir='ltr'>fractos</span> <span class='ocrx_word' id='word_1_88' title='bbox 732 1038 785 1071; x_wconf 87' lang='lat' dir='ltr'>fe-</span> 
     </span>
     <span class='ocr_line' id='line_1_20' title="bbox 118 1083 783 1125; baseline 0 -8"><span class='ocrx_word' id='word_1_89' title='bbox 118 1083 209 1117; x_wconf 89' lang='lat' dir='ltr'>renti</span> <span class='ocrx_word' id='word_1_90' title='bbox 241 1083 461 1117; x_wconf 88' lang='lat' dir='ltr'>Ruhnkenius</span> <span class='ocrx_word' id='word_1_91' title='bbox 494 1083 642 1125; x_wconf 90' lang='lat' dir='ltr'>obiecit,</span> <span class='ocrx_word' id='word_1_92' title='bbox 691 1095 783 1117; x_wconf 80' lang='grc' dir='ltr'><em>απο-</em></span> 
     </span>
     <span class='ocr_line' id='line_1_21' title="bbox 117 1123 784 1182; baseline 0 -19"><span class='ocrx_word' id='word_1_93' title='bbox 117 1123 360 1182; x_wconf 84' lang='grc' dir='ltr'><em>θρύπτεσθαι</em></span> <span class='ocrx_word' id='word_1_94' title='bbox 377 1141 440 1174; x_wconf 82' lang='lat' dir='ltr'>pre</span> <span class='ocrx_word' id='word_1_95' title='bbox 461 1126 703 1172; x_wconf 78' lang='grc' dir='ltr'><em>θρύπτεσθαι</em></span> <span class='ocrx_word' id='word_1_96' title='bbox 717 1141 784 1164; x_wconf 91' lang='lat' dir='ltr'>non</span> 
     </span>
     <span class='ocr_line' id='line_1_22' title="bbox 95 1173 783 1229; baseline 0.006 -23"><span class='ocrx_word' id='word_1_97' title='bbox 95 1202 103 1213; x_wconf 73' lang='grc'>,,</span> <span class='ocrx_word' id='word_1_98' title='bbox 116 1187 227 1210; x_wconf 77' lang='lat' dir='ltr'>minus</span> <span class='ocrx_word' id='word_1_99' title='bbox 254 1176 370 1210; x_wconf 84' lang='lat' dir='ltr'>dicere</span> <span class='ocrx_word' id='word_1_100' title='bbox 392 1174 540 1217; x_wconf 83' lang='lat' dir='ltr'>licuisse,</span> <span class='ocrx_word' id='word_1_101' title='bbox 562 1187 667 1229; x_wconf 87' lang='lat' dir='ltr'>quam</span> <span class='ocrx_word' id='word_1_102' title='bbox 689 1173 783 1210; x_wconf 79' lang='grc' dir='ltr'><em>ἄπο-</em></span> 
     </span>
     <span class='ocr_line' id='line_1_23' title="bbox 115 1219 784 1275; baseline 0 -19"><span class='ocrx_word' id='word_1_103' title='bbox 115 1219 336 1266; x_wconf 81' lang='grc' dir='ltr'><em>θραύεσθαι</em></span> <span class='ocrx_word' id='word_1_104' title='bbox 375 1233 437 1275; x_wconf 89' lang='lat' dir='ltr'>pro</span> <span class='ocrx_word' id='word_1_105' title='bbox 466 1219 710 1266; x_wconf 82' lang='grc' dir='ltr'><em>θραύεσθαι,</em></span> <span class='ocrx_word' id='word_1_106' title='bbox 748 1226 784 1256; x_wconf 92' lang='lat' dir='ltr'>et</span> 
     </span>
     <span class='ocr_line' id='line_1_24' title="bbox 116 1267 783 1323; baseline -0.004 -20"><span class='ocrx_word' id='word_1_107' title='bbox 116 1269 148 1303; x_wconf 87' lang='lat' dir='ltr'>si</span> <span class='ocrx_word' id='word_1_108' title='bbox 169 1273 285 1303; x_wconf 87' lang='lat' dir='ltr'>tamen</span> <span class='ocrx_word' id='word_1_109' title='bbox 307 1267 497 1323; x_wconf 82' lang='lat' dir='ltr'>displiceat,</span> <span class='ocrx_word' id='word_1_110' title='bbox 521 1267 691 1302; x_wconf 89' lang='lat' dir='ltr'>levissima</span> <span class='ocrx_word' id='word_1_111' title='bbox 710 1279 783 1301; x_wconf 93' lang='lat' dir='ltr'>mu-</span> 
     </span>
     <span class='ocr_line' id='line_1_25' title="bbox 115 1310 781 1359; baseline -0.002 -10"><span class='ocrx_word' id='word_1_112' title='bbox 115 1315 248 1349; x_wconf 84' lang='lat' dir='ltr'>tatione</span> <span class='ocrx_word' id='word_1_113' title='bbox 269 1314 336 1359; x_wconf 85' lang='lat' dir='ltr'>legi</span> <span class='ocrx_word' id='word_1_114' title='bbox 353 1325 454 1358; x_wconf 91' lang='lat' dir='ltr'>posse</span> <span class='ocrx_word' id='word_1_115' title='bbox 473 1310 781 1358; x_wconf 75' lang='grc' dir='ltr'><em>ἄποτετρνμένοι,</em></span> 
     </span>
     <span class='ocr_line' id='line_1_26' title="bbox 115 1360 782 1405; baseline -0.003 -9"><span class='ocrx_word' id='word_1_116' title='bbox 115 1362 253 1403; x_wconf 80' lang='lat' dir='ltr'>attriti,</span> <span class='ocrx_word' id='word_1_117' title='bbox 299 1361 470 1404; x_wconf 78' lang='lat' dir='ltr'>confecti,</span> <span class='ocrx_word' id='word_1_118' title='bbox 516 1360 552 1394; x_wconf 88' lang='lat' dir='ltr'>id</span> <span class='ocrx_word' id='word_1_119' title='bbox 594 1372 662 1405; x_wconf 89' lang='lat' dir='ltr'>quo</span> <span class='ocrx_word' id='word_1_120' title='bbox 706 1360 782 1394; x_wconf 86' lang='lat' dir='ltr'>iure</span> 
     </span>
     <span class='ocr_line' id='line_1_27' title="bbox 113 1406 780 1460; baseline 0 -20"><span class='ocrx_word' id='word_1_121' title='bbox 113 1407 260 1460; x_wconf 82' lang='lat' dir='ltr'>egregie</span> <span class='ocrx_word' id='word_1_122' title='bbox 291 1406 499 1460; x_wconf 69' lang='lat' dir='ltr'>disputatum</span> <span class='ocrx_word' id='word_1_123' title='bbox 531 1411 651 1440; x_wconf 89' lang='lat' dir='ltr'>contra</span> <span class='ocrx_word' id='word_1_124' title='bbox 674 1407 780 1440; x_wconf 90' lang='lat' dir='ltr'>Hem-</span> 
     </span>
     <span class='ocr_line' id='line_1_28' title="bbox 112 1452 781 1495; baseline -0.003 -7"><span class='ocrx_word' id='word_1_125' title='bbox 112 1452 319 1488; x_wconf 83' lang='lat' dir='ltr'>sterhusium</span> <span class='ocrx_word' id='word_1_126' title='bbox 360 1452 489 1486; x_wconf 85' lang='lat' dir='ltr'>dixerit</span> <span class='ocrx_word' id='word_1_127' title='bbox 524 1452 781 1495; x_wconf 90' lang='lat' dir='ltr'>Stallbaumius,</span> 
     </span>
     <span class='ocr_line' id='line_1_29' title="bbox 111 1499 782 1553; baseline -0.003 -19"><span class='ocrx_word' id='word_1_128' title='bbox 111 1511 179 1534; x_wconf 89' lang='lat' dir='ltr'>non</span> <span class='ocrx_word' id='word_1_129' title='bbox 202 1510 390 1553; x_wconf 75' lang='lat' dir='ltr'>assequor,</span> <span class='ocrx_word' id='word_1_130' title='bbox 415 1510 518 1544; x_wconf 89' lang='lat' dir='ltr'>quum</span> <span class='ocrx_word' id='word_1_131' title='bbox 542 1502 579 1532; x_wconf 89' lang='lat' dir='ltr'>et</span> <span class='ocrx_word' id='word_1_132' title='bbox 602 1499 782 1544; x_wconf 88' lang='lat' dir='ltr'>praeposi—</span> 
     </span>
     <span class='ocr_line' id='line_1_30' title="bbox 111 1544 781 1591; baseline -0.001 -12"><span class='ocrx_word' id='word_1_133' title='bbox 111 1545 240 1588; x_wconf 71' lang='lat' dir='ltr'>tionis,</span> <span class='ocrx_word' id='word_1_134' title='bbox 275 1557 343 1591; x_wconf 91' lang='lat' dir='ltr'>qua</span> <span class='ocrx_word' id='word_1_135' title='bbox 376 1544 434 1578; x_wconf 88' lang='lat' dir='ltr'>ille</span> <span class='ocrx_word' id='word_1_136' title='bbox 457 1544 602 1578; x_wconf 81' lang='lat' dir='ltr'>maxime</span> <span class='ocrx_word' id='word_1_137' title='bbox 626 1545 781 1580; x_wconf 84' lang='lat' dir='ltr'>offende-</span> 
     </span>
     <span class='ocr_line' id='line_1_31' title="bbox 110 1591 781 1635; baseline -0.001 -9"><span class='ocrx_word' id='word_1_138' title='bbox 110 1592 237 1635; x_wconf 88' lang='lat' dir='ltr'>batur,</span> <span class='ocrx_word' id='word_1_139' title='bbox 259 1592 314 1625; x_wconf 87' lang='lat' dir='ltr'>vis</span> <span class='ocrx_word' id='word_1_140' title='bbox 338 1591 381 1625; x_wconf 90' lang='lat' dir='ltr'>ab</span> <span class='ocrx_word' id='word_1_141' title='bbox 407 1602 449 1625; x_wconf 87' lang='lat' dir='ltr'>eo</span> <span class='ocrx_word' id='word_1_142' title='bbox 472 1591 630 1635; x_wconf 82' lang='lat' dir='ltr'>neglecta</span> <span class='ocrx_word' id='word_1_143' title='bbox 653 1596 690 1625; x_wconf 91' lang='lat' dir='ltr'>et</span> <span class='ocrx_word' id='word_1_144' title='bbox 706 1591 781 1625; x_wconf 90' lang='lat' dir='ltr'>vul-</span> 
     </span>
     <span class='ocr_line' id='line_1_32' title="bbox 112 1628 781 1683; baseline 0 -11"><span class='ocrx_word' id='word_1_145' title='bbox 112 1628 217 1683; x_wconf 79' lang='lat' dir='ltr'>gatae</span> <span class='ocrx_word' id='word_1_146' title='bbox 262 1636 454 1683; x_wconf 85' lang='lat' dir='ltr'>patrocinio</span> <span class='ocrx_word' id='word_1_147' title='bbox 501 1637 638 1672; x_wconf 89' lang='lat' dir='ltr'>deserto</span> <span class='ocrx_word' id='word_1_148' title='bbox 677 1637 781 1672; x_wconf 87' lang='lat' dir='ltr'>etiam</span> 
     </span>
     <span class='ocr_line' id='line_1_33' title="bbox 112 1683 782 1728; baseline 0 -10"><span class='ocrx_word' id='word_1_149' title='bbox 112 1695 203 1718; x_wconf 85' lang='lat' dir='ltr'>nova</span> <span class='ocrx_word' id='word_1_150' title='bbox 235 1683 337 1718; x_wconf 89' lang='lat' dir='ltr'>lectio</span> <span class='ocrx_word' id='word_1_151' title='bbox 371 1683 549 1728; x_wconf 90' lang='lat' dir='ltr'>proposita</span> <span class='ocrx_word' id='word_1_152' title='bbox 584 1683 640 1717; x_wconf 87' lang='lat' dir='ltr'>sit.</span> <span class='ocrx_word' id='word_1_153' title='bbox 688 1683 782 1724; x_wconf 81' lang='lat' dir='ltr'>Quid</span> 
     </span>
     <span class='ocr_line' id='line_1_34' title="bbox 112 1729 783 1776; baseline 0 -12"><span class='ocrx_word' id='word_1_154' title='bbox 112 1729 204 1776; x_wconf 86' lang='lat' dir='ltr'>quod</span> <span class='ocrx_word' id='word_1_155' title='bbox 237 1741 280 1764; x_wconf 93' lang='lat' dir='ltr'>ne</span> <span class='ocrx_word' id='word_1_156' title='bbox 310 1730 483 1774; x_wconf 90' lang='lat' dir='ltr'>Toupium</span> <span class='ocrx_word' id='word_1_157' title='bbox 524 1729 659 1775; x_wconf 88' lang='lat' dir='ltr'>quidem</span> <span class='ocrx_word' id='word_1_158' title='bbox 694 1730 783 1764; x_wconf 86' lang='lat' dir='ltr'>satis</span> 
     </span>
     <span class='ocr_line' id='line_1_35' title="bbox 112 1776 781 1831; baseline -0.001 -21"><span class='ocrx_word' id='word_1_159' title='bbox 112 1776 271 1810; x_wconf 85' lang='lat' dir='ltr'>refellere</span> <span class='ocrx_word' id='word_1_160' title='bbox 293 1776 514 1810; x_wconf 86' lang='lat' dir='ltr'>Ruhnkenius</span> <span class='ocrx_word' id='word_1_161' title='bbox 538 1776 710 1831; x_wconf 82' lang='lat' dir='ltr'>videtur,</span> <span class='ocrx_word' id='word_1_162' title='bbox 721 1788 781 1810; x_wconf 92' lang='lat' dir='ltr'>cu-</span> 
     </span>
     <span class='ocr_line' id='line_1_36' title="bbox 111 1818 779 1877; baseline -0.002 -21"><span class='ocrx_word' id='word_1_163' title='bbox 111 1822 164 1856; x_wconf 89' lang='lat' dir='ltr'>ius</span> <span class='ocrx_word' id='word_1_164' title='bbox 184 1821 501 1877; x_wconf 83' lang='lat' dir='ltr'>interpretationem</span> <span class='ocrx_word' id='word_1_165' title='bbox 514 1821 672 1856; x_wconf 87' lang='lat' dir='ltr'>lectionis</span> <span class='ocrx_word' id='word_1_166' title='bbox 684 1818 779 1856; x_wconf 82' lang='grc' dir='ltr'><em>οἷπο-</em></span> 
     </span>
     <span class='ocr_line' id='line_1_37' title="bbox 111 1866 779 1912; baseline -0.003 -9"><span class='ocrx_word' id='word_1_167' title='bbox 111 1866 367 1912; x_wconf 80' lang='grc' dir='ltr'><em>τεθρνωμένοι</em></span> <span class='ocrx_word' id='word_1_168' title='bbox 419 1868 550 1903; x_wconf 87' lang='lat' dir='ltr'>emend.</span> <span class='ocrx_word' id='word_1_169' title='bbox 597 1868 633 1902; x_wconf 90' lang='lat' dir='ltr'>in</span> <span class='ocrx_word' id='word_1_170' title='bbox 681 1868 779 1904; x_wconf 85' lang='lat' dir='ltr'>Suid.</span> 
     </span>
     <span class='ocr_line' id='line_1_38' title="bbox 112 1914 777 1960; baseline -0.003 -10"><span class='ocrx_word' id='word_1_171' title='bbox 112 1915 158 1950; x_wconf 88' lang='lat' dir='ltr'>T.</span> <span class='ocrx_word' id='word_1_172' title='bbox 182 1915 246 1949; x_wconf 92' lang='lat' dir='ltr'>III.</span> <span class='ocrx_word' id='word_1_173' title='bbox 270 1926 304 1960; x_wconf 91' lang='lat' dir='ltr'>p.</span> <span class='ocrx_word' id='word_1_174' title='bbox 315 1916 393 1950; x_wconf 88' lang='lat'><strong>191.</strong></span> <span class='ocrx_word' id='word_1_175' title='bbox 418 1915 469 1960; x_wconf 91' lang='lat' dir='ltr'>(p.</span> <span class='ocrx_word' id='word_1_176' title='bbox 481 1915 560 1950; x_wconf 85' lang='lat'>467.</span> <span class='ocrx_word' id='word_1_177' title='bbox 587 1914 640 1948; x_wconf 91' lang='lat' dir='ltr'>ed.</span> <span class='ocrx_word' id='word_1_178' title='bbox 659 1914 777 1960; x_wconf 89' lang='lat' dir='ltr'>Lips.)</span> 
     </span>
     <span class='ocr_line' id='line_1_39' title="bbox 111 1961 779 2006; baseline 0.002 -12"><span class='ocrx_word' id='word_1_179' title='bbox 111 1961 320 1995; x_wconf 81' lang='lat' dir='ltr'>exhibitam.</span> <span class='ocrx_word' id='word_1_180' title='bbox 346 1961 405 2006; x_wconf 80' lang='lat' dir='ltr'>qui</span> <span class='ocrx_word' id='word_1_181' title='bbox 423 1961 559 1995; x_wconf 80' lang='lat' dir='ltr'>animas</span> <span class='ocrx_word' id='word_1_182' title='bbox 571 1961 699 1996; x_wconf 81' lang='lat' dir='ltr'>habent</span> <span class='ocrx_word' id='word_1_183' title='bbox 719 1962 779 1995; x_wconf 84' lang='lat' dir='ltr'>de-</span> 
     </span>
     <span class='ocr_line' id='line_1_40' title="bbox 111 2007 780 2042; baseline -0.001 0"><span class='ocrx_word' id='word_1_184' title='bbox 111 2009 236 2042; x_wconf 80' lang='lat' dir='ltr'>missas</span> <span class='ocrx_word' id='word_1_185' title='bbox 264 2012 299 2042; x_wconf 87' lang='lat' dir='ltr'>et</span> <span class='ocrx_word' id='word_1_186' title='bbox 326 2007 364 2041; x_wconf 82' lang='lat' dir='ltr'>in</span> <span class='ocrx_word' id='word_1_187' title='bbox 400 2013 532 2042; x_wconf 85' lang='lat' dir='ltr'>terram</span> <span class='ocrx_word' id='word_1_188' title='bbox 563 2019 658 2041; x_wconf 87' lang='lat' dir='ltr'>more</span> <span class='ocrx_word' id='word_1_189' title='bbox 684 2008 780 2041; x_wconf 80' lang='lat' dir='ltr'>iunci</span> 
     </span>
     <span class='ocr_line' id='line_1_41' title="bbox 110 2054 780 2107; baseline -0.001 -19"><span class='ocrx_word' id='word_1_190' title='bbox 110 2054 278 2099; x_wconf 73' lang='lat' dir='ltr'>palustris</span> <span class='ocrx_word' id='word_1_191' title='bbox 332 2054 526 2088; x_wconf 81' lang='lat' dir='ltr'>declinatas</span> <span class='ocrx_word' id='word_1_192' title='bbox 592 2057 780 2107; x_wconf 85' lang='lat' dir='ltr'>propterea</span> 
     </span>
     <span class='ocr_line' id='line_1_42' title="bbox 112 2098 778 2154; baseline -0.002 -20"><span class='ocrx_word' id='word_1_193' title='bbox 112 2111 255 2154; x_wconf 87' lang='lat' dir='ltr'>prorsus</span> <span class='ocrx_word' id='word_1_194' title='bbox 278 2098 424 2134; x_wconf 84' lang='lat' dir='ltr'>alienam</span> <span class='ocrx_word' id='word_1_195' title='bbox 446 2099 668 2145; x_wconf 82' lang='lat' dir='ltr'>pronuntiat,</span> <span class='ocrx_word' id='word_1_196' title='bbox 692 2111 778 2144; x_wconf 92' lang='lat' dir='ltr'>quo-</span> 
     </span>
     <span class='ocr_line' id='line_1_43' title="bbox 110 2145 779 2191; baseline -0.001 -11"><span class='ocrx_word' id='word_1_197' title='bbox 110 2145 203 2180; x_wconf 88' lang='lat' dir='ltr'>niam</span> <span class='ocrx_word' id='word_1_198' title='bbox 234 2145 286 2180; x_wconf 85' lang='lat' dir='ltr'>rei</span> <span class='ocrx_word' id='word_1_199' title='bbox 312 2149 458 2180; x_wconf 87' lang='lat' dir='ltr'>naturae</span> <span class='ocrx_word' id='word_1_200' title='bbox 480 2148 667 2191; x_wconf 86' lang='lat' dir='ltr'>repugnet.</span> <span class='ocrx_word' id='word_1_201' title='bbox 700 2146 779 2180; x_wconf 91' lang='lat' dir='ltr'>iun-</span> 
     </span>
     <span class='ocr_line' id='line_1_44' title="bbox 111 2191 778 2233; baseline -0.001 -7"><span class='ocrx_word' id='word_1_202' title='bbox 111 2203 189 2226; x_wconf 85' lang='lat' dir='ltr'>cum</span> <span class='ocrx_word' id='word_1_203' title='bbox 223 2191 310 2226; x_wconf 89' lang='lat' dir='ltr'>enim</span> <span class='ocrx_word' id='word_1_204' title='bbox 342 2195 413 2226; x_wconf 86' lang='lat' dir='ltr'>tam</span> <span class='ocrx_word' id='word_1_205' title='bbox 435 2197 566 2226; x_wconf 89' lang='lat' dir='ltr'>rectum</span> <span class='ocrx_word' id='word_1_206' title='bbox 590 2196 702 2233; x_wconf 86' lang='lat' dir='ltr'>stare,</span> <span class='ocrx_word' id='word_1_207' title='bbox 738 2195 778 2226; x_wconf 91' lang='lat' dir='ltr'>ut</span> 
     </span>
     <span class='ocr_line' id='line_1_45' title="bbox 113 2237 776 2283; baseline -0.002 -11"><span class='ocrx_word' id='word_1_208' title='bbox 113 2249 158 2272; x_wconf 91' lang='lat' dir='ltr'>ne</span> <span class='ocrx_word' id='word_1_209' title='bbox 179 2243 359 2272; x_wconf 84' lang='lat' dir='ltr'>ventorum</span> <span class='ocrx_word' id='word_1_210' title='bbox 382 2237 517 2283; x_wconf 88' lang='lat' dir='ltr'>quidem</span> <span class='ocrx_word' id='word_1_211' title='bbox 540 2241 574 2271; x_wconf 86' lang='lat' dir='ltr'>vi</span> <span class='ocrx_word' id='word_1_212' title='bbox 591 2240 776 2272; x_wconf 79' lang='lat' dir='ltr'>sternatur.</span> 
     </span>
     <span class='ocr_line' id='line_1_46' title="bbox 111 2283 778 2328; baseline -0.001 -9"><span class='ocrx_word' id='word_1_213' title='bbox 111 2285 239 2320; x_wconf 83' lang='lat' dir='ltr'>verum</span> <span class='ocrx_word' id='word_1_214' title='bbox 262 2285 347 2326; x_wconf 90' lang='lat' dir='ltr'>hoc,</span> <span class='ocrx_word' id='word_1_215' title='bbox 378 2295 488 2328; x_wconf 87' lang='lat' dir='ltr'>neque</span> <span class='ocrx_word' id='word_1_216' title='bbox 523 2284 658 2328; x_wconf 88' lang='lat' dir='ltr'>Toupio</span> <span class='ocrx_word' id='word_1_217' title='bbox 681 2283 778 2318; x_wconf 88' lang='lat' dir='ltr'>inco-</span> 
     </span>
     <span class='ocr_line' id='line_1_47' title="bbox 110 2329 777 2375; baseline 0.001 -11"><span class='ocrx_word' id='word_1_218' title='bbox 110 2330 263 2375; x_wconf 81' lang='lat' dir='ltr'>gnitum3</span> <span class='ocrx_word' id='word_1_219' title='bbox 286 2331 348 2365; x_wconf 92' lang='lat' dir='ltr'>sed</span> <span class='ocrx_word' id='word_1_220' title='bbox 371 2330 402 2364; x_wconf 90' lang='lat' dir='ltr'>is</span> <span class='ocrx_word' id='word_1_221' title='bbox 425 2330 468 2364; x_wconf 91' lang='lat' dir='ltr'>de</span> <span class='ocrx_word' id='word_1_222' title='bbox 492 2329 606 2374; x_wconf 89' lang='lat' dir='ltr'>capite</span> <span class='ocrx_word' id='word_1_223' title='bbox 629 2330 719 2364; x_wconf 88' lang='lat' dir='ltr'>iunci</span> <span class='ocrx_word' id='word_1_224' title='bbox 741 2330 777 2365; x_wconf 84' lang='lat' dir='ltr'>in</span> 
     </span>
     <span class='ocr_line' id='line_1_48' title="bbox 109 2376 777 2422; baseline -0.003 -11"><span class='ocrx_word' id='word_1_225' title='bbox 109 2382 238 2411; x_wconf 85' lang='lat' dir='ltr'>terram</span> <span class='ocrx_word' id='word_1_226' title='bbox 263 2388 370 2422; x_wconf 90' lang='lat' dir='ltr'>prono</span> <span class='ocrx_word' id='word_1_227' title='bbox 395 2377 572 2420; x_wconf 84' lang='lat' dir='ltr'>cogitabat</span> <span class='ocrx_word' id='word_1_228' title='bbox 594 2380 700 2421; x_wconf 87' lang='lat' dir='ltr'>atque</span> <span class='ocrx_word' id='word_1_229' title='bbox 723 2376 777 2409; x_wconf 92' lang='lat' dir='ltr'>in-</span> 
     </span>
     <span class='ocr_line' id='line_1_49' title="bbox 109 2422 775 2468; baseline -0.002 -11"><span class='ocrx_word' id='word_1_230' title='bbox 109 2423 153 2457; x_wconf 89' lang='lat' dir='ltr'>de</span> <span class='ocrx_word' id='word_1_231' title='bbox 176 2423 408 2468; x_wconf 83' lang='lat' dir='ltr'>metaphoram</span> <span class='ocrx_word' id='word_1_232' title='bbox 433 2423 568 2456; x_wconf 86' lang='lat' dir='ltr'>ductam</span> <span class='ocrx_word' id='word_1_233' title='bbox 587 2422 775 2457; x_wconf 82' lang='lat' dir='ltr'>statuebat.</span> 
     </span>
     <span class='ocr_line' id='line_1_50' title="bbox 109 2468 775 2513; baseline 0 -10"><span class='ocrx_word' id='word_1_234' title='bbox 109 2469 235 2503; x_wconf 91' lang='lat' dir='ltr'>Parum</span> <span class='ocrx_word' id='word_1_235' title='bbox 251 2481 333 2503; x_wconf 88' lang='lat' dir='ltr'>sane</span> <span class='ocrx_word' id='word_1_236' title='bbox 352 2468 596 2513; x_wconf 86' lang='lat' dir='ltr'>probabiliter;</span> <span class='ocrx_word' id='word_1_237' title='bbox 621 2468 681 2502; x_wconf 89' lang='lat' dir='ltr'>sed</span> <span class='ocrx_word' id='word_1_238' title='bbox 701 2480 775 2503; x_wconf 90' lang='lat' dir='ltr'>eam</span> 
     </span>
     <span class='ocr_line' id='line_1_51' title="bbox 111 2513 776 2559; baseline -0.003 -9"><span class='ocrx_word' id='word_1_239' title='bbox 111 2516 155 2550; x_wconf 91' lang='lat' dir='ltr'>ob</span> <span class='ocrx_word' id='word_1_240' title='bbox 190 2526 366 2557; x_wconf 86' lang='lat' dir='ltr'>caussam,</span> <span class='ocrx_word' id='word_1_241' title='bbox 397 2514 488 2559; x_wconf 89' lang='lat' dir='ltr'>quod</span> <span class='ocrx_word' id='word_1_242' title='bbox 521 2513 647 2558; x_wconf 90' lang='lat' dir='ltr'>capitis</span> <span class='ocrx_word' id='word_1_243' title='bbox 675 2514 776 2548; x_wconf 88' lang='lat' dir='ltr'>incli-</span> 
     </span>
     <span class='ocr_line' id='line_1_52' title="bbox 111 2559 776 2604; baseline -0.006 -8"><span class='ocrx_word' id='word_1_244' title='bbox 111 2561 208 2596; x_wconf 84' lang='lat' dir='ltr'>natio</span> <span class='ocrx_word' id='word_1_245' title='bbox 238 2560 274 2595; x_wconf 86' lang='lat' dir='ltr'>in</span> <span class='ocrx_word' id='word_1_246' title='bbox 318 2561 420 2595; x_wconf 90' lang='lat' dir='ltr'>iunco</span> <span class='ocrx_word' id='word_1_247' title='bbox 458 2560 594 2594; x_wconf 89' lang='lat' dir='ltr'>minime</span> <span class='ocrx_word' id='word_1_248' title='bbox 634 2559 776 2604; x_wconf 84' lang='lat' dir='ltr'>insignis</span> 
     </span>
     <span class='ocr_line' id='line_1_53' title="bbox 111 2605 775 2650; baseline 0 -9"><span class='ocrx_word' id='word_1_249' title='bbox 111 2618 175 2641; x_wconf 87' lang='lat' dir='ltr'>nec</span> <span class='ocrx_word' id='word_1_250' title='bbox 205 2607 284 2642; x_wconf 86' lang='lat' dir='ltr'>talis</span> <span class='ocrx_word' id='word_1_251' title='bbox 319 2611 392 2650; x_wconf 89' lang='lat' dir='ltr'>est,</span> <span class='ocrx_word' id='word_1_252' title='bbox 440 2610 480 2640; x_wconf 90' lang='lat' dir='ltr'>ut</span> <span class='ocrx_word' id='word_1_253' title='bbox 510 2605 588 2639; x_wconf 87' lang='lat' dir='ltr'>ideo</span> <span class='ocrx_word' id='word_1_254' title='bbox 629 2605 775 2641; x_wconf 85' lang='lat' dir='ltr'>animum</span> 
     </span>
     <span class='ocr_line' id='line_1_54' title="bbox 110 2651 774 2688; baseline 0 -1"><span class='ocrx_word' id='word_1_255' title='bbox 110 2653 291 2688; x_wconf 87' lang='lat' dir='ltr'>demissum</span> <span class='ocrx_word' id='word_1_256' title='bbox 315 2653 444 2687; x_wconf 88' lang='lat' dir='ltr'>habens</span> <span class='ocrx_word' id='word_1_257' title='bbox 475 2651 512 2686; x_wconf 82' lang='lat' dir='ltr'>in</span> <span class='ocrx_word' id='word_1_258' title='bbox 540 2654 677 2687; x_wconf 88' lang='lat' dir='ltr'>iuncum</span> <span class='ocrx_word' id='word_1_259' title='bbox 699 2665 774 2687; x_wconf 88' lang='lat' dir='ltr'>mu-</span> 
     </span>
     <span class='ocr_line' id='line_1_55' title="bbox 111 2699 774 2755; baseline 0 -22"><span class='ocrx_word' id='word_1_260' title='bbox 111 2701 204 2734; x_wconf 81' lang='lat' dir='ltr'>tatus</span> <span class='ocrx_word' id='word_1_261' title='bbox 237 2699 306 2734; x_wconf 88' lang='lat' dir='ltr'>dici</span> <span class='ocrx_word' id='word_1_262' title='bbox 339 2699 455 2744; x_wconf 86' lang='lat' dir='ltr'>possit.</span> <span class='ocrx_word' id='word_1_263' title='bbox 495 2699 618 2755; x_wconf 59' lang='lat' dir='ltr'>,Atque</span> <span class='ocrx_word' id='word_1_264' title='bbox 640 2700 774 2734; x_wconf 89' lang='lat' dir='ltr'>omnino</span> 
     </span>
     <span class='ocr_line' id='line_1_56' title="bbox 111 2741 773 2792; baseline 0 -12"><span class='ocrx_word' id='word_1_265' title='bbox 111 2743 256 2790; x_wconf 77' lang='grc' dir='ltr'><em>θρύον,</em></span> <span class='ocrx_word' id='word_1_266' title='bbox 297 2745 454 2792; x_wconf 81' lang='lat' dir='ltr'>quamvis</span> <span class='ocrx_word' id='word_1_267' title='bbox 488 2741 626 2788; x_wconf 74' lang='grc' dir='ltr'><em>ἄγονον</em></span> <span class='ocrx_word' id='word_1_268' title='bbox 660 2749 698 2781; x_wconf 86' lang='lat' dir='ltr'>et</span> <span class='ocrx_word' id='word_1_269' title='bbox 730 2743 773 2780; x_wconf 69' lang='grc' dir='ltr'>ἄ-</span> 
     </span>
    </p>
   </div>
   <div class='ocr_carea' id='block_1_5' title="bbox 828 437 1513 2790">
    <p class='ocr_par' dir='ltr' id='par_1_5' title="bbox 828 437 1513 2790">
     <span class='ocr_line' id='line_1_57' title="bbox 845 437 1513 492; baseline -0.002 -20"><span class='ocrx_word' id='word_1_270' title='bbox 845 450 973 482; x_wconf 85' lang='grc' dir='ltr'><em>γριον,</em></span> <span class='ocrx_word' id='word_1_271' title='bbox 999 449 1108 492; x_wconf 81' lang='lat' dir='ltr'>quum</span> <span class='ocrx_word' id='word_1_272' title='bbox 1132 448 1244 483; x_wconf 91' lang='lat' dir='ltr'>neque</span> <span class='ocrx_word' id='word_1_273' title='bbox 1266 437 1358 471; x_wconf 90' lang='lat' dir='ltr'>humi</span> <span class='ocrx_word' id='word_1_274' title='bbox 1373 441 1513 491; x_wconf 88' lang='lat' dir='ltr'>serpat,</span> 
     </span>
     <span class='ocr_line' id='line_1_58' title="bbox 844 483 1512 530; baseline -0.003 -12"><span class='ocrx_word' id='word_1_275' title='bbox 844 497 954 530; x_wconf 88' lang='lat' dir='ltr'>neque</span> <span class='ocrx_word' id='word_1_276' title='bbox 978 484 1104 528; x_wconf 85' lang='lat' dir='ltr'>rigoris</span> <span class='ocrx_word' id='word_1_277' title='bbox 1129 489 1188 517; x_wconf 90' lang='lat' dir='ltr'>aut</span> <span class='ocrx_word' id='word_1_278' title='bbox 1202 483 1399 529; x_wconf 84' lang='lat' dir='ltr'>asperitatis</span> <span class='ocrx_word' id='word_1_279' title='bbox 1418 484 1512 529; x_wconf 91' lang='lat' dir='ltr'>quic-</span> 
     </span>
     <span class='ocr_line' id='line_1_59' title="bbox 844 530 1510 576; baseline -0.002 -12"><span class='ocrx_word' id='word_1_280' title='bbox 844 542 947 576; x_wconf 89' lang='lat' dir='ltr'>quam</span> <span class='ocrx_word' id='word_1_281' title='bbox 978 531 1014 564; x_wconf 93' lang='lat' dir='ltr'>in</span> <span class='ocrx_word' id='word_1_282' title='bbox 1049 542 1087 564; x_wconf 92' lang='lat' dir='ltr'>se</span> <span class='ocrx_word' id='word_1_283' title='bbox 1112 530 1258 570; x_wconf 87' lang='lat' dir='ltr'>habeat,</span> <span class='ocrx_word' id='word_1_284' title='bbox 1307 541 1373 563; x_wconf 90' lang='lat' dir='ltr'>non</span> <span class='ocrx_word' id='word_1_285' title='bbox 1409 530 1510 564; x_wconf 81' lang='lat' dir='ltr'>facile</span> 
     </span>
     <span class='ocr_line' id='line_1_60' title="bbox 844 575 1511 611; baseline -0.003 0"><span class='ocrx_word' id='word_1_286' title='bbox 844 578 950 611; x_wconf 88' lang='lat' dir='ltr'>verbo</span> <span class='ocrx_word' id='word_1_287' title='bbox 977 577 1020 609; x_wconf 89' lang='lat' dir='ltr'>ad</span> <span class='ocrx_word' id='word_1_288' title='bbox 1044 576 1198 610; x_wconf 90' lang='lat' dir='ltr'>humilem</span> <span class='ocrx_word' id='word_1_289' title='bbox 1224 579 1285 609; x_wconf 92' lang='lat' dir='ltr'>aut</span> <span class='ocrx_word' id='word_1_290' title='bbox 1316 575 1511 609; x_wconf 87' lang='lat' dir='ltr'>insensilem</span> 
     </span>
     <span class='ocr_line' id='line_1_61' title="bbox 845 621 1511 666; baseline 0 -10"><span class='ocrx_word' id='word_1_291' title='bbox 845 623 990 656; x_wconf 88' lang='lat' dir='ltr'>animum</span> <span class='ocrx_word' id='word_1_292' title='bbox 1014 622 1198 656; x_wconf 84' lang='lat' dir='ltr'>notandum</span> <span class='ocrx_word' id='word_1_293' title='bbox 1232 621 1373 662; x_wconf 87' lang='lat' dir='ltr'>idoneo,</span> <span class='ocrx_word' id='word_1_294' title='bbox 1410 622 1511 666; x_wconf 91' lang='lat' dir='ltr'>quale</span> 
     </span>
     <span class='ocr_line' id='line_1_62' title="bbox 845 668 1510 715; baseline 0 -13"><span class='ocrx_word' id='word_1_295' title='bbox 845 669 902 702; x_wconf 91' lang='lat' dir='ltr'>hic</span> <span class='ocrx_word' id='word_1_296' title='bbox 924 668 1133 715; x_wconf 88' lang='lat' dir='ltr'>requiritur,</span> <span class='ocrx_word' id='word_1_297' title='bbox 1156 668 1321 713; x_wconf 86' lang='lat' dir='ltr'>originem</span> <span class='ocrx_word' id='word_1_298' title='bbox 1345 668 1428 702; x_wconf 90' lang='lat' dir='ltr'>dare</span> <span class='ocrx_word' id='word_1_299' title='bbox 1447 679 1510 712; x_wconf 92' lang='lat' dir='ltr'>po-</span> 
     </span>
     <span class='ocr_line' id='line_1_63' title="bbox 845 714 1512 756; baseline -0.001 -8"><span class='ocrx_word' id='word_1_300' title='bbox 845 715 925 749; x_wconf 89' lang='lat' dir='ltr'>tuit.</span> <span class='ocrx_word' id='word_1_301' title='bbox 994 715 1182 748; x_wconf 89' lang='lat' dir='ltr'>Praeterea</span> <span class='ocrx_word' id='word_1_302' title='bbox 1228 714 1329 748; x_wconf 88' lang='lat' dir='ltr'>valde</span> <span class='ocrx_word' id='word_1_303' title='bbox 1378 714 1512 756; x_wconf 85' lang='lat' dir='ltr'>mirum,</span> 
     </span>
     <span class='ocr_line' id='line_1_64' title="bbox 844 757 1509 816; baseline -0.002 -22"><span class='ocrx_word' id='word_1_304' title='bbox 844 762 956 816; x_wconf 90' lang='lat' dir='ltr'>quod,</span> <span class='ocrx_word' id='word_1_305' title='bbox 991 761 1021 794; x_wconf 90' lang='lat' dir='ltr'>si</span> <span class='ocrx_word' id='word_1_306' title='bbox 1045 760 1142 794; x_wconf 91' lang='lat' dir='ltr'>Plato</span> <span class='ocrx_word' id='word_1_307' title='bbox 1166 760 1244 794; x_wconf 91' lang='lat' dir='ltr'>illos</span> <span class='ocrx_word' id='word_1_308' title='bbox 1269 757 1509 804; x_wconf 81' lang='grc' dir='ltr'><em>οἷποτεθρυω-</em></span> 
     </span>
     <span class='ocr_line' id='line_1_65' title="bbox 842 806 1510 851; baseline -0.003 -10"><span class='ocrx_word' id='word_1_309' title='bbox 842 806 978 851; x_wconf 84' lang='grc' dir='ltr'><em>μένους</em></span> <span class='ocrx_word' id='word_1_310' title='bbox 1028 806 1187 847; x_wconf 84' lang='lat' dir='ltr'>dixerat,</span> <span class='ocrx_word' id='word_1_311' title='bbox 1236 818 1333 840; x_wconf 91' lang='lat' dir='ltr'>nemo</span> <span class='ocrx_word' id='word_1_312' title='bbox 1381 817 1510 847; x_wconf 81' lang='lat' dir='ltr'>eorum,</span> 
     </span>
     <span class='ocr_line' id='line_1_66' title="bbox 843 851 1510 899; baseline -0.003 -12"><span class='ocrx_word' id='word_1_313' title='bbox 843 855 902 899; x_wconf 92' lang='lat' dir='ltr'>qui</span> <span class='ocrx_word' id='word_1_314' title='bbox 940 853 1056 887; x_wconf 82' lang='lat' dir='ltr'>verbis</span> <span class='ocrx_word' id='word_1_315' title='bbox 1099 851 1283 886; x_wconf 90' lang='lat' dir='ltr'>Platonicis</span> <span class='ocrx_word' id='word_1_316' title='bbox 1328 863 1432 896; x_wconf 86' lang='lat' dir='ltr'>saepe</span> <span class='ocrx_word' id='word_1_317' title='bbox 1474 857 1510 886; x_wconf 88' lang='lat' dir='ltr'>et</span> 
     </span>
     <span class='ocr_line' id='line_1_67' title="bbox 842 897 1510 940; baseline -0.003 -6"><span class='ocrx_word' id='word_1_318' title='bbox 842 900 982 934; x_wconf 90' lang='lat' dir='ltr'>multum</span> <span class='ocrx_word' id='word_1_319' title='bbox 1015 902 1177 940; x_wconf 86' lang='lat' dir='ltr'>utuntur,</span> <span class='ocrx_word' id='word_1_320' title='bbox 1218 903 1257 931; x_wconf 91' lang='lat' dir='ltr'>ut</span> <span class='ocrx_word' id='word_1_321' title='bbox 1300 897 1510 932; x_wconf 87' lang='lat' dir='ltr'>Themistius</span> 
     </span>
     <span class='ocr_line' id='line_1_68' title="bbox 842 944 1509 1001; baseline -0.003 -22"><span class='ocrx_word' id='word_1_322' title='bbox 842 951 878 979; x_wconf 92' lang='lat' dir='ltr'>et</span> <span class='ocrx_word' id='word_1_323' title='bbox 917 945 1059 1001; x_wconf 86' lang='lat' dir='ltr'>reliqui,</span> <span class='ocrx_word' id='word_1_324' title='bbox 1106 946 1171 978; x_wconf 92' lang='lat' dir='ltr'>hoc</span> <span class='ocrx_word' id='word_1_325' title='bbox 1202 944 1284 978; x_wconf 89' lang='lat' dir='ltr'>item</span> <span class='ocrx_word' id='word_1_326' title='bbox 1318 944 1509 999; x_wconf 87' lang='lat' dir='ltr'>usurpavit.</span> 
     </span>
     <span class='ocr_line' id='line_1_69' title="bbox 844 988 1509 1044; baseline -0.003 -18"><span class='ocrx_word' id='word_1_327' title='bbox 844 992 975 1026; x_wconf 87' lang='lat' dir='ltr'>Contra</span> <span class='ocrx_word' id='word_1_328' title='bbox 999 988 1330 1044; x_wconf 83' lang='grc' dir='ltr'><em>αποτεθρυμμένοι</em></span> <span class='ocrx_word' id='word_1_329' title='bbox 1349 1002 1418 1029; x_wconf 81' lang='grc' dir='ltr'><em>τας</em></span> <span class='ocrx_word' id='word_1_330' title='bbox 1437 995 1509 1033; x_wconf 85' lang='grc' dir='ltr'>ψυ-</span> 
     </span>
     <span class='ocr_line' id='line_1_70' title="bbox 840 1034 1511 1092; baseline -0.001 -21"><span class='ocrx_word' id='word_1_331' title='bbox 840 1037 909 1082; x_wconf 79' lang='grc' dir='ltr'>χὰς</span> <span class='ocrx_word' id='word_1_332' title='bbox 940 1037 1087 1092; x_wconf 82' lang='lat' dir='ltr'>propria</span> <span class='ocrx_word' id='word_1_333' title='bbox 1112 1036 1210 1071; x_wconf 86' lang='lat' dir='ltr'>verbi</span> <span class='ocrx_word' id='word_1_334' title='bbox 1251 1034 1437 1081; x_wconf 81' lang='grc' dir='ltr'><em>θρύπτειν</em></span> <span class='ocrx_word' id='word_1_335' title='bbox 1472 1041 1511 1070; x_wconf 87' lang='lat' dir='ltr'>et</span> 
     </span>
     <span class='ocr_line' id='line_1_71' title="bbox 840 1082 1509 1136; baseline -0.004 -17"><span class='ocrx_word' id='word_1_336' title='bbox 840 1083 1107 1130; x_wconf 87' lang='lat' dir='ltr'>praepositionis</span> <span class='ocrx_word' id='word_1_337' title='bbox 1143 1082 1394 1136; x_wconf 77' lang='lat' dir='ltr'>significatione</span> <span class='ocrx_word' id='word_1_338' title='bbox 1434 1093 1509 1116; x_wconf 89' lang='lat' dir='ltr'>ser-</span> 
     </span>
     <span class='ocr_line' id='line_1_72' title="bbox 841 1129 1509 1183; baseline -0.004 -18"><span class='ocrx_word' id='word_1_339' title='bbox 841 1135 922 1165; x_wconf 88' lang='lat' dir='ltr'>vata</span> <span class='ocrx_word' id='word_1_340' title='bbox 944 1131 1011 1164; x_wconf 91' lang='lat' dir='ltr'>dici</span> <span class='ocrx_word' id='word_1_341' title='bbox 1035 1134 1180 1183; x_wconf 90' lang='lat' dir='ltr'>possunt</span> <span class='ocrx_word' id='word_1_342' title='bbox 1203 1129 1247 1171; x_wconf 88' lang='lat' dir='ltr'>ii,</span> <span class='ocrx_word' id='word_1_343' title='bbox 1271 1140 1415 1174; x_wconf 87' lang='lat' dir='ltr'>quorum</span> <span class='ocrx_word' id='word_1_344' title='bbox 1433 1129 1509 1163; x_wconf 89' lang='lat' dir='ltr'>ani-</span> 
     </span>
     <span class='ocr_line' id='line_1_73' title="bbox 839 1174 1509 1222; baseline -0.001 -12"><span class='ocrx_word' id='word_1_345' title='bbox 839 1177 902 1211; x_wconf 86' lang='lat' dir='ltr'>mis</span> <span class='ocrx_word' id='word_1_346' title='bbox 927 1176 1025 1222; x_wconf 87' lang='lat' dir='ltr'>quasi</span> <span class='ocrx_word' id='word_1_347' title='bbox 1047 1174 1227 1210; x_wconf 85' lang='lat' dir='ltr'>arboribus</span> <span class='ocrx_word' id='word_1_348' title='bbox 1253 1175 1427 1209; x_wconf 86' lang='lat' dir='ltr'>cacumina</span> <span class='ocrx_word' id='word_1_349' title='bbox 1447 1174 1509 1209; x_wconf 90' lang='lat' dir='ltr'>de-</span> 
     </span>
     <span class='ocr_line' id='line_1_74' title="bbox 838 1221 1510 1257; baseline -0.004 0"><span class='ocrx_word' id='word_1_350' title='bbox 838 1224 952 1257; x_wconf 82' lang='lat' dir='ltr'>fracta</span> <span class='ocrx_word' id='word_1_351' title='bbox 976 1227 1012 1256; x_wconf 90' lang='lat' dir='ltr'>et</span> <span class='ocrx_word' id='word_1_352' title='bbox 1032 1222 1126 1255; x_wconf 71' lang='lat' dir='ltr'>w&#39;res</span> <span class='ocrx_word' id='word_1_353' title='bbox 1160 1222 1204 1256; x_wconf 89' lang='lat' dir='ltr'>ad</span> <span class='ocrx_word' id='word_1_354' title='bbox 1227 1221 1423 1255; x_wconf 88' lang='lat' dir='ltr'>enitendum</span> <span class='ocrx_word' id='word_1_355' title='bbox 1447 1233 1510 1255; x_wconf 82' lang='lat' dir='ltr'>ne-</span> 
     </span>
     <span class='ocr_line' id='line_1_75' title="bbox 841 1266 1509 1312; baseline -0.003 -10"><span class='ocrx_word' id='word_1_356' title='bbox 841 1268 1015 1303; x_wconf 90' lang='lat' dir='ltr'>cessariae</span> <span class='ocrx_word' id='word_1_357' title='bbox 1038 1267 1238 1301; x_wconf 86' lang='lat' dir='ltr'>debilitatae</span> <span class='ocrx_word' id='word_1_358' title='bbox 1261 1271 1361 1310; x_wconf 79' lang='lat' dir='ltr'>sunt3</span> <span class='ocrx_word' id='word_1_359' title='bbox 1404 1266 1509 1312; x_wconf 90' lang='lat' dir='ltr'>idque</span> 
     </span>
     <span class='ocr_line' id='line_1_76' title="bbox 839 1311 1507 1358; baseline -0.001 -10"><span class='ocrx_word' id='word_1_360' title='bbox 839 1315 952 1358; x_wconf 90' lang='lat' dir='ltr'>alteri,</span> <span class='ocrx_word' id='word_1_361' title='bbox 978 1311 1294 1358; x_wconf 80' lang='grc' dir='ltr'><em>συγκεκλασμένοι,</em></span> <span class='ocrx_word' id='word_1_362' title='bbox 1309 1313 1416 1347; x_wconf 88' lang='lat' dir='ltr'>multo</span> <span class='ocrx_word' id='word_1_363' title='bbox 1435 1325 1507 1347; x_wconf 89' lang='lat' dir='ltr'>ma-</span> 
     </span>
     <span class='ocr_line' id='line_1_77' title="bbox 838 1359 1507 1406; baseline -0.003 -11"><span class='ocrx_word' id='word_1_364' title='bbox 838 1361 892 1405; x_wconf 86' lang='lat' dir='ltr'>gis</span> <span class='ocrx_word' id='word_1_365' title='bbox 916 1361 1096 1395; x_wconf 87' lang='lat' dir='ltr'>convenire</span> <span class='ocrx_word' id='word_1_366' title='bbox 1130 1360 1250 1406; x_wconf 88' lang='lat' dir='ltr'>liquet.</span> <span class='ocrx_word' id='word_1_367' title='bbox 1299 1360 1374 1394; x_wconf 92' lang='lat' dir='ltr'>Has</span> <span class='ocrx_word' id='word_1_368' title='bbox 1398 1359 1507 1403; x_wconf 80' lang='lat' dir='ltr'>igitur</span> 
     </span>
     <span class='ocr_line' id='line_1_78' title="bbox 838 1388 1508 1449; baseline -0.004 -8"><span class='ocrx_word' id='word_1_369' title='bbox 838 1408 881 1442; x_wconf 90' lang='lat' dir='ltr'>ob</span> <span class='ocrx_word' id='word_1_370' title='bbox 906 1418 1046 1441; x_wconf 87' lang='lat' dir='ltr'>caussas</span> <span class='ocrx_word' id='word_1_371' title='bbox 1079 1388 1433 1449; x_wconf 64' lang='grc' dir='ltr'>ἀποτεθρυμμένοιβ</span> <span class='ocrx_word' id='word_1_372' title='bbox 1432 1416 1508 1440; x_wconf 85' lang='lat' dir='ltr'>ser-</span> 
     </span>
     <span class='ocr_line' id='line_1_79' title="bbox 838 1451 1505 1506; baseline -0.004 -19"><span class='ocrx_word' id='word_1_373' title='bbox 838 1454 983 1487; x_wconf 87' lang='lat' dir='ltr'>vandum</span> <span class='ocrx_word' id='word_1_374' title='bbox 1009 1452 1138 1506; x_wconf 80' lang='lat' dir='ltr'>putavi.</span> <span class='ocrx_word' id='word_1_375' title='bbox 1186 1453 1278 1486; x_wconf 91' lang='lat' dir='ltr'>Idem</span> <span class='ocrx_word' id='word_1_376' title='bbox 1303 1452 1421 1494; x_wconf 83' lang='lat' dir='ltr'>Astio,</span> <span class='ocrx_word' id='word_1_377' title='bbox 1445 1451 1505 1497; x_wconf 90' lang='lat' dir='ltr'>qui</span> 
     </span>
     <span class='ocr_line' id='line_1_80' title="bbox 837 1498 1508 1544; baseline -0.004 -11"><span class='ocrx_word' id='word_1_378' title='bbox 837 1499 871 1533; x_wconf 90' lang='lat' dir='ltr'>in</span> <span class='ocrx_word' id='word_1_379' title='bbox 894 1511 948 1544; x_wconf 85' lang='lat' dir='ltr'>pr.</span> <span class='ocrx_word' id='word_1_380' title='bbox 966 1499 1019 1533; x_wconf 90' lang='lat' dir='ltr'>ed.</span> <span class='ocrx_word' id='word_1_381' title='bbox 1044 1499 1181 1534; x_wconf 83' lang='lat' dir='ltr'>Timaei</span> <span class='ocrx_word' id='word_1_382' title='bbox 1204 1498 1384 1532; x_wconf 87' lang='lat' dir='ltr'>lectionem</span> <span class='ocrx_word' id='word_1_383' title='bbox 1408 1509 1508 1531; x_wconf 87' lang='lat' dir='ltr'>rece-</span> 
     </span>
     <span class='ocr_line' id='line_1_81' title="bbox 837 1543 1507 1599; baseline -0.005 -19"><span class='ocrx_word' id='word_1_384' title='bbox 837 1549 960 1592; x_wconf 89' lang='lat' dir='ltr'>perat,</span> <span class='ocrx_word' id='word_1_385' title='bbox 1004 1546 1039 1579; x_wconf 89' lang='lat' dir='ltr'>in</span> <span class='ocrx_word' id='word_1_386' title='bbox 1072 1557 1140 1579; x_wconf 89' lang='lat' dir='ltr'>sec.</span> <span class='ocrx_word' id='word_1_387' title='bbox 1174 1550 1210 1578; x_wconf 91' lang='lat' dir='ltr'>et</span> <span class='ocrx_word' id='word_1_388' title='bbox 1240 1548 1322 1578; x_wconf 87' lang='lat' dir='ltr'>tert.</span> <span class='ocrx_word' id='word_1_389' title='bbox 1357 1543 1507 1599; x_wconf 88' lang='lat' dir='ltr'>placuit,</span> 
     </span>
     <span class='ocr_line' id='line_1_82' title="bbox 837 1587 1507 1646; baseline -0.006 -20"><span class='ocrx_word' id='word_1_390' title='bbox 837 1592 899 1627; x_wconf 88' lang='lat' dir='ltr'>sed</span> <span class='ocrx_word' id='word_1_391' title='bbox 933 1591 1023 1646; x_wconf 67' lang='lat' dir='ltr'>quod</span> <span class='ocrx_word' id='word_1_392' title='bbox 1054 1591 1090 1625; x_wconf 90' lang='lat' dir='ltr'>in</span> <span class='ocrx_word' id='word_1_393' title='bbox 1119 1602 1238 1625; x_wconf 89' lang='lat' dir='ltr'>comm.</span> <span class='ocrx_word' id='word_1_394' title='bbox 1275 1590 1324 1624; x_wconf 86' lang='lat' dir='ltr'>ait</span> <span class='ocrx_word' id='word_1_395' title='bbox 1357 1587 1435 1625; x_wconf 80' lang='grc' dir='ltr'><em>απὸ</em></span> <span class='ocrx_word' id='word_1_396' title='bbox 1470 1589 1507 1623; x_wconf 89' lang='lat' dir='ltr'>in</span> 
     </span>
     <span class='ocr_line' id='line_1_83' title="bbox 838 1636 1507 1682; baseline -0.004 -10"><span class='ocrx_word' id='word_1_397' title='bbox 838 1637 1082 1682; x_wconf 87' lang='lat' dir='ltr'>compositione</span> <span class='ocrx_word' id='word_1_398' title='bbox 1121 1636 1319 1682; x_wconf 85' lang='lat' dir='ltr'>significare</span> <span class='ocrx_word' id='word_1_399' title='bbox 1351 1636 1400 1670; x_wconf 90' lang='lat' dir='ltr'>rei</span> <span class='ocrx_word' id='word_1_400' title='bbox 1425 1646 1507 1681; x_wconf 89' lang='lat' dir='ltr'>per-</span> 
     </span>
     <span class='ocr_line' id='line_1_84' title="bbox 837 1682 1507 1724; baseline -0.004 -6"><span class='ocrx_word' id='word_1_401' title='bbox 837 1684 1019 1718; x_wconf 84' lang='lat' dir='ltr'>sectionem</span> <span class='ocrx_word' id='word_1_402' title='bbox 1043 1683 1097 1717; x_wconf 87' lang='lat' dir='ltr'>vel</span> <span class='ocrx_word' id='word_1_403' title='bbox 1120 1683 1387 1724; x_wconf 75' lang='lat' dir='ltr'>confectionem,</span> <span class='ocrx_word' id='word_1_404' title='bbox 1410 1682 1507 1716; x_wconf 91' lang='lat' dir='ltr'>ideo-</span> 
     </span>
     <span class='ocr_line' id='line_1_85' title="bbox 838 1727 1504 1776; baseline -0.006 -12"><span class='ocrx_word' id='word_1_405' title='bbox 838 1742 907 1776; x_wconf 90' lang='lat' dir='ltr'>que</span> <span class='ocrx_word' id='word_1_406' title='bbox 931 1727 1292 1773; x_wconf 77' lang='grc' dir='ltr'><em>αποτεθρνμμένους</em></span> <span class='ocrx_word' id='word_1_407' title='bbox 1311 1739 1387 1762; x_wconf 85' lang='lat' dir='ltr'>esse</span> <span class='ocrx_word' id='word_1_408' title='bbox 1403 1739 1504 1773; x_wconf 92' lang='lat' dir='ltr'>pror-</span> 
     </span>
     <span class='ocr_line' id='line_1_86' title="bbox 836 1776 1503 1822; baseline -0.006 -11"><span class='ocrx_word' id='word_1_409' title='bbox 836 1788 895 1811; x_wconf 88' lang='lat' dir='ltr'>sus</span> <span class='ocrx_word' id='word_1_410' title='bbox 923 1788 984 1811; x_wconf 78' lang='lat' dir='ltr'>seu</span> <span class='ocrx_word' id='word_1_411' title='bbox 1007 1776 1144 1822; x_wconf 85' lang='lat' dir='ltr'>penitus</span> <span class='ocrx_word' id='word_1_412' title='bbox 1177 1776 1306 1809; x_wconf 86' lang='lat' dir='ltr'>fractos</span> <span class='ocrx_word' id='word_1_413' title='bbox 1337 1785 1398 1809; x_wconf 87' lang='lat' dir='ltr'>seu</span> <span class='ocrx_word' id='word_1_414' title='bbox 1423 1785 1503 1808; x_wconf 91' lang='lat' dir='ltr'>con-</span> 
     </span>
     <span class='ocr_line' id='line_1_87' title="bbox 836 1819 1503 1867; baseline -0.003 -11"><span class='ocrx_word' id='word_1_415' title='bbox 836 1824 966 1857; x_wconf 82' lang='lat' dir='ltr'>fractos</span> <span class='ocrx_word' id='word_1_416' title='bbox 985 1848 995 1864; x_wconf 87' lang='lat'>,</span> <span class='ocrx_word' id='word_1_417' title='bbox 1043 1821 1324 1867; x_wconf 87' lang='lat' dir='ltr'>quemadmodum</span> <span class='ocrx_word' id='word_1_418' title='bbox 1362 1819 1503 1854; x_wconf 85' lang='lat' dir='ltr'>Ficinus</span> 
     </span>
     <span class='ocr_line' id='line_1_88' title="bbox 835 1866 1503 1922; baseline -0.004 -20"><span class='ocrx_word' id='word_1_419' title='bbox 835 1868 1081 1922; x_wconf 85' lang='lat' dir='ltr'>interpretatus</span> <span class='ocrx_word' id='word_1_420' title='bbox 1105 1868 1172 1910; x_wconf 82' lang='lat' dir='ltr'>sit,</span> <span class='ocrx_word' id='word_1_421' title='bbox 1198 1879 1265 1901; x_wconf 90' lang='lat' dir='ltr'>non</span> <span class='ocrx_word' id='word_1_422' title='bbox 1289 1866 1503 1901; x_wconf 89' lang='lat' dir='ltr'>animadver-</span> 
     </span>
     <span class='ocr_line' id='line_1_89' title="bbox 836 1912 1502 1959; baseline -0.006 -10"><span class='ocrx_word' id='word_1_423' title='bbox 836 1914 880 1949; x_wconf 86' lang='lat' dir='ltr'>tit</span> <span class='ocrx_word' id='word_1_424' title='bbox 904 1916 948 1949; x_wconf 89' lang='lat' dir='ltr'>ad</span> <span class='ocrx_word' id='word_1_425' title='bbox 973 1926 1015 1948; x_wconf 92' lang='lat' dir='ltr'>ea</span> <span class='ocrx_word' id='word_1_426' title='bbox 1039 1915 1165 1956; x_wconf 84' lang='lat' dir='ltr'>verba,</span> <span class='ocrx_word' id='word_1_427' title='bbox 1189 1925 1278 1958; x_wconf 88' lang='lat' dir='ltr'>quae</span> <span class='ocrx_word' id='word_1_428' title='bbox 1295 1912 1502 1959; x_wconf 87' lang='lat' dir='ltr'>primitivam</span> 
     </span>
     <span class='ocr_line' id='line_1_90' title="bbox 835 1958 1503 2006; baseline -0.004 -11"><span class='ocrx_word' id='word_1_429' title='bbox 835 1961 1096 2006; x_wconf 89' lang='lat' dir='ltr'>praepositionis</span> <span class='ocrx_word' id='word_1_430' title='bbox 1129 1960 1410 2004; x_wconf 85' lang='lat' dir='ltr'>significationem</span> <span class='ocrx_word' id='word_1_431' title='bbox 1441 1958 1503 1992; x_wconf 91' lang='lat' dir='ltr'>ad-</span> 
     </span>
     <span class='ocr_line' id='line_1_91' title="bbox 835 2004 1503 2049; baseline -0.004 -8"><span class='ocrx_word' id='word_1_432' title='bbox 835 2007 982 2049; x_wconf 87' lang='lat' dir='ltr'>mittant,</span> <span class='ocrx_word' id='word_1_433' title='bbox 1007 2006 1208 2040; x_wconf 85' lang='lat' dir='ltr'>translatam</span> <span class='ocrx_word' id='word_1_434' title='bbox 1230 2006 1323 2040; x_wconf 91' lang='lat' dir='ltr'>illam</span> <span class='ocrx_word' id='word_1_435' title='bbox 1348 2004 1503 2039; x_wconf 89' lang='lat' dir='ltr'>adhiberi</span> 
     </span>
     <span class='ocr_line' id='line_1_92' title="bbox 834 2049 1502 2107; baseline -0.005 -20"><span class='ocrx_word' id='word_1_436' title='bbox 834 2065 902 2087; x_wconf 91' lang='lat' dir='ltr'>non</span> <span class='ocrx_word' id='word_1_437' title='bbox 924 2065 1045 2107; x_wconf 81' lang='lat' dir='ltr'>posse,</span> <span class='ocrx_word' id='word_1_438' title='bbox 1075 2049 1261 2097; x_wconf 83' lang='grc' dir='ltr'><em>θρύπτειν</em></span> <span class='ocrx_word' id='word_1_439' title='bbox 1284 2055 1398 2086; x_wconf 89' lang='lat' dir='ltr'>autem</span> <span class='ocrx_word' id='word_1_440' title='bbox 1421 2051 1454 2085; x_wconf 91' lang='lat' dir='ltr'>h.</span> <span class='ocrx_word' id='word_1_441' title='bbox 1480 2051 1502 2084; x_wconf 93' lang='lat' dir='ltr'>l.</span> 
     </span>
     <span class='ocr_line' id='line_1_93' title="bbox 833 2097 1503 2143; baseline -0.003 -10"><span class='ocrx_word' id='word_1_442' title='bbox 833 2111 901 2134; x_wconf 91' lang='lat' dir='ltr'>non</span> <span class='ocrx_word' id='word_1_443' title='bbox 932 2099 983 2133; x_wconf 91' lang='lat' dir='ltr'>ita</span> <span class='ocrx_word' id='word_1_444' title='bbox 1017 2099 1102 2140; x_wconf 91' lang='lat' dir='ltr'>dici,</span> <span class='ocrx_word' id='word_1_445' title='bbox 1135 2102 1175 2131; x_wconf 93' lang='lat' dir='ltr'>ut</span> <span class='ocrx_word' id='word_1_446' title='bbox 1199 2097 1310 2131; x_wconf 87' lang='lat' dir='ltr'>Latini</span> <span class='ocrx_word' id='word_1_447' title='bbox 1327 2099 1503 2143; x_wconf 82' lang='lat' dir='ltr'>frangere</span> 
     </span>
     <span class='ocr_line' id='line_1_94' title="bbox 833 2125 1502 2190; baseline -0.006 -10"><span class='ocrx_word' id='word_1_448' title='bbox 833 2145 1067 2190; x_wconf 84' lang='lat' dir='ltr'>metaphorice</span> <span class='ocrx_word' id='word_1_449' title='bbox 1088 2125 1249 2179; x_wconf 81' lang='lat' dir='ltr'>dicebant</span> <span class='ocrx_word' id='word_1_450' title='bbox 1281 2144 1377 2189; x_wconf 92' lang='lat' dir='ltr'>(quo</span> <span class='ocrx_word' id='word_1_451' title='bbox 1400 2153 1502 2177; x_wconf 87' lang='lat' dir='ltr'>sensu</span> 
     </span>
     <span class='ocr_line' id='line_1_95' title="bbox 833 2189 1500 2236; baseline -0.005 -11"><span class='ocrx_word' id='word_1_452' title='bbox 833 2192 1031 2236; x_wconf 87' lang='lat' dir='ltr'>Stephanus</span> <span class='ocrx_word' id='word_1_453' title='bbox 1073 2191 1111 2225; x_wconf 90' lang='lat' dir='ltr'>in</span> <span class='ocrx_word' id='word_1_454' title='bbox 1147 2190 1312 2224; x_wconf 89' lang='lat' dir='ltr'>thesauro</span> <span class='ocrx_word' id='word_1_455' title='bbox 1347 2190 1447 2223; x_wconf 88' lang='lat' dir='ltr'>Tom.</span> <span class='ocrx_word' id='word_1_456' title='bbox 1471 2189 1500 2223; x_wconf 94' lang='lat' dir='ltr'>I.</span> 
     </span>
     <span class='ocr_line' id='line_1_96' title="bbox 833 2235 1501 2294; baseline -0.007 -20"><span class='ocrx_word' id='word_1_457' title='bbox 833 2250 867 2294; x_wconf 89' lang='lat' dir='ltr'>p.</span> <span class='ocrx_word' id='word_1_458' title='bbox 881 2237 983 2273; x_wconf 86' lang='grc'>1594.</span> <span class='ocrx_word' id='word_1_459' title='bbox 1003 2238 1044 2271; x_wconf 85' lang='grc' dir='ltr'>Α.</span> <span class='ocrx_word' id='word_1_460' title='bbox 1068 2237 1158 2271; x_wconf 91' lang='lat' dir='ltr'>hunc</span> <span class='ocrx_word' id='word_1_461' title='bbox 1181 2236 1291 2270; x_wconf 85' lang='lat' dir='ltr'>locum</span> <span class='ocrx_word' id='word_1_462' title='bbox 1312 2235 1501 2281; x_wconf 88' lang='lat' dir='ltr'>respiciens</span> 
     </span>
     <span class='ocr_line' id='line_1_97' title="bbox 835 2281 1500 2327; baseline -0.005 -9"><span class='ocrx_word' id='word_1_463' title='bbox 835 2281 1169 2327; x_wconf 87' lang='grc' dir='ltr'><em>αποτεθρυμμένον</em></span> <span class='ocrx_word' id='word_1_464' title='bbox 1178 2285 1340 2326; x_wconf 79' lang='lat' dir='ltr'>fractum</span> <span class='ocrx_word' id='word_1_465' title='bbox 1355 2282 1500 2324; x_wconf 78' lang='lat' dir='ltr'>deliciis,</span> 
     </span>
     <span class='ocr_line' id='line_1_98' title="bbox 832 2329 1500 2374; baseline -0.004 -10"><span class='ocrx_word' id='word_1_466' title='bbox 832 2332 913 2365; x_wconf 75' lang='lat' dir='ltr'>luxu</span> <span class='ocrx_word' id='word_1_467' title='bbox 933 2336 1149 2374; x_wconf 83' lang='lat' dir='ltr'>corruptum,</span> <span class='ocrx_word' id='word_1_468' title='bbox 1170 2330 1306 2363; x_wconf 82' lang='lat' dir='ltr'>mollem</span> <span class='ocrx_word' id='word_1_469' title='bbox 1322 2329 1500 2362; x_wconf 79' lang='lat' dir='ltr'>redditum</span> 
     </span>
     <span class='ocr_line' id='line_1_99' title="bbox 832 2374 1500 2418; baseline -0.006 -7"><span class='ocrx_word' id='word_1_470' title='bbox 832 2382 867 2411; x_wconf 89' lang='lat' dir='ltr'>et</span> <span class='ocrx_word' id='word_1_471' title='bbox 884 2377 1104 2418; x_wconf 82' lang='lat' dir='ltr'>imbecillem,</span> <span class='ocrx_word' id='word_1_472' title='bbox 1127 2376 1223 2409; x_wconf 82' lang='lat' dir='ltr'>velut</span> <span class='ocrx_word' id='word_1_473' title='bbox 1243 2376 1387 2417; x_wconf 76' lang='lat' dir='ltr'>fractas</span> <span class='ocrx_word' id='word_1_474' title='bbox 1411 2374 1500 2408; x_wconf 82' lang='lat' dir='ltr'>deli-</span> 
     </span>
     <span class='ocr_line' id='line_1_100' title="bbox 832 2420 1500 2475; baseline -0.007 -18"><span class='ocrx_word' id='word_1_475' title='bbox 832 2424 893 2457; x_wconf 83' lang='lat' dir='ltr'>ciis</span> <span class='ocrx_word' id='word_1_476' title='bbox 911 2424 1002 2457; x_wconf 83' lang='lat' dir='ltr'>vires</span> <span class='ocrx_word' id='word_1_477' title='bbox 1027 2423 1207 2456; x_wconf 85' lang='lat' dir='ltr'>habentem</span> <span class='ocrx_word' id='word_1_478' title='bbox 1230 2420 1500 2475; x_wconf 87' lang='lat' dir='ltr'>interpretatur)</span> 
     </span>
     <span class='ocr_line' id='line_1_101' title="bbox 832 2463 1500 2514; baseline -0.004 -12"><span class='ocrx_word' id='word_1_479' title='bbox 832 2469 924 2514; x_wconf 89' lang='lat' dir='ltr'>quod</span> <span class='ocrx_word' id='word_1_480' title='bbox 948 2470 991 2503; x_wconf 89' lang='lat' dir='ltr'>ab</span> <span class='ocrx_word' id='word_1_481' title='bbox 1025 2468 1206 2512; x_wconf 78' lang='lat' dir='ltr'>opificibus</span> <span class='ocrx_word' id='word_1_482' title='bbox 1229 2471 1266 2500; x_wconf 89' lang='lat' dir='ltr'>et</span> <span class='ocrx_word' id='word_1_483' title='bbox 1291 2463 1500 2512; x_wconf 84' lang='grc' dir='ltr'><em>βαναύσοις</em></span> 
     </span>
     <span class='ocr_line' id='line_1_102' title="bbox 830 2512 1498 2560; baseline -0.003 -12"><span class='ocrx_word' id='word_1_484' title='bbox 830 2526 971 2560; x_wconf 85' lang='lat' dir='ltr'>prorsus</span> <span class='ocrx_word' id='word_1_485' title='bbox 1005 2514 1151 2548; x_wconf 90' lang='lat' dir='ltr'>alienum</span> <span class='ocrx_word' id='word_1_486' title='bbox 1183 2516 1248 2546; x_wconf 88' lang='lat' dir='ltr'>est.</span> <span class='ocrx_word' id='word_1_487' title='bbox 1283 2531 1331 2538; x_wconf 93' lang='lat'>-—-</span> <span class='ocrx_word' id='word_1_488' title='bbox 1377 2512 1498 2546; x_wconf 84' lang='lat' dir='ltr'>Ficino</span> 
     </span>
     <span class='ocr_line' id='line_1_103' title="bbox 829 2556 1495 2604; baseline -0.005 -10"><span class='ocrx_word' id='word_1_489' title='bbox 829 2565 944 2594; x_wconf 85' lang='lat' dir='ltr'>utrum</span> <span class='ocrx_word' id='word_1_490' title='bbox 985 2556 1293 2604; x_wconf 83' lang='grc' dir='ltr'><em>συγκεκλασμένοι</em></span> <span class='ocrx_word' id='word_1_491' title='bbox 1324 2570 1368 2593; x_wconf 88' lang='lat' dir='ltr'>an</span> <span class='ocrx_word' id='word_1_492' title='bbox 1402 2569 1495 2592; x_wconf 87' lang='grc' dir='ltr'><em>απο-</em></span> 
     </span>
     <span class='ocr_line' id='line_1_104' title="bbox 828 2604 1497 2651; baseline -0.007 -10"><span class='ocrx_word' id='word_1_493' title='bbox 828 2605 1078 2651; x_wconf 83' lang='grc' dir='ltr'><em>τεθρυμμένοι</em></span> <span class='ocrx_word' id='word_1_494' title='bbox 1114 2606 1287 2649; x_wconf 80' lang='lat' dir='ltr'>confracti</span> <span class='ocrx_word' id='word_1_495' title='bbox 1320 2604 1384 2639; x_wconf 88' lang='lat' dir='ltr'>visi</span> <span class='ocrx_word' id='word_1_496' title='bbox 1417 2604 1497 2645; x_wconf 89' lang='lat' dir='ltr'>sint,</span> 
     </span>
     <span class='ocr_line' id='line_1_105' title="bbox 829 2651 1497 2698; baseline -0.001 -11"><span class='ocrx_word' id='word_1_497' title='bbox 829 2665 895 2687; x_wconf 91' lang='lat' dir='ltr'>non</span> <span class='ocrx_word' id='word_1_498' title='bbox 919 2658 1074 2687; x_wconf 86' lang='lat' dir='ltr'>constat:</span> <span class='ocrx_word' id='word_1_499' title='bbox 1098 2652 1204 2687; x_wconf 85' lang='lat' dir='ltr'>habet</span> <span class='ocrx_word' id='word_1_500' title='bbox 1221 2651 1374 2698; x_wconf 79' lang='lat' dir='ltr'>depressi</span> <span class='ocrx_word' id='word_1_501' title='bbox 1393 2655 1497 2696; x_wconf 69' lang='lat' dir='ltr'>atque</span> 
     </span>
     <span class='ocr_line' id='line_1_106' title="bbox 829 2701 1014 2743; baseline -0.011 -8"><span class='ocrx_word' id='word_1_502' title='bbox 829 2701 1014 2743; x_wconf 79' lang='lat' dir='ltr'>confracti.</span> 
     </span>
     <span class='ocr_line' id='line_1_107' title="bbox 875 2743 1240 2790; baseline -0.005 -9"><span class='ocrx_word' id='word_1_503' title='bbox 875 2743 970 2790; x_wconf 81' lang='grc' dir='ltr'>τὰς]</span> <span class='ocrx_word' id='word_1_504' title='bbox 992 2745 1060 2790; x_wconf 83' lang='grc' dir='ltr'>τῆς</span> <span class='ocrx_word' id='word_1_505' title='bbox 1083 2743 1176 2780; x_wconf 90' lang='grc' dir='ltr'><em>Μοιι.</em></span> <span class='ocrx_word' id='word_1_506' title='bbox 1199 2743 1240 2779; x_wconf 92' lang='grc' dir='ltr'>Β.</span> 
     </span>
    </p>
   </div>
  </div>
 </body>
</html>
