1807 3219
250 165 306 202 6⁰

710 158 1184 203 PLATONIS

248 268 378 327 ἐμόν,·
411 269 484 312 καὶ
514 269 611 324 περὶ
641 273 724 312 τοῦ
753 268 986 326 ἀλλοτρίου
1015 272 1126 316 nocto}
1155 270 1314 325 ταύτάς
1345 274 1522 329 Κομιδῇ
1550 272 1631 328 μὲν

249 333 346 381 οὖν.

402 336 474 379 Ἐν
511 333 626 394 ᾗτινι
664 338 719 393 δὴ
757 335 900 382 πόλει
930 345 1120 384 πλεῖστοι
1157 340 1227 382 ἐπὶ
1272 338 1321 382 τὸ
1370 337 1478 387 αὐτὸ
1520 342 1629 385 κατὰ

247 403 385 450 ταύτοέ
416 408 546 448 τοῦτο
576 406 751 460 λέγουσι
795 405 845 449 τὸ
874 406 998 463 ἐμὸν,
1028 409 1105 463 :procl
1138 403 1187 451 τὸ
1224 407 1307 451 οὐκ
1340 406 1466 462 ἐμὸν.

1519 407 1629 464 αὕτη

247 473 401 528 ἄριστα
430 475 681 523 &comestam
713 471 847 518 Πολύ,
873 491 933 530 γε.
964 476 1053 519 Καὶ
1082 476 1174 532 ἥτις
1205 474 1257 532 δὴ
1289 474 1501 531 ἐγγύτατα
1531 474 1630 526 ἑνὸς

246 539 492 596 ἀνθρώπου
521 541 629 598 ἔχεις
660 538 757 583 οἷον
781 540 887 586 ὅταν
915 558 1003 587 που
1030 543 1155 600 ἡμῶν
1184 542 1397 596 δάκτυλός
1420 561 1500 588 του
1523 549 1629 600 πλη-

244 614 327 668 γῇ,
367 613 486 654 πᾶσα
514 607 542 666 ἡ
571 610 802 663 κοινωνία,
844 608 872 668 ἦ
903 611 1014 656 κατὰ
1046 612 1096 657 τό
1130 617 1254 670 σῶμα
1286 612 1398 668 πρὸς
1436 613 1515 670 τὴν
1544 620 1629 666 ψυ-

245 762 279 802 §-
306 761 383 796 167.
408 759 462 795 ed.
488 759 612 795 Kiessl.
641 756 751 817 οἷρχὴ
780 760 910 804 τοίνυν

245 805 321 841 ἐστὶ
346 805 583 862 δικαιοσύνης
613 804 680 849 μὲν
712 805 755 841 τὸ
781 807 910 842 κοινὸν

244 851 309 887 καὶ
345 856 425 886 ισον
448 852 512 886 καὶ
545 850 589 886 τὸ
616 850 798 896 ἐγγυτάτω
825 851 911 893 ἐνὸς

245 896 414 941 σώματος
447 898 510 932 καὶ
546 899 634 941 μιᾶς
665 900 788 956 ψυχῆς
821 897 909 955 ὁμο-

245 946 386 1001 παθῇῐν
411 942 555 984 πάντας
578 944 641 978 καὶ
666 943 727 979 ἐπὶ
746 944 788 979 τὸ
811 943 906 980 αὐτὸ

245 989 288 1025 τὸ
318 989 408 1034 ἐμὸν
433 989 667 1047 φθέγγεσθαι
690 990 752 1025 και
776 990 818 1025 τὸ
848 990 909 1025 052-

245 1036 417 1081 λάτριον,
443 1033 565 1093 ω’σπερ
591 1035 637 1081 δὴ
664 1050 725 1071 και
750 1036 909 1071 Πλοῖτων

244 1082 381 1127 μαθών
413 1081 514 1124 παρὰ
541 1084 616 1117 τῶν
640 1084 910 1128 Πυθαγορείων

247 1132 506 1184 συμμαρτυρεῖ.

293 1173 435 1220 ταυτοὲ]
460 1175 581 1209 ταῦτα
605 1176 690 1210 Lob.
715 1175 816 1211 Vind.
833 1176 908 1211 BF.

247 1223 345 1256 Stob.

293 1267 439 1311 Κομιδῆ
463 1286 509 1292 -
532 1263 676 1312 ταυτὰ]
722 1281 785 1302 om.
821 1268 908 1303 Lob.

246 1314 348 1349 Vind.
373 1315 414 1348 B.
440 1313 532 1347 Mon.
556 1314 598 1347 B.
622 1314 700 1348 Par.
724 1314 800 1348 ΒΚ.
823 1315 908 1349 Ven.

248 1361 289 1394 C.
317 1363 396 1396 Vat.
409 1360 488 1393 ΒΜ.
513 1359 587 1394 Ald.
612 1361 693 1394 Bas.
712 1361 767 1394 ab.
787 1361 907 1406 Steph.

242 1407 303 1450 qui
334 1418 435 1451 quum
477 1406 510 1438 in
541 1406 692 1449 margine
733 1407 811 1439 nihil
844 1407 908 1440 nisi

243 1451 337 1487 ὅταν
362 1456 440 1485 ante
463 1449 591 1495 λέγωσι
626 1452 744 1485 deesse
777 1456 812 1485 et
844 1453 907 1485 Fi-

247 1500 358 1534 cinum
391 1499 478 1531 hunc
508 1498 617 1531 locum
652 1498 751 1531 aliter
785 1498 907 1542 legisse

242 1545 351 1580 videri
373 1544 575 1585 monuisset,
609 1544 644 1577 111
679 1545 906 1587 adnotatione,

242 1596 282 1626 ut
315 1602 418 1636 supra
451 1590 602 1631 ostendi,
636 1591 795 1625 Cor-narii
825 1603 906 1636 sup-

242 1639 446 1684 plementum
469 1640 640 1680 tamquam
665 1637 762 1670 aliam
787 1637 906 1672 lectio-

242 1696 318 1718 nem
343 1687 445 1728 atque
468 1682 632 1723 eandem,
667 1694 734 1727 qua
757 1695 838 1716 usus
862 1683 908 1716 sit

240 1730 402 1774 Flemus,
427 1728 599 1774 apposuit:
631 1728 707 1762 Και
730 1727 829 1772 μάλα
855 1741 905 1772 γε.

241 1773 302 1810 Ἐν
326 1775 425 1820 ’ᾐτινι
451 1774 520 1808 οὐν
554 1772 659 1808 πόλει
684 1787 721 1809 οι
739 1777 907 1831 ,πλεῖστοι

244 1820 340 1866 πρὸς
379 1817 495 1854 ταύτὸ
538 1819 635 1854 κατὰ
675 1819 810 1857 ταύτά.
866 1822 907 1855 Ι(1

243 1868 527 1914 supplementum-
533 1867 670 1908 Astius,
708 1881 810 1913 quum
834 1869 908 1913 pri—

243 1926 333 1947 mum
357 1915 416 1946 hos
440 1909 543 1946 libros
568 1913 703 1954 ederet,
729 1916 770 1947 ob
795 1915 836 1948 F
828 1927 907 1948 181111

244 1971 455 2002 consensum
477 1960 601 2002 (Glau.
632 1961 752 1993 lalde.
834 1962 907 1994 ‚In

243 2018 442 2051 quacunque
481 2007 594 2050 ἰινίῐυν
638 1964 808 2040 civitateks
816 2019 907 2040 com-

239 2054 382 2098 plurimi
404 2052 450 2085 ad
468 2034 556 2085 idem
576 2053 758 2086 secundum
768 2054 907 2095 eadem)

244 2111 307 2144 pio
343 2098 486 2142 genuino
519 2097 647 2131 habens
681 2099 827 2142 recepit3
871 2099 907 2131 in

245 2145 394 2179 secunda
414 2144 559 2177 editione
584 2144 731 2185 adhibito
744 2146 906 2186 Stobaeo,

245 2191 303 2236 qui
320 2191 428 2224 lociun
447 2190 615 2234 integrum
632 2190 795 2229 servavit,
819 2191 906 2224 Cor-

243 2236 376 2270 narium
407 2247 473 2269 non
506 2236 644 2277 codice,
685 2237 745 2270 sed
784 2237 815 2269 F
818 2237 906 2270 icino

243 2284 329 2316 duce
364 2294 460 2315 usum
495 2281 684 2326 intelligens
721 2283 794 2326 ipse
825 2284 906 2316 Sto—

244 2330 366 2363 haeum
389 2329 437 2362 ita
462 2332 597 2361 secutus
622 2332 685 2373 est,
710 2332 748 2361 ut
769 2340 830 2373 pro
852 2327 904 2370 δὲ,

243 2374 366 2431 quod
357 2387 392 2407 1n
417 2386 456 2407 eo
488 2377 583 2415 erat,
620 2386 712 2418 ovv,
751 2385 813 2418 pro
848 2373 907 2408 σοὶ

242 2420 286 2455 τὸ
324 2417 416 2454 αὐτὸ
440 2446 449 2463 ,
498 2421 778 2476 quemadmodum
819 2420 908 2453 idem

242 2468 366 2508 habet,
398 2464 492 2509 πρὸς
525 2463 641 2500 ταύτὸ
675 2478 749 2499 cum
776 2466 908 2499 Corna-

242 2513 291 2546 rio
317 2512 484 2546 scriberet
506 2517 541 2545 et
575 2524 650 2546 cum
683 2513 801 2545 eodem
825 2512 908 2545 arti-

243 2558 354 2592 culum
389 2558 432 2591 ad
466 2559 631 2592 πλεῖστοι
668 2558 827 2599 adderet3
874 2558 908 2591 in

243 2604 347 2638 tertia
371 2604 537 2648 denique,
570 2616 674 2649 quum
706 2616 793 2648 quae
816 2604 909 2637 Bek-

244 2651 350 2683 kerus
381 2650 478 2683 aliter
511 2662 613 2695 quam
647 2651 817 2684 Stobaeus
848 2661 909 2684 ex-

245 2696 421 2737 hibuisset,
445 2708 512 2740 qua
536 2696 740 2730 auctoritate
760 2696 909 2729 niteren-

246 2747 319 2784 tur,
343 2742 510 2786 nesciret,
539 2742 609 2776 οὖν
633 2754 708 2775 cum
733 2740 794 2786 δὴ,
819 2741 908 2787 quod

247 2788 388 2821 Stobaei
412 2788 487 2822 cod.
512 2790 554 2822 A.
574 2789 790 2843 praebebat,
816 2800 908 2821 com-

246 2833 412 2877 mutavit,
436 2833 496 2869 sed
515 2832 610 2878 πρός
633 2835 742 2869 tenuit
765 2838 800 2868 et
820 2830 908 2868 ταῦ-

967 761 1035 807 τό,
1059 766 1098 797 ut
1120 764 1229 809 magis
1253 763 1402 799 Atticum
1425 763 1547 805 fieret,
1570 763 1644 796 lit--

966 812 1043 843 tera
1076 822 1098 844 ν
1134 811 1230 843 auxit
1249 836 1260 853 ‚
1306 822 1418 864 neque
1451 809 1629 853 articulum

966 859 1047 889 ante
1079 858 1242 890 πλεῖστοι
1282 856 1416 890 abiecit.
1477 855 1629 888 Bekkeri

965 901 1067 935 lectio
1092 914 1133 935 ex
1156 903 1236 937 Par.
1260 904 1301 937 A.
1324 903 1409 937 V.en
1425 902 1465 939 B.
1488 902 1574 944 Ang.
1586 902 1627 935 B.

967 949 1046 981 vat.
1079 948 1124 982 H.
1157 949 1264 1002 petita
1294 948 1412 981 eadem
1456 947 1493 980 111
1527 947 1627 981 Vind.

967 993 1075 1028 DEF.
1109 999 1181 1035 est,
1226 994 1291 1027 11151
1322 993 1411 1049 quod
1445 993 1499 1026 hic
1531 993 1628 1026 initio

966 1039 1132 1083 κομηὸὴ,
1158 1040 1258 1074 iind.
1282 1040 1324 1074 D.
1349 1037 1547 1073 ἐπιτοαντό
1564 1050 1627 1072 κοι-

966 1085 1132 1120 ταταυτὰ
1157 1086 1280 1127 habet,
1305 1089 1340 1119 et
1363 1086 1396 1118 in
1419 1085 1628 1125 Florentinis

967 1132 1133 1174 omnibus,
1155 1132 1277 1177 quibus
1301 1132 1338 1164 in
1362 1143 1431 1165 sec.
1450 1131 1503 1165 ed.
1522 1131 1629 1164 Stall-

967 1178 1121 1211 baumius
1177 1178 1369 1223 singulatim
1424 1176 1629 1210 enumeratis

966 1224 1167 1257 mentionem
1203 1236 1318 1257 eoriun
1358 1223 1494 1264 adiicit,
1540 1234 1629 1268 quae

966 1270 1136 1304 Stobaeus
1153 1269 1385 1314 discrepantia
1398 1270 1514 1310 habet,
1526 1280 1628 1313 qiuun

964 1315 998 1348 in
1021 1316 1132 1361 prima
1155 1317 1218 1349 hoc
1250 1320 1380 1349 tantiun
1403 1315 1626 1349 ostendisset:

965 1362 1132 1402 „codices
1163 1362 1271 1395 nostri
1305 1365 1339 1395 et
1375 1362 1545 1395 Stobaeus
1577 1361 1629 1394 lo-

965 1419 1040 1440 811111
1063 1408 1197 1452 plenum
1223 1409 1392 1442 exhibent.
1396 1411 1419 1426 ⁶
1465 1409 1630 1441 πλεῖστοι

965 1453 1145 1487 articulum
1169 1466 1234 1488 non
1259 1455 1404 1500 recipit,
1437 1465 1538 1498 qluun
1561 1454 1629 1486 So-

964 1504 1076 1533 crates
1102 1512 1168 1541 non
1191 1501 1225 1534 id
1250 1501 1365 1542 dicat,
1399 1511 1475 1534 eam
1508 1499 1628 1532 civita-

963 1549 1032 1579 tem
1056 1547 1181 1600 optime
1214 1546 1432 1581 constitutam
1464 1556 1560 1586 esse,
1591 1545 1628 1578 iu

963 1603 1030 1636 qua
1059 1593 1226 1626 maximae
1259 1592 1381 1627 ciwum
1414 1592 1507 1637 parti
1538 1603 1628 1625 com-

962 1638 1076 1671 munia
1100 1642 1166 1672 ista
1190 1639 1276 1681 sint,
1310 1639 1370 1672 sed
1401 1642 1440 1671 ut
1473 1649 1629 1682 quaeque

963 1684 1127 1729 plurimos
1161 1686 1287 1719 habeat
1319 1684 1536 1718 communiter
1558 1683 1629 1717 ista

963 1731 1242 1775 pronuntiantes,
1274 1731 1324 1764 ita
1352 1730 1477 1775 optime
1501 1729 1630 1763 consti-

964 1780 1073 1810 tutam
1095 1777 1213 1811 videri.
1240 1774 1299 1810 ἐπὶ
1325 1788 1399 1810 cum
1422 1776 1627 1817 accusativo,

965 1823 1055 1867 quod
1086 1823 1260 1857 Iamblichi
1290 1822 1404 1856 verbis
1437 1821 1640 1856 confirmari

965 1869 1209 1903 Stallbaumius
1233 1869 1441 1910 observavit,
1465 1868 1545 1900 mihi
1565 1867 1628 1901 ali-

965 1918 1040 1956 ter,
1073 1927 1173 1959 quam
1206 1916 1302 1957 huic,
1336 1914 1394 1959 qui
1427 1916 1517 1948 iclcm
1549 1926 1626 1958 spe—

966 1967 1099 1994 ctantes
1123 1960 1303 2005 intelligit,
1337 1961 1628 2005 interpretandum

964 2007 1109 2040 videtur.
1157 2008 1248 2040 Nam
1270 1987 1350 2040 iliud
1373 2012 1542 2062 spectqie,
1567 2018 1628 2038 cu-

964 2052 1017 2086 ius
1050 2052 1218 2086 obiectum
1251 2054 1338 2087 solet
1371 2064 1433 2097 per
1465 2049 1526 2085 ἐπὶ
1553 2063 1627 2084 cum

965 2109 1077 2132 accus.
1114 2098 1300 2142 significati
1320 2125 1330 2140 ‚
1378 2109 1454 2131 clun
1486 2097 1627 2131 consilio

965 2147 1000 2177 et
1031 2144 1200 2178 efficiendi
1246 2148 1368 2178 conatu
1415 2143 1627 2177 coniunctmn

965 2194 1038 2232 est,
1069 2190 1174 2223 veluti
1205 2202 1306 2236 quum
1330 2190 1530 2281 Aipisgtoteles
1554 2189 1628 2222 Po-

962 2237 1010 2270 lit.
1036 2236 1075 2270 L.
1100 2236 1178 2271 VII.
1211 2249 1240 2271 c.
1268 2238 1320 2272 13.
1424 2237 1544 2277 2.47‚
1569 2237 1627 2271 21.

964 2282 1096 2316 Goettl.
1152 2248 1394 2337 legislator-effla
1399 2249 1627 2339 ffpfoptereffi

964 2324 1024 2362 ὅτι
1051 2331 1200 2383 κρατεῖν
1224 2324 1380 2372 ἤσκησεν
1405 2325 1465 2361 ἐπι
1488 2326 1530 2362 τὸ
1549 2328 1627 2360 τῶν

963 2372 1076 2413 πέλας
1102 2370 1248 2418 ἄρχειν,
1274 2375 1475 2408 laudandum
1499 2377 1621 2417 negat·

963 2421 1053 2464 quod
1086 2424 1200 2453 autem
1232 2421 1369 2466 proprie
1402 2420 1524 2453 dicitm
1547 2432 1625 2464 spe-

965 2472 1080 2507 ctare,
1117 2465 1288 2510 βλέπειν,
1324 2470 1362 2499 ut
1393 2465 1502 2511 possit
1526 2477 1628 2499 accu-

965 2512 1076 2546 sativo
1100 2512 1248 2545 iunctam
1273 2510 1334 2547 ἐπὶ
1357 2513 1507 2566 habere,
1539 2523 1629 2565 quo-

965 2557 1053 2591 niam
1084 2558 1174 2591 idem
1205 2562 1277 2601 est,
1310 2559 1399 2603 quod
1431 2552 1531 2601 ὄμμα
1556 2555 1626 2600 φέ-

967 2615 1067 2647 ρειν,
1116 2608 1230 2637 tamen
1276 2605 1475 2650 plemunque
1510 2603 1626 2637 dativo

964 2649 1112 2683 iunctam
1136 2650 1261 2692 habet,
1302 2662 1413 2695 neque
1447 2661 1529 2683 vero
1566 2662 1627 2695 per

967 2695 1100 2749 ellipsin
1132 2696 1268 2729 reticeri
1312 2697 1361 2730 ita
1401 2698 1555 2741 poter,at
1589 2699 1628 2728 ut

967 2740 1082 2785 λέγειν
1107 2754 1142 2774 τι
1167 2739 1228 2775 ἐπί
1251 2754 1288 2776 τι
1310 2743 1339 2776 15
1363 2742 1545 2782 diceretur,
1570 2742 1627 2786 qui

967 2791 1150 2832 conspecta
1185 2800 1222 2821 re
1256 2789 1399 2822 verbmn
1427 2787 1560 2832 aliquod
1584 2788 1627 2820 de

967 2844 1007 2867 ea
1039 2834 1265 2879 praedicaret.

1319 2833 1487 2880 Equidem
1510 2831 1626 2878 λέγειν
1678 2880 1685 2882 ⁷
