1807 3219
281 203 338 242 78

741 192 1218 240 PLATONIS

282 310 400 360 δείας
428 325 472 362 τε
502 309 603 362 πέρι
631 307 706 352 καὶ
735 309 907 352 παίδων
935 308 1010 352 καὶ
1046 310 1245 365 φυλακῆς
1281 309 1371 350 τῶν
1410 306 1552 351 ἄλλων
1579 324 1662 353 πο-

280 382 434 430 λιτῶν,
474 375 585 421 κατά
613 393 657 420 τε
695 375 825 420 πόλιν
866 377 1083 433 μενούσας
1122 377 1180 426 εἰς
1217 372 1411 431 πόλεμόν
1436 392 1480 419 τε
1511 375 1664 428 ἰούσας

280 448 355 490 καὶ
395 445 717 502 ξυμφυλάττειν
755 447 847 488 δεῖν
884 446 960 489 καὶ
1008 442 1296 501 ξυνθηρεύειν
1342 442 1487 499 ὥσπερ
1526 443 1667 496 κύνας

215 523 252 564 D
278 515 352 559 καὶ
380 513 522 557 πάντα
551 513 692 569 πάντη
722 513 834 556 κατα
862 514 911 558 τὸ
942 513 1135 558 δυνατόν
1170 517 1422 564 κοινωνεῖν,
1453 513 1527 555 καὶ
1558 517 1667 556 ταῦ-

277 600 331 626 τα
369 581 646 638 πραττούσας
691 580 745 625 τά
788 599 832 626 τε
874 583 1074 639 βέλτιστα
1113 581 1296 666 πράξειν
1333 581 1408 625 καὶ
1452 579 1506 624 οὐ
1546 581 1666 635 παρα

277 652 415 708 φύσιν
445 651 525 706 τὴν
562 655 644 694 τοῦ
682 650 842 707 θήλεος
877 651 988 706 πρὸς
1024 649 1073 694 τὸ
1114 649 1279 707 αῤῥεν,
1338 651 1366 706 ᾑ
1406 649 1668 705 πεφύκατον

276 720 387 776 πρὸς
417 717 589 776 αλλήλω
620 725 871 770 κοινωνεῖνς
920 722 1171 774 Συγχωρῶ,

1214 717 1312 774 ἔφη.
1377 716 1579 770 Οὐκοῦν,
1610 720 1668 773 ἦν

276 786 318 832 δ’
351 787 458 844 ἐγώ,
496 788 634 832 ἐκεῖνο
665 788 825 832 λοιπόν
857 789 1100 839 διελέσθαι,
1132 787 1169 829 εἰ
1200 784 1288 839 ἄρα
1317 786 1391 829 καὶ
1421 785 1468 829 ἐν
1488 783 1667 840 ανθρώ-

276 873 376 908 ποις
408 856 623 908 δυνατὸν,
655 855 802 912 ω’σπερ
834 855 881 899 ἐν
912 854 1058 906 ἄλλοις
1090 856 1243 908 ζώοις,
1273 854 1438 910 ταύτην
1472 854 1551 910 τὴν
1572 871 1669 899 κοι-

277 927 446 968 νωνίαν
475 925 749 980 ἐγγενέσθαι,
780 925 853 969 καὶ
885 924 972 980 ὅπη
1003 920 1216 974 δυνατόνς
1245 922 1440 979 ’Έφθης,
1471 923 1576 1005 ε’φη,
1611 925 1669 967 εἶ-

278 992 374 1037 πιὸν
406 1011 434 1050 ῃ
468 993 647 1049 ε’μελλον
675 993 1000 1051 υπολήψεσθαι.
1044 992 1156 1047 Περὶ
1184 991 1264 1047 μὲν
1295 989 1381 1046 γάρ
1413 994 1502 1034 τῶν
1531 991 1578 1034 ἐν
1605 995 1668 1049 τῷ

324 1117 387 1153 οιαὶ
420 1117 588 1164 παίδων]
637 1119 752 1154 Astius
794 1118 828 1152 in
862 1121 944 1152 tert.

279 1166 345 1200 καὶ
369 1166 547 1199 delendum
572 1172 689 1200 censet
720 1166 888 1210 probante
911 1165 945 1197 in

278 1223 347 1246 sec.
375 1212 598 1245 Stallbaumio
623 1216 658 1246 et
682 1213 712 1245 F
715 1212 839 1245 icinum
860 1222 946 1256 quo-

279 1269 348 1303 que
373 1258 463 1291 aliud
491 1257 571 1302 quid
595 1258 650 1291 hie
684 1257 808 1301 legisse
832 1256 946 1303 suspi-

280 1308 392 1338 cante.
441 1303 576 1337 Nodum
600 1304 632 1337 in
659 1304 782 1348 scirpo,

325 1350 534 1394 πολιτῶν,]
569 1350 756 1391 πολιτῶν,·
799 1349 949 1394 Stepha-

278 1407 363 1438 nus,
402 1397 580 1430 Bekkerus
616 1401 651 1429 et
693 1395 947 1430 Stallbaumius.

279 1442 350 1476 Sed
388 1454 489 1486 quae*
524 1448 714 1488 sequuntur
762 1441 949 1487 epexegesi

277 1488 481 1522 inserviunt.

326 1557 430 1614 δεῖν]
464 1557 539 1600 δεῖ,
573 1568 647 1601 sup.
753 1556 841 1591 Lob.
865 1555 944 1590 Vat.

279 1604 328 1638 M.
356 1601 402 1647 δὴ
431 1603 530 1636 Vind.
554 1603 625 1636 BF.
657 1605 749 1657 Ang.
770 1603 812 1636 B.
855 1601 948 1635 Fici-

279 1661 344 1684 nus
377 1650 461 1683 haec
491 1649 569 1682 inde
602 1660 622 1683 a
653 1646 750 1683 κατά
773 1660 813 1683 τε
836 1645 946 1682 πόλιν

278 1695 420 1730 liberius
444 1695 610 1729 reddidit.
645 1702 684 1730 ut
708 1708 779 1728 una
801 1707 875 1728 cum
893 1695 947 1728 νὶ-

277 1743 328 1776 ris
354 1743 390 1775 in
419 1754 509 1786 pace
542 1743 733 1787 gubernent
752 1767 762 1783 ‚
795 1741 831 1775 in
861 1741 947 1776 bello

279 1789 430 1822 militent
441 1813 452 1832 ,
479 1789 676 1822 custodiant
693 1800 778 1823 una.

328 1854 473 1900 κύνας]
496 1854 594 1890 κύνα
617 1857 698 1890 Par.
723 1856 769 1891 K.

328 1922 468 1969 πάντη]
494 1922 618 1970 πάντῃ
642 1925 834 1966 Bekkerus‚
857 1923 951 1959 Asti-

281 1982 322 2006 us
355 1971 390 2005 in
425 1975 507 2005 tert.
545 1976 581 2004 et
615 1971 876 2013 Stallbaumius,
911 1975 951 2004 ut

281 2018 403 2053 solent.
454 2017 509 2052 Cf.
534 2017 611 2050 Vol.
637 2017 667 2051 Ι.
691 2029 725 2061 p.
752 2027 824 2051 Lxx.

325 2065 520 2098 κοινωνεῖν
536 2064 571 2107 ,]
620 2065 836 2104 κοινωνεῖν,
868 2062 950 2096 Ste-

280 2111 413 2168 phanus
440 2115 476 2143 et
499 2109 718 2143 recentiores.

327 2155 392 2190 καὶ
414 2155 600 2189 ταῦτα-
617 2156 833 2189 κοινωνεῖν·
821 2155 858 2200 ,]

277 2202 367 2236 Lob.
395 2202 492 2235 Vind.
518 2203 558 2236 Β.
585 2202 664 2235 Vat.
689 2201 769 2234 ΒΜ.

324 2247 396 2293 τὴν
417 2248 487 2282 τοῦ
513 2245 674 2293 θήλεος]
708 2247 777 2282 τοῦ
803 2243 950 2292 θηλὲως

275 2295 357 2330 Par.
383 2294 428 2329 K.

324 2335 353 2397 ᾖ
405 2339 429 2395 ᾗ
457 2338 558 2373 Vind.
584 2337 628 2374 F.
661 2334 810 2382 &Vind.
834 2338 879 2373 D.

326 2377 496 2431 ἄλληλω]
525 2382 691 2429 ἀλλήλων
715 2385 801 2419 Ven.
826 2386 869 2419 B.

323 2453 538 2509 Συγχωρῶ]
564 2453 737 2498 ξυνχωρῶ
763 2453 854 2487 Flor.
878 2453 924 2488 T.

324 2499 474 2545 ὥσπερ]
501 2497 624 2544 ὥσπερ
648 2499 712 2534 καὶ
735 2499 822 2533 Lob.
846 2499 947 2534 Vind.

274 2548 348 2583 BD.
374 2548 468 2582 Mon.
494 2547 532 2580 B.
568 2548 650 2582 Vat.
674 2546 755 2581 ΒΜ.
795 2546 877 2580 Ven.
903 2546 946 2580 Β.

275 2595 357 2629 Par.
383 2593 460 2628 DK.
486 2593 578 2626 Flor.
603 2593 649 2628 U.
674 2598 709 2626 et
741 2592 944 2627 Stallbaum.

274 2641 434 2675 inductus
469 2640 511 2673 ab
540 2639 740 2673 Heindorfio
768 2639 811 2672 ad
832 2639 944 2672 Phae-

276 2687 355 2721 don.
389 2698 423 2731 p.
450 2685 506 2721 64.
531 2685 572 2721 C.
611 2686 700 2720 hunc
734 2689 946 2719 constantem

276 2744 386 2779 prope
411 2733 624 2766 Graecorum
647 2742 746 2766 usum
771 2731 945 2765 affirman-

275 2783 324 2814 te.
370 2778 451 2812 Non
484 2789 599 2812 rarum
631 2783 684 2812 est
715 2777 858 2811 alterum
881 2774 946 2811 καὶ

278 2825 324 2860 ad
347 2829 501 2859 nostrum
524 2834 659 2858 sensum
691 2823 765 2857 sine
796 2823 945 2857 necessi-

278 2875 354 2908 tate
376 2869 548 2914 additum,
582 2869 642 2905 sed
675 2869 776 2905 Plato
808 2869 945 2916 saepius

884 2166 951 2190 om-

1001 1116 1102 1151 etiam
1128 1115 1284 1150 omittere
1306 1116 1404 1150 solet.
1452 1116 1507 1150 En
1530 1116 1600 1151 tria
1624 1128 1666 1151 ex

1002 1174 1068 1197 uno
1092 1162 1274 1196 Phaedone
1297 1162 1469 1208 exempla:
1486 1175 1528 1218 p.
1541 1165 1597 1198 87
1617 1164 1666 1198 B:

1003 1206 1146 1248 εἰκόνος
1166 1221 1252 1263 Α’,αρ
1285 1220 1417 1251 τινος,
1466 1221 1517 1248 ως
1559 1207 1667 1263 εὀικε,

1002 1251 1104 1298 κοῖγιὸ
1153 1251 1275 1298 ὥσπερ
1317 1254 1479 1297 Σιμμίας
1521 1253 1668 1311 δέομαι.

1003 1313 1084 1355 pag.
1110 1302 1167 1336 88.
1205 1301 1257 1334 E:
1288 1298 1456 1357 πότερον
1482 1298 1667 1356 κάκεῖνος,

1005 1344 1128 1390 ὥσπερ
1168 1342 1268 1402 ’ὑμᾶς
1302 1344 1400 1391 φῇς,
1445 1345 1603 1403 ενδηλός
1632 1361 1670 1382 τι

1005 1391 1156 1447 ἐγένετο
1171 1390 1394 1436 αχθόμενος,
1419 1388 1442 1437 ἢ
1467 1390 1526 1429 οὕ.
1537 1406 1576 1450 p.
1592 1397 1667 1429 100.

1005 1440 1057 1473 C:
1092 1436 1220 1473 σκόπει
1253 1437 1323 1483 δὴ,
1371 1437 1462 1482 ἔφη,
1504 1439 1552 1474 τὰ
1560 1438 1670 1494 εξῆς

1004 1483 1169 1542 ἐκείνοις,
1193 1482 1260 1519 ἐάν
1285 1495 1344 1519 σοι
1367 1485 1527 1532 ξυνδοκῇ
1547 1483 1670 1532 ὥσπερ

1005 1530 1098 1576 ε’μοί.

1052 1593 1092 1646 ᾐ]
1116 1595 1141 1643 ἢ
1167 1600 1269 1636 Vind.
1292 1600 1334 1634 F.
1361 1599 1396 1634 εἰ
1417 1600 1518 1636 Vind.
1531 1601 1575 1635 Ε.
1591 1603 1672 1636 Vat.

1002 1647 1048 1681 H.
1052 1612 1165 1680 ³7.F10r
1190 1647 1298 1681 ACT.
1325 1642 1346 1681 ὃ
1371 1648 1456 1681 Ven.
1473 1648 1513 1681 Β.
1538 1648 1619 1682 Bas.
1637 1649 1672 1683 b.

1005 1692 1125 1738 steph.
1160 1694 1236 1728 Ast.
1272 1694 1541 1738 (anticipasti‚)
1583 1696 1673 1740 quod

1005 1740 1092 1784 (ego
1126 1740 1408 1794 interrogaturus
1438 1740 1564 1784 eram.)
1596 1741 1673 1776 Fic.

1004 1787 1059 1819 Ad
1084 1783 1200 1819 εἰπών
1225 1785 1384 1830 supplere
1414 1785 1495 1819 licet
1519 1786 1554 1820 τὶ
1578 1785 1671 1821 ταύα

1004 1843 1071 1876 τῃ,
1104 1837 1144 1865 ut
1179 1833 1310 1867 Glauco
1347 1832 1389 1865 ab
1421 1833 1539 1866 eadem
1571 1839 1672 1878 parte

1005 1889 1192 1911 sermonem
1225 1890 1262 1912 se
1309 1878 1468 1922 excipere
1500 1885 1605 1924 atque
1637 1880 1672 1914 in

1007 1924 1147 1957 eandem
1192 1924 1339 1969 dirigere
1380 1924 1529 1959 voluisse
1568 1925 1672 1967 dicat,

1007 1981 1108 2014 quam
1151 1971 1315 2004 Socrates
1354 1971 1670 2026 praeoccupaverit.

1008 2016 1063 2049 Cf.
1088 2016 1129 2049 L.
1153 2016 1182 2049 I.
1207 2028 1241 2061 p.
1254 2018 1333 2051 338.
1359 2017 1410 2050 D:
1434 2014 1553 2062 ταύτῃ
1576 2029 1671 2052 ὐπο-

1006 2059 1227 2118 λαμβάνεις,
1258 2063 1282 2108 ᾖ
1320 2058 1367 2096 &v
1398 2061 1672 2108 κακουργήσαις

1005 2106 1165 2152 μάλιστα
1188 2106 1257 2143 τὸν
1281 2106 1404 2153 λόγον.

1052 2175 1151 2222 γὰρ]
1174 2189 1239 2214 om.
1263 2177 1337 2212 Fic.

1051 2245 1154 2291 τῶν]
1191 2259 1256 2281 om.
1291 2247 1371 2283 Vat.
1403 2246 1451 2281 H.
1497 2247 1566 2283 Est
1587 2258 1672 2283 neu·

1005 2294 1131 2385 truvngi]
1156 2351 1220 2373 om.
1242 2338 1323 2373 Par.
1347 2337 1394 2373 K.

1004 2452 1043 2487 M
1053 2404 1170 2453 ἔφην]
1195 2405 1266 2453 ἔφη
1291 2408 1378 2442 Lob.
1402 2407 1502 2444 Vind.
1525 2406 1566 2442 B.
1590 2404 1715 2446 Vat.E

1046 2479 1341 2545 πολεμήσουσι]
1388 2496 1668 2545 πολεμήσουσιν.

1002 2545 1199 2581 Bekkerus.

1042 2588 1130 2626 ΓὈτι
1152 2591 1259 2637 κοινῇ
1284 2588 1586 2637 στρατεύσονται]
1604 2592 1671 2626 mi-

1002 2639 1152 2673 litabunt
1169 2641 1326 2683 profecto
1347 2639 1578 2680 communiter,
1595 2643 1670 2672 tam

1001 2696 1115 2719 mares
1135 2697 1239 2728 quam
1252 2686 1409 2728 feminae
1427 2684 1502 2719 Fic.
1523 2703 1570 2709 ——
1593 2695 1669 2718 κοι-

1001 2728 1048 2774 νὴ
1069 2749 1114 2755 —
1137 2731 1239 2767 Vind.
1263 2731 1304 2766 F.
1339 2750 1386 2756 —
1405 2727 1672 2774 στρατεύονται

1001 2777 1088 2856 Vlen.
1097 2774 1486 2856 ΒΟ-στρατεύσονσι
1507 2776 1608 2814 Vind.
1625 2776 1670 2812 E.

1001 2822 1032 2858 F
1047 2834 1228 2914 2263‘73]
1253 2880 1318 2904 om.
1344 2867 1417 2904 Fic.
