1807 3219
273 139 359 180 224
728 132 1206 177 PLATONIS

274 249 458 291 δοκοῦσι’
487 248 528 291 τί
557 260 627 291 σοι
655 250 838 304 τυφλῶν
868 246 1096 301 διαφέρειν
1133 242 1243 288 ὁδόν
1281 242 1431 300 ὀρθῶς
1470 260 1661 309 πορευο-

273 316 420 372 μένων
452 318 496 360 οῑ
526 316 634 361 ἄνευ
665 320 751 360 νοῦ
781 313 942 371 ἀληθές
971 331 1012 357 τι
1043 311 1316 366 δοξάζοντεςς
1369 312 1534 366 Ου’δὲν,
1566 315 1661 371 ἔφη.

278 383 441 428 Βούλει
487 379 570 428 οὖν
612 384 766 440 αἰσχρά
808 383 1080 433 θεάσασθαι,
1121 380 1266 437 τυφλά
1302 398 1347 425 τε
1385 382 1460 425 καὶ
1496 383 1660 435 σκολιοὶ,

276 452 377 503 ἐξόν
405 452 506 506 παρ’
542 452 688 497 ἄλλων
719 451 901 496 ἀκούειν
933 450 1055 507 φανά
1095 466 1139 493 τε
1169 450 1242 493 καὶ
1270 449 1403 501 καλάς
1446 448 1526 507 Μὴ
1552 451 1664 506 πρός

272 520 407 572 Διὸς,
452 516 479 577 ἦ
510 519 557 565 δ’
591 520 666 574 ὃς,
709 517 743 566 ὦ
770 521 1028 575 Σώκρατες,
1075 517 1099 562 ὁ
1131 518 1370 566 Γλαύκων,
1416 517 1561 574 ὥσπερ
1594 519 1664 563 ἐπὶ

275 587 387 631 τέλει
417 588 482 632 ω“ν
513 588 717 646 ἀποστῇς.
750 589 922 644 ἀρκέσει
951 587 1036 644 γάρ
1066 586 1192 643 ἡμῖν,
1221 586 1307 631 κᾶν
1330 586 1472 643 ὡσπερ
1497 591 1665 632 δικαιο·

274 654 410 712 σύνης
448 657 548 711 πέρι
586 658 661 701 καὶ
701 655 995 714 σωφροσύιης
1044 656 1118 700 καὶ
1156 659 1246 698 τῶν
1290 655 1433 699 ἄλλων
1473 658 1664 713 διῆλθες,

276 723 393 767 οὕτω
423 726 497 768 καὶ
528 727 627 782 περὶ
656 731 737 770 τοῦ
773 726 948 781 ἀγαθοῦ
979 725 1167 780 διέλθῃς
1228 725 1318 767 Καὶ
1347 723 1430 779 γὰρ
1461 724 1580 780 εμοὶ,
1609 720 1665 781 ἦν

274 791 318 836 δ’
353 793 465 849 ἐγώ,
498 797 530 837 ὠ
563 794 649 837 έτα
650 811 727 850 ρε,
759 795 834 837 καὶ
863 793 980 850 μάλα
1010 791 1201 848 ἀρκέσει·
1233 789 1327 835 ἀλλ’
1351 792 1468 844 ὅπως
1497 811 1555 850 μη
1583 793 1664 850 οὐχ

275 858 370 912 οἶός
408 860 440 904 τ’
480 862 652 918 ἔσομαι,
699 862 1068 919 προθυμούμενος
1111 861 1157 904 δὲ
1197 859 1459 916 ἀσχημονῶν
1499 860 1664 916 γέλωτα

276 928 469 985 ὀφλήσω.
502 929 610 984 ἀλλ’,
665 926 700 975 ὦ
730 931 962 987 μακάριοι,
1011 927 1119 973 αὐτὸ
1160 927 1237 983 μὲν
1277 929 1318 970 τί
1361 927 1454 972 ποτ’
1487 929 1573 973 ἐστὶ
1608 930 1662 990 >τό

212 1003 247 1044 E
279 997 473 1053 οἷγαθόν,
505 999 701 1057 ἐάσωμεν
731 1000 779 1045 τὸ
810 1003 894 1043 νῦν
919 996 1054 1042 εἶναι·
1081 997 1216 1040 πλέον
1244 996 1329 1052 γάρ
1348 1013 1424 1052 μοι
1447 1001 1663 1054 φαίνεται,

275 1065 305 1123 ἢ
333 1067 445 1111 κατὰ
475 1067 558 1125 τήν
586 1073 820 1125 παροῦσαν
850 1066 992 1124 ὁρμὴν
1022 1064 1256 1123 ἐφικέσθαι
1284 1069 1366 1109 τοῦ
1394 1083 1442 1122 γε
1470 1069 1660 1112 δοκοῦν-

1686 434 1705 454 ἱ

214 2260 254 2301 D
324 2253 450 2299 φανά]
480 2251 608 2298 φᾶννιὶ
634 2254 734 2288 Vind.
755 2255 795 2289 F.

322 1240 383 1284 τί]
409 1244 487 1286 post
508 1241 660 1284 τυφλῶν
684 1240 775 1274 Flor.
801 1241 845 1275 T.

323 1288 396 1331 σοι]
424 1287 499 1320 τῶν
521 1288 619 1320 Stob.
634 1288 738 1320 Heer.
764 1299 828 1320 om.
842 1287 942 1321 Cant.

322 1333 499 1376 τυφλῶν]
536 1334 685 1379 τυφλῷ
704 1335 802 1369 Stob.
842 1334 943 1368 Cant.

277 1379 451 1434 (τυφλῶν
477 1380 550 1412 cod.
575 1380 785 1434 Augustam.)

324 1423 541 1480 διαφέρειν]
568 1423 739 1469 διαφέρει
764 1425 840 1458 Ald.

321 1469 616 1516 πορευομένων]
687 1469 942 1515 πορευόμενον

275 1518 375 1553 811111.
402 1519 441 1552 F.

321 1564 416 1609 νοῦ]
455 1561 524 1598 οὐκ
557 1564 654 1597 Stob.
702 1564 802 1597 Cant.
849 1565 945 1608 (νοῦ

274 1614 310 1643 et
335 1606 358 1653 ἢ
385 1622 447 1654 pro
474 1610 510 1644 οἱ
537 1611 610 1643 cod.
636 1610 723 1653 Aug,
751 1615 787 1643 et
813 1611 945 1655 Vatic.)

323 1655 568 1700 δοξάζοντες]
622 1654 817 1697 δοξάζουσι
853 1657 943 1691 Flos.

323 1741 417 1792 οὖν]
453 1748 508 1781 Ita
539 1748 620 1781 Par.
644 1748 684 1781 A.
718 1748 803 1781 Lob.
840 1749 944 1783 Vind.

276 1793 384 1827 BEF.
411 1795 489 1828 Yat.
516 1794 629 1827 BHM.
656 1795 738 1827 Ven.
761 1795 833 1829 BC.
857 1796 943 1839 Aug.

276 1840 317 1872 B.
361 1841 456 1873 Flor.
492 1841 632 1873 ACRT.
689 1841 784 1883 ’γοῦν
822 1842 944 1886 reliqui

276 1886 429 1931 editique
453 1890 532 1919 ante
555 1886 760 1920 Bekkerum.

323 1952 565 1995 θεάσασθαι]
591 1955 761 1988 θεᾶσθαι
786 1956 942 1990 Vind.E.

279 2002 420 2035 Comma
450 2001 484 2034 in
515 2001 613 2034 editis
646 2010 724 2035 ante
747 2002 942 2036 Bekkerurn

277 2047 467 2092 appositum
520 2050 554 2080 et
602 2047 644 2080 ab
679 2047 743 2081 hoc
774 2049 944 2082 sublatum

277 2098 372 2146 repte
396 2093 641 2127 Stallbaumius
674 2094 709 2127 in
743 2106 812 2128 sec.
838 2095 942 2129 resti—

277 2142 432 2229 ῒιιιεξὲὸν]
459 2182 496 2226 ἐξ
518 2197 571 2218 ων
587 2184 686 2219 Vind.
704 2185 749 2220 F.

822 2253 943 2299 φάναι

276 2303 354 2336 Par
381 2302 425 2334 K.
451 2313 519 2334 sec.
545 2301 654 2334 Bekk.
683 2300 830 2344 φανερὰ
858 2303 941 2336 Ve.n

272 2349 314 2382 B.
347 2347 446 2380 Vind.
483 2347 525 2380 Ε.
575 2346 654 2380 Vat.
689 2348 735 2381 H.
783 2349 869 2392 Ang.
899 2350 941 2383 B.

273 2394 365 2427 Flor.
390 2394 531 2426 ACRT.

318 2441 467 2495 138]0m.
492 2441 578 2483 Ang.
603 2438 642 2472 B.

318 2486 342 2530 ή
385 2482 422 2518 δ’
458 2481 520 2529 ος]
571 2489 650 2530 post
685 2478 717 2518 ω’
746 2482 944 2530 Σώκρατες

274 2531 354 2566 Par.

321 2575 442 2620 ὥσπερ
479 2574 540 2611 ἐπὶ
574 2574 670 2611 τέλει
700 2572 773 2621 ὧν]
820 2573 943 2632 ὥσπερ

274 2620 485 2658 ε’πιτελείων
509 2623 595 2656 Lob.
622 2624 702 2657 V.at
732 2617 779 2659 M.
818 2620 942 2668 ὥσπερ

275 2668 336 2704 επὶ
365 2670 513 2704 τελείων
543 2669 644 2703 Vind.
682 2670 754 2702 BF.
796 2671 876 2705 V.at
902 2671 942 2704 B.

275 2716 355 2750 Par.
381 2717 423 2750 D.
465 2711 588 2759 ὥσπερ
618 2713 678 2749 επὶ
706 2713 840 2759 ἠλείων
864 2717 943 2751 Par.

274 2762 321 2796 K.
355 2775 430 2797 cum
458 2773 567 2807 prope
598 2764 724 2796 calcem
746 2764 945 2807 perveneris

275 2808 348 2843 Fic.

1050 1236 1244 1284 ἀποστῇς]
1293 1236 1451 1284 ἅπιστῆς
1496 1241 1582 1276 Ven.
1622 1241 1663 1274 Β.

1003 1285 1083 1319 Vat.
1112 1286 1158 1318 H.
1183 1286 1275 1318 Flor.
1300 1286 1374 1320 AC.

1050 1328 1217 1386 ἀρκέσει]
1247 1328 1394 1375 ἀρέσκει
1416 1332 1510 1367 Flor.
1536 1333 1580 1367 T.

1045 1374 1155 1432 ἡμῖν,
1181 1375 1274 1421 κᾶν]
1309 1379 1362 1412 lta
1392 1378 1468 1414 Ald.
1504 1380 1585 1413 Bas.
1611 1380 1667 1414 ab.

1000 1420 1106 1468 ἡμῖν
1111 1420 1194 1470 κᾷν,
1221 1424 1341 1468 steph.
1367 1436 1468 1469 quam
1490 1425 1668 1478 111161Ρ1111-

1001 1470 1144 1503 ctionem
1170 1470 1528 1516 Stallbaun1ius‚qui
1552 1472 1586 1506 in
1611 1483 1664 1516 pr.

1004 1513 1092 1559 ἡμῖν
1110 1511 1183 1548 κᾶν
1201 1516 1272 1549 sine
1297 1520 1462 1549 commate
1485 1529 1560 1550 cum
1576 1518 1667 1551 Bek-

1004 1562 1087 1595 kero
1112 1562 1274 1606 scripsit,
1309 1562 1345 1595 in
1376 1571 1669 1619 ηομ-61116163,

1003 1608 1161 1652 repetiit,
1208 1608 1298 1653 quod
1330 1621 1393 1642 και
1421 1609 1455 1642 in
1487 1605 1558 1642 κέὶν
1593 1610 1669 1651 ..ad

1003 1665 1122 1687 llnlvel
1125 1665 1216 1695 sam
1252 1666 1340 1699 quae
1364 1655 1485 1688 deinde
1510 1656 1667 1690 enuntla-
1698 1660 1701 1662 .

1003 1705 1082 1742 tur,
1107 1700 1312 1733 sententiam
1335 1702 1503 1743 refertur,
1514 1702 1670 1757 perinde

1003 1758 1044 1779 ac
1069 1745 1097 1778 si
1120 1746 1282 1790 scriptum
1315 1751 1405 1780 esset
1431 1744 1577 1802 ἀρκέσει
1596 1747 1668 1792 3⁶⁶9

1001 1789 1093 1836 ἡμῖν
1123 1791 1186 1825 καὶ
1217 1793 1350 1836 τοῦτο,
1376 1790 1463 1836 εὰν,
1490 1791 1612 1838 ω’σπερ
1633 1795 1666 1829 δ.

1002 1851 1033 1871 κ.
1058 1851 1089 1871 τ.
1117 1839 1175 1871 λ.“
1209 1838 1339 1881 Recte3
1364 1840 1424 1872 sed
1449 1840 1513 1874 hac
1536 1841 1668 1874 ratione

1002 1896 1131 1917 comma
1166 1883 1257 1917 inter
1289 1897 1311 1918 κ
1336 1889 1371 1918 et
1397 1881 1443 1919 ἒὶν
1475 1887 1668 1931 ponendum

1001 1934 1102 1963 esset.
1154 1930 1256 1970 Quod
1280 1943 1383 1976 quum
1402 1932 1479 1966 fieri
1498 1945 1565 1966 non
1587 1945 1667 1977 pos—

1000 1976 1068 2017 sit,
1104 1971 1150 2009 ἒὶν
1174 1977 1307 2020 potius,
1341 1989 1442 2023 quam
1466 1978 1529 2012 καὶ
1555 1979 1666 2024 respi-

1000 2022 1154 2055 ciendum
1177 2003 1323 2056 vidend:

1045 2067 1150 2112 πέρι]
1177 2068 1261 2112 περὶ
1285 2069 1385 2102 Vind.
1398 2070 1440 2103 Ε.

1046 2130 1094 2181 ἦν
1114 2133 1153 2171 δ’
1176 2135 1269 2182 ἐγώ]
1296 2132 1345 2182 ἧν
1375 2135 1414 2172 δὲ
1441 2134 1666 2182 ἂν,3(1561·1-

999 2187 1062 2238 pto
1084 2184 1119 2216 in
1143 2195 1185 2216 m.
1213 2196 1233 2218 a
1255 2196 1298 2218 111,
1324 2196 1350 2218 s.
1378 2182 1468 2228 ἐγὼ,
1504 2186 1597 2219 Mon.
1622 2187 1663 2219 B.

1049 2227 1191 2274 ετιιῖρε]
1229 2227 1352 2272 εταῖρε
1379 2230 1442 2264 καὶ
1475 2231 1559 2274 περὶ
1594 2232 1663 2266 τοῦ

1002 2272 1155 2318 α’γαθοῦ
1190 2274 1364 2320 διέλεθης
1397 2289 1471 2311 cum
1493 2278 1581 2311 linea
1601 2279 1664 2312 sub

999 2324 1260 2366 supexvacaneis
1285 2323 1377 2356 Mon.
1403 2324 1445 2356 B.

1048 2386 1215 2435 ἀρκέσει]
1248 2388 1383 2435 εἷρκέση
1407 2392 1501 2425 Μοῐι.
1514 2391 1552 2424 Β.
1580 2388 1665 2434 α’ρέ-

1002 2445 1079 2469 σκει
1102 2437 1203 2470 Vind.
1231 2438 1273 2473 E.
1308 2438 1393 2471 Post
1416 2438 1479 2471 hoc
1503 2438 1602 2471 Vind.
1625 2438 1665 2471 F.

1000 2479 1070 2525 γάρ
1092 2479 1183 2526 ἡμῖν
1211 2488 1276 2517 etc.
1304 2495 1413 2529 usque
1445 2484 1489 2518 ad
1512 2484 1576 2518 hoc
1601 2480 1664 2527 ἅρ-

1001 2527 1098 2562 κέσει
1121 2529 1245 2562 iterum
1268 2530 1381 2564 habet.

1049 2571 1141 2631 ου’χ]
1168 2572 1236 2608 ου’κ
1259 2576 1334 2609 Ald.
1360 2577 1440 2609 Bas.
1466 2587 1496 2609 a.

1050 2617 1148 2664 ἀλλ’,
1175 2621 1204 2654 ω’
1233 2623 1319 2675 etc.]
1354 2621 1495 2656 Proclus
1531 2622 1564 2654 111
1591 2621 1666 2655 Civ.

1000 2678 1034 2710 p.
1049 2668 1136 2701 426:
1138 2647 1256 2700 ἄλλα
1275 2666 1316 2702 τὸ
1340 2664 1465 2706 απλῶς
1479 2664 1665 2711 (α’γαθόν)

1002 2710 1207 2768 δεδήλωκεν
1227 2711 1361 2747 εἰπών·
1387 2710 1475 2757 οἷλλ,
1503 2712 1666 2756 ωμακά-

1001 2770 1078 2802 ριε,
1113 2756 1207 2794 αὐτὸ
1236 2772 1302 2802 μεν
1331 2759 1367 2793 τί
1394 2740 1488 2793 ποτέ
1515 2758 1590 2794 ἐστι
1619 2757 1663 2794 τὸ

1002 2803 1178 2849 α’γιιθὸν,
1204 2802 1367 2848 ἐάσωμεν
1389 2804 1432 2839 τὸ
1453 2806 1523 2840 νῦν
1550 2803 1664 2840 εἶναι·
