<?xml version="1.0" encoding="UTF-8"?>
<!DOCTYPE html PUBLIC "-//W3C//DTD XHTML 1.0 Transitional//EN"
    "http://www.w3.org/TR/xhtml1/DTD/xhtml1-transitional.dtd">
<html xmlns="http://www.w3.org/1999/xhtml" xml:lang="en" lang="en">
 <head>
  <title>
</title>
<meta http-equiv="Content-Type" content="text/html;charset=utf-8" />
  <meta name='ocr-system' content='tesseract 3.04.00' />
  <meta name='ocr-capabilities' content='ocr_page ocr_carea ocr_par ocr_line ocrx_word'/>
</head>
<body>
  <div class='ocr_page' id='page_1' title='image "./operagraecerecen02platuoft_0344.png"; bbox 0 0 1807 3219; ppageno 0'>
   <div class='ocr_carea' id='block_1_1' title="bbox 195 1529 264 1565">
    <p class='ocr_par' dir='ltr' id='par_1_1' title="bbox 195 1529 264 1565">
     <span class='ocr_line' id='line_1_1' title="bbox 195 1529 264 1565; baseline 0.029 -2"><span class='ocrx_word' id='word_1_1' title='bbox 195 1529 264 1565; x_wconf 71' lang='lat'><em>523</em></span> 
     </span>
    </p>
   </div>
   <div class='ocr_carea' id='block_1_2' title="bbox 294 100 379 140">
    <p class='ocr_par' dir='ltr' id='par_1_2' title="bbox 294 100 379 140">
     <span class='ocr_line' id='line_1_2' title="bbox 294 100 379 140; baseline 0 -1"><span class='ocrx_word' id='word_1_2' title='bbox 294 100 379 140; x_wconf 75' lang='lat'><em>282</em></span> 
     </span>
    </p>
   </div>
   <div class='ocr_carea' id='block_1_3' title="bbox 201 200 1443 265">
    <p class='ocr_par' dir='ltr' id='par_1_3' title="bbox 201 200 1443 265">
     <span class='ocr_line' id='line_1_3' title="bbox 201 200 1443 265; baseline -0.002 -15"><span class='ocrx_word' id='word_1_3' title='bbox 201 215 269 251; x_wconf 76' lang='lat'><em>523</em></span> <span class='ocrx_word' id='word_1_4' title='bbox 292 206 449 265; x_wconf 82' lang='grc' dir='ltr'><em>νόησιν</em></span> <span class='ocrx_word' id='word_1_5' title='bbox 489 204 689 263; x_wconf 75' lang='grc' dir='ltr'><em>ἀγόντων</em></span> <span class='ocrx_word' id='word_1_6' title='bbox 728 206 863 262; x_wconf 83' lang='grc' dir='ltr'><em>φύσει</em></span> <span class='ocrx_word' id='word_1_7' title='bbox 900 202 1014 249; x_wconf 82' lang='grc' dir='ltr'><em>εἶναι</em></span> <span class='ocrx_word' id='word_1_8' title='bbox 1035 238 1048 256; x_wconf 93' lang='grc'>,</span> <span class='ocrx_word' id='word_1_9' title='bbox 1097 200 1160 248; x_wconf 75' lang='grc' dir='ltr'><em>ὧν</em></span> <span class='ocrx_word' id='word_1_10' title='bbox 1206 206 1443 261; x_wconf 79' lang='grc' dir='ltr'><em>ζητοῦμεν,</em></span> 
     </span>
    </p>
   </div>
   <div class='ocr_carea' id='block_1_4' title="bbox 743 92 1218 137">
    <p class='ocr_par' dir='ltr' id='par_1_4' title="bbox 743 92 1218 137">
     <span class='ocr_line' id='line_1_4' title="bbox 743 92 1218 137; baseline -0.004 -1"><span class='ocrx_word' id='word_1_11' title='bbox 743 92 1218 137; x_wconf 83' lang='lat' dir='ltr'><strong>PLATONIS</strong></span> 
     </span>
    </p>
   </div>
   <div class='ocr_carea' id='block_1_5' title="bbox 1489 208 1677 262">
    <p class='ocr_par' dir='ltr' id='par_1_5' title="bbox 1489 208 1677 262">
     <span class='ocr_line' id='line_1_5' title="bbox 1489 208 1677 262; baseline -0.005 -12"><span class='ocrx_word' id='word_1_12' title='bbox 1489 208 1677 262; x_wconf 70' lang='grc' dir='ltr'><em>χρῆσθαι</em></span> 
     </span>
    </p>
   </div>
   <div class='ocr_carea' id='block_1_6' title="bbox 225 271 1733 877">
    <p class='ocr_par' dir='ltr' id='par_1_6' title="bbox 225 271 1733 877">
     <span class='ocr_line' id='line_1_6' title="bbox 290 271 1677 332; baseline -0.001 -12"><span class='ocrx_word' id='word_1_13' title='bbox 290 275 331 321; x_wconf 88' lang='grc' dir='ltr'><em>δ’</em></span> <span class='ocrx_word' id='word_1_14' title='bbox 364 274 509 327; x_wconf 80' lang='grc' dir='ltr'><em>οὐδεὶς</em></span> <span class='ocrx_word' id='word_1_15' title='bbox 550 273 669 332; x_wconf 73' lang='grc' dir='ltr'><em>αύτῷ</em></span> <span class='ocrx_word' id='word_1_16' title='bbox 701 272 879 330; x_wconf 75' lang='grc' dir='ltr'><em>ὀρθῶς,</em></span> <span class='ocrx_word' id='word_1_17' title='bbox 921 273 1102 332; x_wconf 76' lang='grc' dir='ltr'><strong><em>ἑλκτικῷ</em></strong></span> <span class='ocrx_word' id='word_1_18' title='bbox 1144 271 1241 316; x_wconf 83' lang='grc' dir='ltr'><em>ὄντι</em></span> <span class='ocrx_word' id='word_1_19' title='bbox 1280 272 1531 326; x_wconf 76' lang='grc' dir='ltr'><em>παντάπασι</em></span> <span class='ocrx_word' id='word_1_20' title='bbox 1563 274 1677 328; x_wconf 82' lang='grc' dir='ltr'><em>πρὸς</em></span> 
     </span>
     <span class='ocr_line' id='line_1_7' title="bbox 288 338 1676 399; baseline -0.001 -11"><span class='ocrx_word' id='word_1_21' title='bbox 288 343 458 389; x_wconf 79' lang='grc' dir='ltr'><em>οὐσίαν.</em></span> <span class='ocrx_word' id='word_1_22' title='bbox 491 347 621 396; x_wconf 75' lang='grc' dir='ltr'><em>Πῶς,</em></span> <span class='ocrx_word' id='word_1_23' title='bbox 653 343 767 399; x_wconf 74' lang='grc' dir='ltr'><em>ἔφη,”</em></span> <span class='ocrx_word' id='word_1_24' title='bbox 793 342 951 398; x_wconf 71' lang='grc' dir='ltr'><em>λέγειςς</em></span> <span class='ocrx_word' id='word_1_25' title='bbox 992 341 1100 397; x_wconf 72' lang='grc' dir='ltr'><em>Ἐγώ</em></span> <span class='ocrx_word' id='word_1_26' title='bbox 1123 339 1410 395; x_wconf 81' lang='grc' dir='ltr'><em>πειράσομαι,</em></span> <span class='ocrx_word' id='word_1_27' title='bbox 1441 338 1498 398; x_wconf 77' lang='grc' dir='ltr'><em>ἦν</em></span> <span class='ocrx_word' id='word_1_28' title='bbox 1521 341 1556 386; x_wconf 87' lang='grc' dir='ltr'><em>δ’</em></span> <span class='ocrx_word' id='word_1_29' title='bbox 1579 342 1676 399; x_wconf 69' lang='grc' dir='ltr'><em>ἐγώ,</em></span> 
     </span>
     <span class='ocr_line' id='line_1_8' title="bbox 286 409 1681 469; baseline -0.002 -12"><span class='ocrx_word' id='word_1_30' title='bbox 286 412 337 457; x_wconf 89' lang='grc' dir='ltr'><em>τό</em></span> <span class='ocrx_word' id='word_1_31' title='bbox 365 409 402 469; x_wconf 88' lang='grc' dir='ltr'><em>γ’</em></span> <span class='ocrx_word' id='word_1_32' title='bbox 434 410 531 467; x_wconf 77' lang='grc' dir='ltr'><em>ἐμοὶ</em></span> <span class='ocrx_word' id='word_1_33' title='bbox 561 414 729 456; x_wconf 83' lang='grc' dir='ltr'><em>δοκοῦν</em></span> <span class='ocrx_word' id='word_1_34' title='bbox 748 412 952 467; x_wconf 72' lang='grc' dir='ltr'><em>δηλῶσαι.</em></span> <span class='ocrx_word' id='word_1_35' title='bbox 987 409 1016 454; x_wconf 78' lang='grc' dir='ltr'><em>ὁὶ</em></span> <span class='ocrx_word' id='word_1_36' title='bbox 1036 409 1120 467; x_wconf 79' lang='grc' dir='ltr'><em>γὰρ</em></span> <span class='ocrx_word' id='word_1_37' title='bbox 1143 411 1399 464; x_wconf 82' lang='grc' dir='ltr'><em>διαιροῦμαι</em></span> <span class='ocrx_word' id='word_1_38' title='bbox 1424 409 1523 465; x_wconf 86' lang='grc' dir='ltr'><em>παρ’</em></span> <span class='ocrx_word' id='word_1_39' title='bbox 1547 411 1681 467; x_wconf 54' lang='grc' dir='ltr'><em>ἐμαυ.</em></span> 
     </span>
     <span class='ocr_line' id='line_1_9' title="bbox 289 476 1682 539; baseline 0 -16"><span class='ocrx_word' id='word_1_40' title='bbox 289 484 354 539; x_wconf 80' lang='grc' dir='ltr'><em>τῷ</em></span> <span class='ocrx_word' id='word_1_41' title='bbox 386 479 536 536; x_wconf 74' lang='grc' dir='ltr'><em>ἀγωγά</em></span> <span class='ocrx_word' id='word_1_42' title='bbox 567 495 611 523; x_wconf 91' lang='grc' dir='ltr'><em>τε</em></span> <span class='ocrx_word' id='word_1_43' title='bbox 641 478 753 523; x_wconf 80' lang='grc' dir='ltr'><em>εἶναι</em></span> <span class='ocrx_word' id='word_1_44' title='bbox 784 476 829 523; x_wconf 85' lang='grc' dir='ltr'><em>οἷ</em></span> <span class='ocrx_word' id='word_1_45' title='bbox 857 478 1039 535; x_wconf 81' lang='grc' dir='ltr'><em>λέγομεν</em></span> <span class='ocrx_word' id='word_1_46' title='bbox 1067 479 1139 522; x_wconf 91' lang='grc' dir='ltr'><em>καὶ</em></span> <span class='ocrx_word' id='word_1_47' title='bbox 1169 477 1228 535; x_wconf 74' lang='grc' dir='ltr'><em>μή</em></span> <span class='ocrx_word' id='word_1_48' title='bbox 1246 512 1256 530; x_wconf 88' lang='grc'><strong>,</strong></span> <span class='ocrx_word' id='word_1_49' title='bbox 1289 477 1529 534; x_wconf 80' lang='grc' dir='ltr'><em>ξυνθεατὴς</em></span> <span class='ocrx_word' id='word_1_50' title='bbox 1550 479 1682 534; x_wconf 77' lang='grc' dir='ltr'><em>γενό-</em></span> 
     </span>
     <span class='ocr_line' id='line_1_10' title="bbox 287 545 1683 605; baseline -0.001 -13"><span class='ocrx_word' id='word_1_51' title='bbox 287 565 418 605; x_wconf 85' lang='grc' dir='ltr'><em>μενος</em></span> <span class='ocrx_word' id='word_1_52' title='bbox 440 546 644 604; x_wconf 78' lang='grc' dir='ltr'><em>ξύμφαθι</em></span> <span class='ocrx_word' id='word_1_53' title='bbox 660 545 689 603; x_wconf 72' lang='grc' dir='ltr'><em>η’</em></span> <span class='ocrx_word' id='word_1_54' title='bbox 702 545 868 599; x_wconf 72' lang='grc' dir='ltr'><em>ἄπειπε,</em></span> <span class='ocrx_word' id='word_1_55' title='bbox 888 549 960 591; x_wconf 81' lang='grc' dir='ltr'><em>ἵνα</em></span> <span class='ocrx_word' id='word_1_56' title='bbox 983 548 1055 590; x_wconf 85' lang='grc' dir='ltr'><em>καὶ</em></span> <span class='ocrx_word' id='word_1_57' title='bbox 1076 550 1207 590; x_wconf 84' lang='grc' dir='ltr'><em>τοῦτο</em></span> <span class='ocrx_word' id='word_1_58' title='bbox 1233 546 1501 602; x_wconf 80' lang='grc' dir='ltr'><em>σαφέστερον</em></span> <span class='ocrx_word' id='word_1_59' title='bbox 1519 547 1683 602; x_wconf 78' lang='grc' dir='ltr'><em>ἴδωμεν</em></span> 
     </span>
     <span class='ocr_line' id='line_1_11' title="bbox 288 612 1678 672; baseline -0.001 -12"><span class='ocrx_word' id='word_1_60' title='bbox 288 618 325 660; x_wconf 82' lang='grc' dir='ltr'><em>εἰ</em></span> <span class='ocrx_word' id='word_1_61' title='bbox 346 617 463 661; x_wconf 71' lang='grc' dir='ltr'><em>ἔστιν</em></span> <span class='ocrx_word' id='word_1_62' title='bbox 486 614 583 660; x_wconf 87' lang='grc' dir='ltr'><em>οἶον</em></span> <span class='ocrx_word' id='word_1_63' title='bbox 595 614 878 672; x_wconf 81' lang='grc' dir='ltr'><em>μαντεύομαι.</em></span> <span class='ocrx_word' id='word_1_64' title='bbox 895 617 1074 669; x_wconf 64' lang='lat' dir='ltr'><em>Acium),</em></span> <span class='ocrx_word' id='word_1_65' title='bbox 1100 615 1196 671; x_wconf 75' lang='grc' dir='ltr'><em>ἔφη.</em></span> <span class='ocrx_word' id='word_1_66' title='bbox 1217 616 1429 671; x_wconf 85' lang='grc' dir='ltr'><em>Δείκνυμι</em></span> <span class='ocrx_word' id='word_1_67' title='bbox 1450 613 1520 671; x_wconf 77' lang='grc' dir='ltr'><em>δή,</em></span> <span class='ocrx_word' id='word_1_68' title='bbox 1543 612 1678 666; x_wconf 83' lang='grc' dir='ltr'><em>εἷπον,</em></span> 
     </span>
     <span class='ocr_line' id='line_1_12' title="bbox 287 681 1733 742; baseline -0.002 -13"><span class='ocrx_word' id='word_1_69' title='bbox 287 686 325 730; x_wconf 82' lang='grc' dir='ltr'><em>εἰ</em></span> <span class='ocrx_word' id='word_1_70' title='bbox 362 688 564 742; x_wconf 77' lang='grc' dir='ltr'><em>καθορᾷς</em></span> <span class='ocrx_word' id='word_1_71' title='bbox 588 716 599 736; x_wconf 82' lang='grc'>,</span> <span class='ocrx_word' id='word_1_72' title='bbox 655 683 708 726; x_wconf 75' lang='grc' dir='ltr'><em>τά</em></span> <span class='ocrx_word' id='word_1_73' title='bbox 748 683 828 740; x_wconf 75' lang='grc' dir='ltr'><em>μὲν</em></span> <span class='ocrx_word' id='word_1_74' title='bbox 867 684 914 727; x_wconf 79' lang='grc' dir='ltr'><em>ἐν</em></span> <span class='ocrx_word' id='word_1_75' title='bbox 955 689 1049 734; x_wconf 84' lang='grc' dir='ltr'><em>ταῖς</em></span> <span class='ocrx_word' id='word_1_76' title='bbox 1089 681 1346 740; x_wconf 80' lang='grc' dir='ltr'><em>αἰσθήσεσιν</em></span> <span class='ocrx_word' id='word_1_77' title='bbox 1385 681 1440 726; x_wconf 81' lang='grc' dir='ltr'><em>οὐ</em></span> <span class='ocrx_word' id='word_1_78' title='bbox 1480 698 1679 739; x_wconf 80' lang='grc' dir='ltr'><em>παρακα-</em></span> <span class='ocrx_word' id='word_1_79' title='bbox 1730 682 1733 687; x_wconf 75' lang='grc'><strong><em>’</em></strong></span> 
     </span>
     <span class='ocr_line' id='line_1_13' title="bbox 225 749 1680 809; baseline -0.001 -12"><span class='ocrx_word' id='word_1_80' title='bbox 225 762 261 803; x_wconf 88' lang='grc' dir='ltr'>Β</span> <span class='ocrx_word' id='word_1_81' title='bbox 292 757 457 797; x_wconf 84' lang='grc' dir='ltr'><em>λοῦντα</em></span> <span class='ocrx_word' id='word_1_82' title='bbox 486 754 567 809; x_wconf 87' lang='grc' dir='ltr'><em>τὴν</em></span> <span class='ocrx_word' id='word_1_83' title='bbox 598 749 755 808; x_wconf 81' lang='grc' dir='ltr'><em>νόησιν</em></span> <span class='ocrx_word' id='word_1_84' title='bbox 789 753 849 803; x_wconf 85' lang='grc' dir='ltr'><em>εἰς</em></span> <span class='ocrx_word' id='word_1_85' title='bbox 880 752 1126 805; x_wconf 79' lang='grc' dir='ltr'><em>ἐπίσκεψιν,</em></span> <span class='ocrx_word' id='word_1_86' title='bbox 1170 749 1230 802; x_wconf 76' lang='grc' dir='ltr'><em>ὠς</em></span> <span class='ocrx_word' id='word_1_87' title='bbox 1269 753 1433 803; x_wconf 78' lang='grc' dir='ltr'><em>ἱκανῶς</em></span> <span class='ocrx_word' id='word_1_88' title='bbox 1475 750 1564 795; x_wconf 79' lang='grc' dir='ltr'><em>ὑπὸ</em></span> <span class='ocrx_word' id='word_1_89' title='bbox 1605 755 1680 808; x_wconf 84' lang='grc' dir='ltr'><em>τῆς</em></span> 
     </span>
     <span class='ocr_line' id='line_1_14' title="bbox 290 818 1679 877; baseline -0.001 -13"><span class='ocrx_word' id='word_1_90' title='bbox 290 821 536 877; x_wconf 79' lang='grc' dir='ltr'><em>αἰσθήσεως</em></span> <span class='ocrx_word' id='word_1_91' title='bbox 565 819 831 876; x_wconf 87' lang='grc' dir='ltr'><em>κρινόμενα,</em></span> <span class='ocrx_word' id='word_1_92' title='bbox 868 820 922 865; x_wconf 71' lang='grc' dir='ltr'><em>τοὶ</em></span> <span class='ocrx_word' id='word_1_93' title='bbox 965 821 1011 865; x_wconf 79' lang='grc' dir='ltr'><em>δὲ</em></span> <span class='ocrx_word' id='word_1_94' title='bbox 1049 820 1300 864; x_wconf 80' lang='grc' dir='ltr'><em>παντάπασι</em></span> <span class='ocrx_word' id='word_1_95' title='bbox 1341 818 1679 877; x_wconf 82' lang='grc' dir='ltr'><em>διακελευόμενα</em></span> 
     </span>
    </p>
   </div>
   <div class='ocr_carea' id='block_1_7' title="bbox 288 887 1745 1018">
    <p class='ocr_par' dir='ltr' id='par_1_7' title="bbox 288 887 1745 1018">
     <span class='ocr_line' id='line_1_15' title="bbox 288 887 1745 946; baseline 0.003 -14"><span class='ocrx_word' id='word_1_96' title='bbox 288 888 456 945; x_wconf 76' lang='grc' dir='ltr'><em>ἐκείνην</em></span> <span class='ocrx_word' id='word_1_97' title='bbox 497 887 815 941; x_wconf 74' lang='grc' dir='ltr'><em>ἐπισκέψασθαι</em></span> <span class='ocrx_word' id='word_1_98' title='bbox 837 920 849 939; x_wconf 83' lang='grc'><em>.,</em></span> <span class='ocrx_word' id='word_1_99' title='bbox 905 888 964 940; x_wconf 74' lang='grc' dir='ltr'><em>ὥς</em></span> <span class='ocrx_word' id='word_1_100' title='bbox 1005 892 1082 946; x_wconf 82' lang='grc' dir='ltr'><em>τῆς</em></span> <span class='ocrx_word' id='word_1_101' title='bbox 1111 888 1354 946; x_wconf 75' lang='grc' dir='ltr'><em>αἰσθήσεως</em></span> <span class='ocrx_word' id='word_1_102' title='bbox 1384 888 1517 932; x_wconf 80' lang='grc' dir='ltr'><em>οὐδὲν</em></span> <span class='ocrx_word' id='word_1_103' title='bbox 1547 888 1745 945; x_wconf 76' lang='grc' dir='ltr'><em>ὑγιὲς484</em></span> 
     </span>
     <span class='ocr_line' id='line_1_16' title="bbox 578 955 1677 1018; baseline 0 -18"><span class='ocrx_word' id='word_1_104' title='bbox 578 957 642 1000; x_wconf 80' lang='grc' dir='ltr'><em>Τὰ</em></span> <span class='ocrx_word' id='word_1_105' title='bbox 681 956 940 1014; x_wconf 79' lang='grc' dir='ltr'><em>πόρῤωθεν,</em></span> <span class='ocrx_word' id='word_1_106' title='bbox 983 957 1091 1013; x_wconf 77' lang='grc' dir='ltr'><em>ἔφη,</em></span> <span class='ocrx_word' id='word_1_107' title='bbox 1138 955 1390 1013; x_wconf 85' lang='grc' dir='ltr'><em>φαινόμενα</em></span> <span class='ocrx_word' id='word_1_108' title='bbox 1430 959 1567 1013; x_wconf 84' lang='grc' dir='ltr'><em>δῆλον</em></span> <span class='ocrx_word' id='word_1_109' title='bbox 1595 956 1677 1018; x_wconf 23' lang='grc' dir='ltr'><em>,ὅτι</em></span> 
     </span>
    </p>
   </div>
   <div class='ocr_carea' id='block_1_8' title="bbox 288 956 513 1013">
    <p class='ocr_par' dir='ltr' id='par_1_8' title="bbox 288 956 513 1013">
     <span class='ocr_line' id='line_1_17' title="bbox 288 956 513 1013; baseline -0.004 -12"><span class='ocrx_word' id='word_1_110' title='bbox 288 956 513 1013; x_wconf 82' lang='grc' dir='ltr'><em>ποιούσης.</em></span> 
     </span>
    </p>
   </div>
   <div class='ocr_carea' id='block_1_9' title="bbox 292 1024 1676 1151">
    <p class='ocr_par' dir='ltr' id='par_1_9' title="bbox 292 1024 1676 1151">
     <span class='ocr_line' id='line_1_18' title="bbox 292 1024 1061 1081; baseline -0.003 -12"><span class='ocrx_word' id='word_1_111' title='bbox 292 1026 429 1081; x_wconf 82' lang='grc' dir='ltr'><em>λέγεις</em></span> <span class='ocrx_word' id='word_1_112' title='bbox 466 1026 539 1069; x_wconf 89' lang='grc' dir='ltr'><em>καὶ</em></span> <span class='ocrx_word' id='word_1_113' title='bbox 575 1025 628 1068; x_wconf 74' lang='grc' dir='ltr'><em>τοὶ</em></span> <span class='ocrx_word' id='word_1_114' title='bbox 667 1024 1061 1081; x_wconf 78' lang='grc' dir='ltr'><em>ἐσκιαγραφημένα.</em></span> 
     </span>
     <span class='ocr_line' id='line_1_19' title="bbox 738 1092 1676 1151; baseline -0.001 -13"><span class='ocrx_word' id='word_1_115' title='bbox 738 1098 857 1139; x_wconf 88' lang='grc' dir='ltr'><em>Ποῖα</em></span> <span class='ocrx_word' id='word_1_116' title='bbox 885 1094 973 1150; x_wconf 79' lang='grc' dir='ltr'><em>μήν</em></span> <span class='ocrx_word' id='word_1_117' title='bbox 994 1129 1004 1146; x_wconf 84' lang='grc'><strong>,</strong></span> <span class='ocrx_word' id='word_1_118' title='bbox 1046 1094 1130 1151; x_wconf 77' lang='grc' dir='ltr'><em>ἔφη</em></span> <span class='ocrx_word' id='word_1_119' title='bbox 1151 1126 1164 1146; x_wconf 91' lang='grc'><strong>,</strong></span> <span class='ocrx_word' id='word_1_120' title='bbox 1205 1092 1368 1150; x_wconf 73' lang='grc' dir='ltr'><em>λέγεις-ς</em></span> <span class='ocrx_word' id='word_1_121' title='bbox 1421 1093 1485 1137; x_wconf 79' lang='grc' dir='ltr'><em>Τὰ</em></span> <span class='ocrx_word' id='word_1_122' title='bbox 1515 1094 1593 1150; x_wconf 79' lang='grc' dir='ltr'><em>μὲν</em></span> <span class='ocrx_word' id='word_1_123' title='bbox 1620 1092 1676 1139; x_wconf 88' lang='grc' dir='ltr'><em>ου’</em></span> 
     </span>
    </p>
   </div>
   <div class='ocr_carea' id='block_1_10' title="bbox 290 1089 674 1150">
    <p class='ocr_par' dir='ltr' id='par_1_10' title="bbox 290 1089 674 1150">
     <span class='ocr_line' id='line_1_20' title="bbox 290 1089 674 1150; baseline -0.003 -12"><span class='ocrx_word' id='word_1_124' title='bbox 290 1094 433 1150; x_wconf 76' lang='grc' dir='ltr'><em>ἔτυχες</em></span> <span class='ocrx_word' id='word_1_125' title='bbox 464 1089 522 1138; x_wconf 78' lang='grc' dir='ltr'><em>οὗ</em></span> <span class='ocrx_word' id='word_1_126' title='bbox 549 1093 674 1150; x_wconf 83' lang='grc' dir='ltr'><em>λέγω.</em></span> 
     </span>
    </p>
   </div>
   <div class='ocr_carea' id='block_1_11' title="bbox 283 1240 954 1980">
    <p class='ocr_par' dir='ltr' id='par_1_11' title="bbox 285 1240 954 1508">
     <span class='ocr_line' id='line_1_21' title="bbox 289 1240 954 1288; baseline 0.002 -11"><span class='ocrx_word' id='word_1_127' title='bbox 289 1243 329 1278; x_wconf 85' lang='grc' dir='ltr'><em>εἴ</em></span> <span class='ocrx_word' id='word_1_128' title='bbox 342 1254 382 1287; x_wconf 84' lang='grc' dir='ltr'><em>γε</em></span> <span class='ocrx_word' id='word_1_129' title='bbox 398 1241 447 1287; x_wconf 88' lang='grc' dir='ltr'><em>μὴ</em></span> <span class='ocrx_word' id='word_1_130' title='bbox 469 1240 655 1287; x_wconf 81' lang='grc' dir='ltr'><em>η’πίστατο</em></span> <span class='ocrx_word' id='word_1_131' title='bbox 676 1241 853 1288; x_wconf 72' lang='grc' dir='ltr'><em>ἀριθμεῖν</em></span> <span class='ocrx_word' id='word_1_132' title='bbox 873 1256 954 1278; x_wconf 86' lang='lat' dir='ltr'>con-</span> 
     </span>
     <span class='ocr_line' id='line_1_22' title="bbox 287 1267 952 1334; baseline 0.002 -11"><span class='ocrx_word' id='word_1_133' title='bbox 287 1290 416 1323; x_wconf 83' lang='lat' dir='ltr'>tinuat:</span> <span class='ocrx_word' id='word_1_134' title='bbox 464 1267 673 1323; x_wconf 82' lang='grc' dir='ltr'><em>κινδυνεύει</em></span> <span class='ocrx_word' id='word_1_135' title='bbox 714 1302 807 1334; x_wconf 86' lang='grc' dir='ltr'><em>γουν</em></span> <span class='ocrx_word' id='word_1_136' title='bbox 850 1291 952 1333; x_wconf 89' lang='lat' dir='ltr'><strong>(cod.</strong></span> 
     </span>
     <span class='ocr_line' id='line_1_23' title="bbox 285 1329 953 1395; baseline 0.003 -26"><span class='ocrx_word' id='word_1_137' title='bbox 285 1336 412 1392; x_wconf 86' lang='lat' dir='ltr'><strong>Scalig.</strong></span> <span class='ocrx_word' id='word_1_138' title='bbox 439 1329 535 1390; x_wconf 76' lang='grc' dir='ltr'><em>οὖν)</em></span> <span class='ocrx_word' id='word_1_139' title='bbox 572 1348 649 1370; x_wconf 87' lang='grc' dir='ltr'><em>των</em></span> <span class='ocrx_word' id='word_1_140' title='bbox 686 1335 801 1395; x_wconf 85' lang='grc' dir='ltr'><em>πρὸς</em></span> <span class='ocrx_word' id='word_1_141' title='bbox 822 1336 953 1380; x_wconf 87' lang='grc' dir='ltr'><em>νόησιν</em></span> 
     </span>
     <span class='ocr_line' id='line_1_24' title="bbox 286 1379 954 1437; baseline 0.003 -22"><span class='ocrx_word' id='word_1_142' title='bbox 286 1379 457 1437; x_wconf 83' lang='grc' dir='ltr'><em>οἷγόντων</em></span> <span class='ocrx_word' id='word_1_143' title='bbox 478 1380 588 1437; x_wconf 81' lang='grc' dir='ltr'><em>φύσει</em></span> <span class='ocrx_word' id='word_1_144' title='bbox 607 1379 716 1424; x_wconf 77' lang='grc' dir='ltr'><em>εἶναι,</em></span> <span class='ocrx_word' id='word_1_145' title='bbox 743 1381 805 1417; x_wconf 84' lang='grc' dir='ltr'><em>καὶ</em></span> <span class='ocrx_word' id='word_1_146' title='bbox 826 1381 954 1422; x_wconf 83' lang='grc' dir='ltr'><em>ούδεις</em></span> 
     </span>
     <span class='ocr_line' id='line_1_25' title="bbox 285 1425 953 1493; baseline 0.003 -32"><span class='ocrx_word' id='word_1_147' title='bbox 285 1425 388 1484; x_wconf 73' lang='grc' dir='ltr'><em>αύτῷ</em></span> <span class='ocrx_word' id='word_1_148' title='bbox 417 1428 550 1473; x_wconf 83' lang='grc' dir='ltr'><em>χρῆται</em></span> <span class='ocrx_word' id='word_1_149' title='bbox 576 1426 726 1493; x_wconf 76' lang='grc' dir='ltr'><em>ἑλκτικῷ</em></span> <span class='ocrx_word' id='word_1_150' title='bbox 757 1425 841 1463; x_wconf 77' lang='grc' dir='ltr'><em>ὄντι</em></span> <span class='ocrx_word' id='word_1_151' title='bbox 857 1426 953 1474; x_wconf 82' lang='grc' dir='ltr'><em>πρὸς</em></span> 
     </span>
     <span class='ocr_line' id='line_1_26' title="bbox 286 1472 432 1508; baseline -0.007 0"><span class='ocrx_word' id='word_1_152' title='bbox 286 1472 432 1508; x_wconf 81' lang='grc' dir='ltr'><em>ον’σίαν.</em></span> 
     </span>
    </p>

    <p class='ocr_par' dir='ltr' id='par_1_12' title="bbox 283 1514 952 1980">
     <span class='ocr_line' id='line_1_27' title="bbox 334 1514 950 1565; baseline -0.002 -11"><span class='ocrx_word' id='word_1_153' title='bbox 334 1514 408 1565; x_wconf 79' lang='grc' dir='ltr'><em>ὠν]</em></span> <span class='ocrx_word' id='word_1_154' title='bbox 457 1519 513 1554; x_wconf 81' lang='lat' dir='ltr'><em>Ita</em></span> <span class='ocrx_word' id='word_1_155' title='bbox 544 1520 623 1556; x_wconf 86' lang='lat' dir='ltr'><strong>Par.</strong></span> <span class='ocrx_word' id='word_1_156' title='bbox 662 1521 701 1555; x_wconf 92' lang='lat' dir='ltr'><em>A.</em></span> <span class='ocrx_word' id='word_1_157' title='bbox 743 1520 844 1557; x_wconf 86' lang='lat' dir='ltr'><strong>Vind.</strong></span> <span class='ocrx_word' id='word_1_158' title='bbox 876 1521 950 1554; x_wconf 87' lang='grc' dir='ltr'><em>ΒΓ.</em></span> 
     </span>
     <span class='ocr_line' id='line_1_28' title="bbox 286 1562 952 1610; baseline 0 -9"><span class='ocrx_word' id='word_1_159' title='bbox 286 1567 686 1601; x_wconf 72' lang='lat' dir='ltr'><strong>M011.c.Ven.c.a</strong></span> <span class='ocrx_word' id='word_1_160' title='bbox 721 1578 764 1602; x_wconf 89' lang='lat' dir='ltr'><em>m.</em></span> <span class='ocrx_word' id='word_1_161' title='bbox 788 1578 815 1601; x_wconf 89' lang='lat' dir='ltr'><em>s.</em></span> <span class='ocrx_word' id='word_1_162' title='bbox 842 1562 952 1610; x_wconf 63' lang='lat' dir='ltr'><em>(Eva</em></span> 
     </span>
     <span class='ocr_line' id='line_1_29' title="bbox 284 1612 951 1668; baseline -0.005 -20"><span class='ocrx_word' id='word_1_163' title='bbox 284 1625 328 1648; x_wconf 83' lang='lat' dir='ltr'><em>m.</em></span> <span class='ocrx_word' id='word_1_164' title='bbox 352 1614 426 1657; x_wconf 82' lang='lat' dir='ltr'><strong>pr.)</strong></span> <span class='ocrx_word' id='word_1_165' title='bbox 455 1614 544 1668; x_wconf 84' lang='lat' dir='ltr'><strong>Ang.</strong></span> <span class='ocrx_word' id='word_1_166' title='bbox 579 1613 621 1646; x_wconf 91' lang='grc' dir='ltr'><em>Β.</em></span> <span class='ocrx_word' id='word_1_167' title='bbox 661 1614 742 1647; x_wconf 85' lang='lat' dir='ltr'><strong>Vat.</strong></span> <span class='ocrx_word' id='word_1_168' title='bbox 766 1613 810 1647; x_wconf 90' lang='lat' dir='ltr'><em>H.</em></span> <span class='ocrx_word' id='word_1_169' title='bbox 858 1612 951 1646; x_wconf 79' lang='lat' dir='ltr'><strong>F.lor</strong></span> 
     </span>
     <span class='ocr_line' id='line_1_30' title="bbox 283 1655 952 1695; baseline -0.001 -3"><span class='ocrx_word' id='word_1_170' title='bbox 283 1659 425 1695; x_wconf 48' lang='grc' dir='ltr'><em>ΑΟΓΜΓ</em></span> <span class='ocrx_word' id='word_1_171' title='bbox 453 1655 473 1693; x_wconf 83' lang='grc' dir='ltr'>ὃ</span> <span class='ocrx_word' id='word_1_172' title='bbox 499 1659 583 1693; x_wconf 83' lang='lat' dir='ltr'>Ven,</span> <span class='ocrx_word' id='word_1_173' title='bbox 597 1659 636 1692; x_wconf 85' lang='lat' dir='ltr'><em>B.</em></span> <span class='ocrx_word' id='word_1_174' title='bbox 662 1671 682 1692; x_wconf 84' lang='lat' dir='ltr'>a</span> <span class='ocrx_word' id='word_1_175' title='bbox 709 1670 752 1693; x_wconf 82' lang='lat' dir='ltr'><em>in.</em></span> <span class='ocrx_word' id='word_1_176' title='bbox 776 1670 803 1692; x_wconf 84' lang='lat' dir='ltr'><em>s.</em></span> <span class='ocrx_word' id='word_1_177' title='bbox 835 1663 870 1692; x_wconf 89' lang='lat' dir='ltr'>et</span> <span class='ocrx_word' id='word_1_178' title='bbox 895 1670 952 1691; x_wconf 80' lang='lat' dir='ltr'>re—</span> 
     </span>
     <span class='ocr_line' id='line_1_31' title="bbox 283 1705 950 1750; baseline -0.001 -12"><span class='ocrx_word' id='word_1_179' title='bbox 283 1705 369 1750; x_wconf 85' lang='lat' dir='ltr'>liqui</span> <span class='ocrx_word' id='word_1_180' title='bbox 402 1706 536 1739; x_wconf 82' lang='lat' dir='ltr'>codices</span> <span class='ocrx_word' id='word_1_181' title='bbox 572 1705 724 1750; x_wconf 85' lang='lat' dir='ltr'>editique</span> <span class='ocrx_word' id='word_1_182' title='bbox 760 1708 839 1739; x_wconf 83' lang='lat' dir='ltr'>ante</span> <span class='ocrx_word' id='word_1_183' title='bbox 863 1705 950 1738; x_wconf 84' lang='lat' dir='ltr'>Astii</span> 
     </span>
     <span class='ocr_line' id='line_1_32' title="bbox 283 1751 950 1796; baseline 0 -11"><span class='ocrx_word' id='word_1_184' title='bbox 283 1763 353 1785; x_wconf 80' lang='lat' dir='ltr'><strong>sec.</strong></span> <span class='ocrx_word' id='word_1_185' title='bbox 387 1751 423 1785; x_wconf 87' lang='lat' dir='ltr'>in</span> <span class='ocrx_word' id='word_1_186' title='bbox 458 1762 526 1796; x_wconf 83' lang='lat' dir='ltr'><em>qua</em></span> <span class='ocrx_word' id='word_1_187' title='bbox 548 1762 665 1785; x_wconf 85' lang='lat' dir='ltr'>veram</span> <span class='ocrx_word' id='word_1_188' title='bbox 687 1751 866 1785; x_wconf 85' lang='lat' dir='ltr'>lectionem</span> <span class='ocrx_word' id='word_1_189' title='bbox 891 1763 950 1785; x_wconf 81' lang='lat' dir='ltr'><em>ac-</em></span> 
     </span>
     <span class='ocr_line' id='line_1_33' title="bbox 285 1797 951 1831; baseline 0 -1"><span class='ocrx_word' id='word_1_190' title='bbox 285 1801 407 1831; x_wconf 81' lang='lat' dir='ltr'>curata</span> <span class='ocrx_word' id='word_1_191' title='bbox 440 1797 657 1831; x_wconf 82' lang='lat' dir='ltr'>Monacensis</span> <span class='ocrx_word' id='word_1_192' title='bbox 688 1798 728 1831; x_wconf 86' lang='lat' dir='ltr'><em>C.</em></span> <span class='ocrx_word' id='word_1_193' title='bbox 773 1797 951 1831; x_wconf 83' lang='lat' dir='ltr'>collatione</span> 
     </span>
     <span class='ocr_line' id='line_1_34' title="bbox 286 1843 950 1888; baseline 0.002 -11"><span class='ocrx_word' id='word_1_194' title='bbox 286 1844 471 1878; x_wconf 83' lang='lat' dir='ltr'>destitutus</span> <span class='ocrx_word' id='word_1_195' title='bbox 496 1843 612 1876; x_wconf 82' lang='lat' dir='ltr'>Ficino</span> <span class='ocrx_word' id='word_1_196' title='bbox 634 1848 821 1887; x_wconf 84' lang='lat' dir='ltr'>praeeunte</span> <span class='ocrx_word' id='word_1_197' title='bbox 845 1846 950 1888; x_wconf 80' lang='lat' dir='ltr'><em>(qua-</em></span> 
     </span>
     <span class='ocr_line' id='line_1_35' title="bbox 287 1889 950 1934; baseline -0.002 -10"><span class='ocrx_word' id='word_1_198' title='bbox 287 1891 340 1924; x_wconf 76' lang='lat' dir='ltr'><em>lia</em></span> <span class='ocrx_word' id='word_1_199' title='bbox 354 1902 416 1924; x_wconf 80' lang='lat' dir='ltr'><em>uos</em></span> <span class='ocrx_word' id='word_1_200' title='bbox 432 1889 680 1934; x_wconf 81' lang='lat' dir='ltr'>perquirimus)</span> <span class='ocrx_word' id='word_1_201' title='bbox 701 1893 736 1922; x_wconf 88' lang='lat' dir='ltr'>et</span> <span class='ocrx_word' id='word_1_202' title='bbox 751 1889 869 1923; x_wconf 82' lang='lat' dir='ltr'>similis</span> <span class='ocrx_word' id='word_1_203' title='bbox 888 1890 950 1923; x_wconf 88' lang='lat' dir='ltr'><em>du-</em></span> 
     </span>
     <span class='ocr_line' id='line_1_36' title="bbox 287 1935 951 1980; baseline 0 -10"><span class='ocrx_word' id='word_1_204' title='bbox 287 1939 345 1970; x_wconf 80' lang='lat' dir='ltr'><em>ctu</em></span> <span class='ocrx_word' id='word_1_205' title='bbox 368 1936 433 1970; x_wconf 87' lang='lat' dir='ltr'>loci</span> <span class='ocrx_word' id='word_1_206' title='bbox 458 1948 489 1980; x_wconf 89' lang='lat' dir='ltr'><em>p.</em></span> <span class='ocrx_word' id='word_1_207' title='bbox 515 1936 593 1969; x_wconf 73' lang='grc'><em>525.</em></span> <span class='ocrx_word' id='word_1_208' title='bbox 618 1936 658 1969; x_wconf 88' lang='grc' dir='ltr'><em>Β.</em></span> <span class='ocrx_word' id='word_1_209' title='bbox 696 1935 751 1969; x_wconf 77' lang='grc' dir='ltr'><em>ών</em></span> <span class='ocrx_word' id='word_1_210' title='bbox 770 1936 951 1979; x_wconf 75' lang='grc' dir='ltr'><em>ζητοῦμεν</em></span> 
     </span>
    </p>
   </div>
   <div class='ocr_carea' id='block_1_12' title="bbox 288 1977 951 2037">
    <p class='ocr_par' dir='ltr' id='par_1_13' title="bbox 288 1977 951 2037">
     <span class='ocr_line' id='line_1_37' title="bbox 288 1977 951 2037; baseline -0.003 -21"><span class='ocrx_word' id='word_1_211' title='bbox 288 1977 365 2025; x_wconf 71' lang='grc' dir='ltr'><em>ἄρα</em></span> <span class='ocrx_word' id='word_1_212' title='bbox 382 1983 496 2037; x_wconf 78' lang='grc' dir='ltr'><em>μαθη</em></span> <span class='ocrx_word' id='word_1_213' title='bbox 495 1979 618 2015; x_wconf 64' lang='grc' dir='ltr'><em>μάτων</em></span> <span class='ocrx_word' id='word_1_214' title='bbox 642 1993 689 2014; x_wconf 89' lang='grc' dir='ltr'><em>αν</em></span> <span class='ocrx_word' id='word_1_215' title='bbox 711 1981 767 2025; x_wconf 83' lang='grc' dir='ltr'><em>εἴη</em></span> <span class='ocrx_word' id='word_1_216' title='bbox 792 1982 951 2016; x_wconf 80' lang='lat' dir='ltr'><strong>restituit.</strong></span> 
     </span>
    </p>
   </div>
   <div class='ocr_carea' id='block_1_13' title="bbox 282 2026 950 2811">
    <p class='ocr_par' dir='ltr' id='par_1_14' title="bbox 287 2026 950 2108">
     <span class='ocr_line' id='line_1_38' title="bbox 334 2026 950 2073; baseline 0.002 -11"><span class='ocrx_word' id='word_1_217' title='bbox 334 2026 389 2073; x_wconf 85' lang='grc' dir='ltr'><em>δ’]</em></span> <span class='ocrx_word' id='word_1_218' title='bbox 425 2026 463 2062; x_wconf 84' lang='grc' dir='ltr'><em>δε</em></span> <span class='ocrx_word' id='word_1_219' title='bbox 492 2028 588 2061; x_wconf 91' lang='lat' dir='ltr'><strong>Vind.</strong></span> <span class='ocrx_word' id='word_1_220' title='bbox 614 2028 688 2062; x_wconf 91' lang='lat' dir='ltr'><em>BF.</em></span> <span class='ocrx_word' id='word_1_221' title='bbox 717 2028 810 2062; x_wconf 90' lang='lat' dir='ltr'><em>Mon</em></span> <span class='ocrx_word' id='word_1_222' title='bbox 837 2029 877 2064; x_wconf 87' lang='lat' dir='ltr'><em>C.</em></span> <span class='ocrx_word' id='word_1_223' title='bbox 903 2026 950 2063; x_wconf 80' lang='grc' dir='ltr'><em>δι’</em></span> 
     </span>
     <span class='ocr_line' id='line_1_39' title="bbox 287 2071 596 2108; baseline -0.003 0"><span class='ocrx_word' id='word_1_224' title='bbox 287 2074 360 2108; x_wconf 86' lang='lat' dir='ltr'><strong>Ald.</strong></span> <span class='ocrx_word' id='word_1_225' title='bbox 388 2071 436 2108; x_wconf 82' lang='grc' dir='ltr'><em>δί</em></span> <span class='ocrx_word' id='word_1_226' title='bbox 459 2075 540 2107; x_wconf 80' lang='lat' dir='ltr'><strong>Bas.</strong></span> <span class='ocrx_word' id='word_1_227' title='bbox 565 2086 596 2108; x_wconf 81' lang='lat' dir='ltr'><em>a.</em></span> 
     </span>
    </p>

    <p class='ocr_par' dir='ltr' id='par_1_15' title="bbox 333 2118 947 2177">
     <span class='ocr_line' id='line_1_40' title="bbox 333 2118 947 2177; baseline 0 -22"><span class='ocrx_word' id='word_1_228' title='bbox 333 2118 486 2177; x_wconf 76' lang='grc' dir='ltr'><em>ὀρθῶς]</em></span> <span class='ocrx_word' id='word_1_229' title='bbox 515 2132 578 2154; x_wconf 89' lang='lat' dir='ltr'><em>om.</em></span> <span class='ocrx_word' id='word_1_230' title='bbox 604 2120 689 2155; x_wconf 90' lang='lat' dir='ltr'><strong>Ven.</strong></span> <span class='ocrx_word' id='word_1_231' title='bbox 716 2120 757 2153; x_wconf 94' lang='lat' dir='ltr'><em>B.</em></span> <span class='ocrx_word' id='word_1_232' title='bbox 784 2132 805 2153; x_wconf 78' lang='lat' dir='ltr'><strong>a</strong></span> <span class='ocrx_word' id='word_1_233' title='bbox 828 2133 869 2155; x_wconf 86' lang='lat' dir='ltr'><em>m.</em></span> <span class='ocrx_word' id='word_1_234' title='bbox 895 2132 947 2165; x_wconf 71' lang='lat' dir='ltr'><em>pi·-</em></span> 
     </span>
    </p>

    <p class='ocr_par' dir='ltr' id='par_1_16' title="bbox 284 2163 948 2258">
     <span class='ocr_line' id='line_1_41' title="bbox 330 2163 948 2211; baseline -0.002 -10"><span class='ocrx_word' id='word_1_235' title='bbox 330 2165 376 2201; x_wconf 86' lang='grc' dir='ltr'><em>τό</em></span> <span class='ocrx_word' id='word_1_236' title='bbox 396 2164 426 2211; x_wconf 82' lang='grc' dir='ltr'><em>γ’</em></span> <span class='ocrx_word' id='word_1_237' title='bbox 448 2163 550 2210; x_wconf 77' lang='grc' dir='ltr'><em>ἐμοὶ]</em></span> <span class='ocrx_word' id='word_1_238' title='bbox 577 2163 662 2210; x_wconf 82' lang='grc' dir='ltr'><em>τόγε</em></span> <span class='ocrx_word' id='word_1_239' title='bbox 689 2178 755 2210; x_wconf 89' lang='grc' dir='ltr'><em>μοι</em></span> <span class='ocrx_word' id='word_1_240' title='bbox 778 2167 881 2202; x_wconf 84' lang='lat' dir='ltr'><strong>Vind.</strong></span> <span class='ocrx_word' id='word_1_241' title='bbox 904 2166 948 2201; x_wconf 89' lang='lat' dir='ltr'><em>F.</em></span> 
     </span>
     <span class='ocr_line' id='line_1_42' title="bbox 284 2214 438 2263; baseline -0.006 -16"><span class='ocrx_word' id='word_1_242' title='bbox 284 2214 372 2263; x_wconf 85' lang='lat' dir='ltr'><strong>Ang.</strong></span> <span class='ocrx_word' id='word_1_243' title='bbox 398 2214 438 2247; x_wconf 88' lang='lat' dir='ltr'><em>B.</em></span> 
     </span>
    </p>

    <p class='ocr_par' dir='ltr' id='par_1_17' title="bbox 282 2257 950 2487">
     <span class='ocr_line' id='line_1_43' title="bbox 330 2257 948 2304; baseline -0.003 -11"><span class='ocrx_word' id='word_1_244' title='bbox 330 2257 392 2304; x_wconf 78' lang='grc' dir='ltr'><em>οἷ]</em></span> <span class='ocrx_word' id='word_1_245' title='bbox 429 2259 482 2292; x_wconf 83' lang='lat' dir='ltr'><em>Ita</em></span> <span class='ocrx_word' id='word_1_246' title='bbox 518 2259 597 2292; x_wconf 84' lang='lat' dir='ltr'><strong>Par.</strong></span> <span class='ocrx_word' id='word_1_247' title='bbox 629 2259 671 2292; x_wconf 83' lang='lat' dir='ltr'><em>A.</em></span> <span class='ocrx_word' id='word_1_248' title='bbox 706 2270 742 2292; x_wconf 82' lang='lat'><em>01.</em></span> <span class='ocrx_word' id='word_1_249' title='bbox 779 2258 880 2293; x_wconf 85' lang='lat' dir='ltr'><strong>Vind.</strong></span> <span class='ocrx_word' id='word_1_250' title='bbox 904 2258 948 2292; x_wconf 88' lang='lat' dir='ltr'><em>F.</em></span> 
     </span>
     <span class='ocr_line' id='line_1_44' title="bbox 284 2301 950 2349; baseline -0.005 -9"><span class='ocrx_word' id='word_1_251' title='bbox 284 2318 352 2340; x_wconf 85' lang='lat' dir='ltr'><em>om.</em></span> <span class='ocrx_word' id='word_1_252' title='bbox 376 2309 463 2349; x_wconf 86' lang='lat' dir='ltr'><strong>Ang.</strong></span> <span class='ocrx_word' id='word_1_253' title='bbox 486 2305 526 2339; x_wconf 90' lang='lat' dir='ltr'><em>B.</em></span> <span class='ocrx_word' id='word_1_254' title='bbox 551 2305 644 2338; x_wconf 81' lang='lat' dir='ltr'><strong>Flor.</strong></span> <span class='ocrx_word' id='word_1_255' title='bbox 670 2305 713 2338; x_wconf 88' lang='lat' dir='ltr'><em>R.</em></span> <span class='ocrx_word' id='word_1_256' title='bbox 740 2301 803 2338; x_wconf 80' lang='grc' dir='ltr'><em>οἷα</em></span> <span class='ocrx_word' id='word_1_257' title='bbox 828 2304 950 2349; x_wconf 84' lang='lat' dir='ltr'>reliqui</span> 
     </span>
     <span class='ocr_line' id='line_1_45' title="bbox 282 2350 950 2386; baseline -0.004 0"><span class='ocrx_word' id='word_1_258' title='bbox 282 2352 415 2386; x_wconf 72' lang='lat' dir='ltr'>codices</span> <span class='ocrx_word' id='word_1_259' title='bbox 451 2356 485 2385; x_wconf 88' lang='lat' dir='ltr'>et</span> <span class='ocrx_word' id='word_1_260' title='bbox 520 2351 686 2384; x_wconf 81' lang='lat' dir='ltr'>editiones</span> <span class='ocrx_word' id='word_1_261' title='bbox 709 2354 788 2384; x_wconf 85' lang='lat' dir='ltr'>ante</span> <span class='ocrx_word' id='word_1_262' title='bbox 812 2350 950 2384; x_wconf 85' lang='lat' dir='ltr'>Bekke—</span> 
     </span>
     <span class='ocr_line' id='line_1_46' title="bbox 282 2396 949 2441; baseline -0.003 -9"><span class='ocrx_word' id='word_1_263' title='bbox 282 2409 377 2440; x_wconf 80' lang='lat' dir='ltr'>rum,</span> <span class='ocrx_word' id='word_1_264' title='bbox 409 2398 491 2432; x_wconf 85' lang='lat' dir='ltr'>item</span> <span class='ocrx_word' id='word_1_265' title='bbox 525 2396 690 2430; x_wconf 83' lang='lat' dir='ltr'>Ficinus:</span> <span class='ocrx_word' id='word_1_266' title='bbox 735 2398 857 2441; x_wconf 80' lang='lat' dir='ltr'>qualia</span> <span class='ocrx_word' id='word_1_267' title='bbox 887 2409 949 2430; x_wconf 79' lang='lat' dir='ltr'><em>nos</em></span> 
     </span>
     <span class='ocr_line' id='line_1_47' title="bbox 282 2442 839 2487; baseline -0.004 -9"><span class='ocrx_word' id='word_1_268' title='bbox 282 2445 437 2479; x_wconf 77' lang='lat' dir='ltr'><strong>dicimus.</strong></span> <span class='ocrx_word' id='word_1_269' title='bbox 489 2443 588 2477; x_wconf 81' lang='lat' dir='ltr'><strong>Ferri</strong></span> <span class='ocrx_word' id='word_1_270' title='bbox 610 2442 667 2476; x_wconf 84' lang='lat' dir='ltr'>vix</span> <span class='ocrx_word' id='word_1_271' title='bbox 690 2446 839 2487; x_wconf 82' lang='lat' dir='ltr'><strong>poterat.</strong></span> 
     </span>
    </p>

    <p class='ocr_par' dir='ltr' id='par_1_18' title="bbox 328 2487 946 2535">
     <span class='ocr_line' id='line_1_48' title="bbox 328 2487 946 2535; baseline -0.003 -11"><span class='ocrx_word' id='word_1_272' title='bbox 328 2489 404 2535; x_wconf 84' lang='grc' dir='ltr'><em>μὴ]</em></span> <span class='ocrx_word' id='word_1_273' title='bbox 438 2487 512 2535; x_wconf 79' lang='grc' dir='ltr'><em>μήν</em></span> <span class='ocrx_word' id='word_1_274' title='bbox 545 2489 624 2523; x_wconf 82' lang='lat' dir='ltr'><strong>Par.</strong></span> <span class='ocrx_word' id='word_1_275' title='bbox 648 2489 726 2523; x_wconf 92' lang='lat' dir='ltr'><em>DK.</em></span> <span class='ocrx_word' id='word_1_276' title='bbox 767 2500 833 2531; x_wconf 88' lang='grc' dir='ltr'><em>μοι</em></span> <span class='ocrx_word' id='word_1_277' title='bbox 858 2490 946 2532; x_wconf 85' lang='lat' dir='ltr'><strong>Ang.</strong></span> 
     </span>
    </p>

    <p class='ocr_par' dir='ltr' id='par_1_19' title="bbox 285 2578 950 2672">
     <span class='ocr_line' id='line_1_49' title="bbox 331 2578 950 2626; baseline -0.005 -10"><span class='ocrx_word' id='word_1_278' title='bbox 331 2578 500 2626; x_wconf 73' lang='grc' dir='ltr'><em>ἄπειπε]</em></span> <span class='ocrx_word' id='word_1_279' title='bbox 551 2578 724 2616; x_wconf 74' lang='grc' dir='ltr'><em>ἀπειπεῖν</em></span> <span class='ocrx_word' id='word_1_280' title='bbox 771 2580 871 2615; x_wconf 82' lang='lat' dir='ltr'><strong>Vind.</strong></span> <span class='ocrx_word' id='word_1_281' title='bbox 908 2580 950 2613; x_wconf 91' lang='lat' dir='ltr'><em>F.</em></span> 
     </span>
     <span class='ocr_line' id='line_1_50' title="bbox 285 2629 437 2672; baseline -0.007 -9"><span class='ocrx_word' id='word_1_282' title='bbox 285 2629 371 2672; x_wconf 78' lang='lat' dir='ltr'><strong>Aug.</strong></span> <span class='ocrx_word' id='word_1_283' title='bbox 396 2630 437 2662; x_wconf 89' lang='lat' dir='ltr'><em>B.</em></span> 
     </span>
    </p>

    <p class='ocr_par' dir='ltr' id='par_1_20' title="bbox 334 2670 665 2719">
     <span class='ocr_line' id='line_1_51' title="bbox 334 2670 665 2719; baseline -0.006 -10"><span class='ocrx_word' id='word_1_284' title='bbox 334 2675 418 2719; x_wconf 73' lang='grc' dir='ltr'><em>ἵνα]</em></span> <span class='ocrx_word' id='word_1_285' title='bbox 448 2670 471 2708; x_wconf 75' lang='grc' dir='ltr'>ἃ</span> <span class='ocrx_word' id='word_1_286' title='bbox 499 2674 597 2709; x_wconf 82' lang='lat' dir='ltr'><strong>Vind.</strong></span> <span class='ocrx_word' id='word_1_287' title='bbox 622 2674 665 2708; x_wconf 97' lang='lat' dir='ltr'><em>F</em></span> 
     </span>
    </p>

    <p class='ocr_par' dir='ltr' id='par_1_21' title="bbox 334 2719 856 2776">
     <span class='ocr_line' id='line_1_52' title="bbox 334 2719 856 2776; baseline -0.006 -21"><span class='ocrx_word' id='word_1_288' title='bbox 334 2721 496 2765; x_wconf 77' lang='grc' dir='ltr'><em>ἴδωμεν]</em></span> <span class='ocrx_word' id='word_1_289' title='bbox 524 2720 679 2776; x_wconf 75' lang='grc' dir='ltr'><em>εἰδωμεν</em></span> <span class='ocrx_word' id='word_1_290' title='bbox 704 2720 781 2755; x_wconf 82' lang='lat' dir='ltr'><em>Vat</em></span> <span class='ocrx_word' id='word_1_291' title='bbox 807 2719 856 2753; x_wconf 93' lang='lat' dir='ltr'><em>M.</em></span> 
     </span>
    </p>

    <p class='ocr_par' dir='ltr' id='par_1_22' title="bbox 337 2763 948 2811">
     <span class='ocr_line' id='line_1_53' title="bbox 337 2763 948 2811; baseline -0.002 -10"><span class='ocrx_word' id='word_1_292' title='bbox 337 2767 499 2811; x_wconf 82' lang='grc' dir='ltr'><em>Δείκνυ]</em></span> <span class='ocrx_word' id='word_1_293' title='bbox 523 2763 657 2800; x_wconf 77' lang='grc' dir='ltr'><em>δείκνυ’</em></span> <span class='ocrx_word' id='word_1_294' title='bbox 683 2767 776 2802; x_wconf 84' lang='grc' dir='ltr'><em>Μοιι.</em></span> <span class='ocrx_word' id='word_1_295' title='bbox 799 2766 840 2799; x_wconf 79' lang='grc' dir='ltr'><em>Β.</em></span> <span class='ocrx_word' id='word_1_296' title='bbox 873 2766 948 2800; x_wconf 81' lang='grc' dir='ltr'><em>δεί</em></span> 
     </span>
    </p>
   </div>
   <div class='ocr_carea' id='block_1_14' title="bbox 1128 1020 1673 1082">
    <p class='ocr_par' dir='ltr' id='par_1_23' title="bbox 1128 1020 1673 1082">
     <span class='ocr_line' id='line_1_54' title="bbox 1128 1020 1673 1082; baseline 0.002 -14"><span class='ocrx_word' id='word_1_297' title='bbox 1128 1024 1192 1069; x_wconf 85' lang='grc' dir='ltr'><em>Ού</em></span> <span class='ocrx_word' id='word_1_298' title='bbox 1231 1024 1372 1078; x_wconf 82' lang='grc' dir='ltr'><em>πάνυ,</em></span> <span class='ocrx_word' id='word_1_299' title='bbox 1414 1020 1469 1082; x_wconf 80' lang='grc' dir='ltr'><em>ἦν</em></span> <span class='ocrx_word' id='word_1_300' title='bbox 1502 1024 1547 1070; x_wconf 90' lang='grc' dir='ltr'><em>δ’</em></span> <span class='ocrx_word' id='word_1_301' title='bbox 1578 1025 1673 1082; x_wconf 75' lang='grc' dir='ltr'><em>ἐγώ,</em></span> 
     </span>
    </p>
   </div>
   <div class='ocr_carea' id='block_1_15' title="bbox 1003 1241 1678 2763">
    <p class='ocr_par' dir='ltr' id='par_1_24' title="bbox 1011 1241 1678 1334">
     <span class='ocr_line' id='line_1_55' title="bbox 1011 1241 1678 1288; baseline -0.001 -11"><span class='ocrx_word' id='word_1_302' title='bbox 1011 1254 1099 1277; x_wconf 81' lang='grc' dir='ltr'><em>κνυε</em></span> <span class='ocrx_word' id='word_1_303' title='bbox 1129 1243 1216 1288; x_wconf 82' lang='lat' dir='ltr'><strong>Ang.</strong></span> <span class='ocrx_word' id='word_1_304' title='bbox 1242 1245 1282 1277; x_wconf 91' lang='lat' dir='ltr'><em>B.</em></span> <span class='ocrx_word' id='word_1_305' title='bbox 1318 1243 1413 1277; x_wconf 81' lang='lat' dir='ltr'><strong>Flur.</strong></span> <span class='ocrx_word' id='word_1_306' title='bbox 1440 1244 1482 1277; x_wconf 88' lang='lat' dir='ltr'><em>R.</em></span> <span class='ocrx_word' id='word_1_307' title='bbox 1531 1241 1678 1283; x_wconf 77' lang='grc' dir='ltr'><em>δεικνὺς</em></span> 
     </span>
     <span class='ocr_line' id='line_1_56' title="bbox 1012 1289 1573 1334; baseline -0.002 -9"><span class='ocrx_word' id='word_1_308' title='bbox 1012 1289 1110 1325; x_wconf 86' lang='lat' dir='ltr'><strong>Vind.</strong></span> <span class='ocrx_word' id='word_1_309' title='bbox 1136 1289 1177 1324; x_wconf 82' lang='lat' dir='ltr'><em>F.</em></span> <span class='ocrx_word' id='word_1_310' title='bbox 1226 1290 1281 1324; x_wconf 85' lang='lat' dir='ltr'><em>Cf.</em></span> <span class='ocrx_word' id='word_1_311' title='bbox 1307 1301 1411 1334; x_wconf 80' lang='lat' dir='ltr'><strong>supra</strong></span> <span class='ocrx_word' id='word_1_312' title='bbox 1435 1302 1468 1334; x_wconf 92' lang='lat' dir='ltr'><em>p.</em></span> <span class='ocrx_word' id='word_1_313' title='bbox 1493 1290 1573 1324; x_wconf 73' lang='lat'><strong>250.</strong></span> 
     </span>
    </p>

    <p class='ocr_par' dir='ltr' id='par_1_25' title="bbox 1008 1335 1677 1464">
     <span class='ocr_line' id='line_1_57' title="bbox 1055 1335 1677 1379; baseline 0 -10"><span class='ocrx_word' id='word_1_314' title='bbox 1055 1335 1261 1379; x_wconf 80' lang='grc' dir='ltr'><em>Δείκνυμι]</em></span> <span class='ocrx_word' id='word_1_315' title='bbox 1312 1336 1461 1379; x_wconf 81' lang='grc' dir='ltr'><em>δίκννμι</em></span> <span class='ocrx_word' id='word_1_316' title='bbox 1509 1337 1604 1370; x_wconf 85' lang='lat' dir='ltr'><strong>Mon.</strong></span> <span class='ocrx_word' id='word_1_317' title='bbox 1636 1336 1677 1369; x_wconf 78' lang='lat' dir='ltr'><em>B.</em></span> 
     </span>
     <span class='ocr_line' id='line_1_58' title="bbox 1010 1381 1676 1425; baseline 0 -10"><span class='ocrx_word' id='word_1_318' title='bbox 1010 1381 1115 1415; x_wconf 84' lang='grc' dir='ltr'><em>δοκεῖ</em></span> <span class='ocrx_word' id='word_1_319' title='bbox 1130 1394 1194 1425; x_wconf 90' lang='grc' dir='ltr'><em>μοι</em></span> <span class='ocrx_word' id='word_1_320' title='bbox 1218 1382 1320 1417; x_wconf 88' lang='lat' dir='ltr'><strong>Vind.</strong></span> <span class='ocrx_word' id='word_1_321' title='bbox 1345 1382 1388 1416; x_wconf 89' lang='grc' dir='ltr'><em>Ε.</em></span> <span class='ocrx_word' id='word_1_322' title='bbox 1424 1382 1485 1416; x_wconf 87' lang='grc' dir='ltr'><em>δεῖ</em></span> <span class='ocrx_word' id='word_1_323' title='bbox 1509 1393 1574 1425; x_wconf 87' lang='grc' dir='ltr'><em>μοι</em></span> <span class='ocrx_word' id='word_1_324' title='bbox 1596 1383 1676 1418; x_wconf 81' lang='lat' dir='ltr'><strong>Vat.</strong></span> 
     </span>
     <span class='ocr_line' id='line_1_59' title="bbox 1008 1428 1271 1464; baseline -0.004 -2"><span class='ocrx_word' id='word_1_325' title='bbox 1008 1428 1054 1464; x_wconf 92' lang='lat' dir='ltr'><em>H.</em></span> <span class='ocrx_word' id='word_1_326' title='bbox 1079 1428 1172 1462; x_wconf 82' lang='lat' dir='ltr'><strong>Flor.</strong></span> <span class='ocrx_word' id='word_1_327' title='bbox 1197 1428 1271 1461; x_wconf 81' lang='lat' dir='ltr'><em>AC.</em></span> 
     </span>
    </p>

    <p class='ocr_par' dir='ltr' id='par_1_26' title="bbox 1055 1472 1629 1518">
     <span class='ocr_line' id='line_1_60' title="bbox 1055 1472 1629 1518; baseline -0.002 -10"><span class='ocrx_word' id='word_1_328' title='bbox 1055 1472 1129 1518; x_wconf 81' lang='grc' dir='ltr'><em>δὴ]</em></span> <span class='ocrx_word' id='word_1_329' title='bbox 1156 1474 1216 1508; x_wconf 83' lang='grc' dir='ltr'><em>δεῖ</em></span> <span class='ocrx_word' id='word_1_330' title='bbox 1238 1474 1340 1509; x_wconf 88' lang='lat' dir='ltr'><strong>Vind.</strong></span> <span class='ocrx_word' id='word_1_331' title='bbox 1363 1474 1408 1507; x_wconf 86' lang='lat' dir='ltr'><em>F.</em></span> <span class='ocrx_word' id='word_1_332' title='bbox 1434 1478 1514 1508; x_wconf 88' lang='lat' dir='ltr'>ante</span> <span class='ocrx_word' id='word_1_333' title='bbox 1540 1485 1629 1508; x_wconf 79' lang='lat' dir='ltr'><strong>corr.</strong></span> 
     </span>
    </p>

    <p class='ocr_par' dir='ltr' id='par_1_27' title="bbox 1008 1520 1678 1601">
     <span class='ocr_line' id='line_1_61' title="bbox 1056 1520 1678 1566; baseline -0.002 -12"><span class='ocrx_word' id='word_1_334' title='bbox 1056 1520 1256 1566; x_wconf 72' lang='grc' dir='ltr'><em>καθορᾷς,]</em></span> <span class='ocrx_word' id='word_1_335' title='bbox 1277 1521 1417 1554; x_wconf 85' lang='lat' dir='ltr'>Comma</span> <span class='ocrx_word' id='word_1_336' title='bbox 1436 1521 1599 1554; x_wconf 77' lang='lat' dir='ltr'>Bekkero</span> <span class='ocrx_word' id='word_1_337' title='bbox 1618 1520 1678 1554; x_wconf 85' lang='lat' dir='ltr'>de-</span> 
     </span>
     <span class='ocr_line' id='line_1_62' title="bbox 1008 1568 1120 1601; baseline 0 0"><span class='ocrx_word' id='word_1_338' title='bbox 1008 1568 1120 1601; x_wconf 84' lang='lat' dir='ltr'><strong>betur.</strong></span> 
     </span>
    </p>

    <p class='ocr_par' dir='ltr' id='par_1_28' title="bbox 1008 1609 1676 1739">
     <span class='ocr_line' id='line_1_63' title="bbox 1053 1609 1676 1656; baseline 0.002 -11"><span class='ocrx_word' id='word_1_339' title='bbox 1053 1610 1101 1645; x_wconf 83' lang='grc' dir='ltr'>τά</span> <span class='ocrx_word' id='word_1_340' title='bbox 1129 1609 1218 1656; x_wconf 71' lang='grc' dir='ltr'><em>μὶν]</em></span> <span class='ocrx_word' id='word_1_341' title='bbox 1252 1612 1449 1656; x_wconf 82' lang='lat' dir='ltr'><strong>Stephanus</strong></span> <span class='ocrx_word' id='word_1_342' title='bbox 1472 1612 1507 1645; x_wconf 83' lang='lat' dir='ltr'>in</span> <span class='ocrx_word' id='word_1_343' title='bbox 1531 1624 1573 1646; x_wconf 89' lang='lat' dir='ltr'><em>m.</em></span> <span class='ocrx_word' id='word_1_344' title='bbox 1599 1611 1676 1646; x_wconf 73' lang='grc' dir='ltr'><em>τῶν</em></span> 
     </span>
     <span class='ocr_line' id='line_1_64' title="bbox 1009 1658 1674 1704; baseline 0.002 -13"><span class='ocrx_word' id='word_1_345' title='bbox 1009 1658 1198 1692; x_wconf 82' lang='lat' dir='ltr'>addendum</span> <span class='ocrx_word' id='word_1_346' title='bbox 1232 1658 1449 1702; x_wconf 79' lang='lat' dir='ltr'>suspicatur,</span> <span class='ocrx_word' id='word_1_347' title='bbox 1486 1668 1553 1704; x_wconf 86' lang='lat' dir='ltr'><em>quo</em></span> <span class='ocrx_word' id='word_1_348' title='bbox 1589 1669 1674 1704; x_wconf 84' lang='lat' dir='ltr'><strong>opus</strong></span> 
     </span>
     <span class='ocr_line' id='line_1_65' title="bbox 1008 1704 1467 1739; baseline 0 -1"><span class='ocrx_word' id='word_1_349' title='bbox 1008 1716 1075 1738; x_wconf 87' lang='lat' dir='ltr'><em>non</em></span> <span class='ocrx_word' id='word_1_350' title='bbox 1100 1716 1176 1738; x_wconf 78' lang='lat' dir='ltr'>esse</span> <span class='ocrx_word' id='word_1_351' title='bbox 1200 1704 1313 1738; x_wconf 82' lang='lat' dir='ltr'>Astius</span> <span class='ocrx_word' id='word_1_352' title='bbox 1340 1704 1467 1739; x_wconf 82' lang='lat' dir='ltr'><strong>docuit.</strong></span> 
     </span>
    </p>

    <p class='ocr_par' dir='ltr' id='par_1_29' title="bbox 1055 1747 1674 1795">
     <span class='ocr_line' id='line_1_66' title="bbox 1055 1747 1674 1795; baseline 0 -11"><span class='ocrx_word' id='word_1_353' title='bbox 1055 1748 1274 1795; x_wconf 77' lang='grc' dir='ltr'><em>αἰσθήσεσιν</em></span> <span class='ocrx_word' id='word_1_354' title='bbox 1296 1747 1356 1794; x_wconf 81' lang='grc' dir='ltr'><em>ον’]</em></span> <span class='ocrx_word' id='word_1_355' title='bbox 1373 1748 1573 1795; x_wconf 75' lang='grc' dir='ltr'><em>αἰσθήσεσι</em></span> <span class='ocrx_word' id='word_1_356' title='bbox 1581 1750 1674 1785; x_wconf 85' lang='grc' dir='ltr'><em>Μοιι.</em></span> 
     </span>
    </p>

    <p class='ocr_par' dir='ltr' id='par_1_30' title="bbox 1054 1839 1509 1887">
     <span class='ocr_line' id='line_1_67' title="bbox 1054 1839 1509 1887; baseline 0 -11"><span class='ocrx_word' id='word_1_357' title='bbox 1054 1839 1127 1887; x_wconf 84' lang='grc' dir='ltr'><em>ως]</em></span> <span class='ocrx_word' id='word_1_358' title='bbox 1156 1855 1221 1879; x_wconf 87' lang='lat' dir='ltr'><em>om.</em></span> <span class='ocrx_word' id='word_1_359' title='bbox 1245 1843 1331 1876; x_wconf 89' lang='lat' dir='ltr'><strong>Lob.</strong></span> <span class='ocrx_word' id='word_1_360' title='bbox 1356 1843 1436 1878; x_wconf 83' lang='lat' dir='ltr'><strong>Vat.</strong></span> <span class='ocrx_word' id='word_1_361' title='bbox 1460 1842 1509 1876; x_wconf 88' lang='lat' dir='ltr'><em>M.</em></span> 
     </span>
    </p>

    <p class='ocr_par' dir='ltr' id='par_1_31' title="bbox 1055 1887 1561 1946">
     <span class='ocr_line' id='line_1_68' title="bbox 1055 1887 1561 1946; baseline -0.004 -23"><span class='ocrx_word' id='word_1_362' title='bbox 1055 1889 1214 1946; x_wconf 57' lang='grc' dir='ltr'><em>ἓκανως]</em></span> <span class='ocrx_word' id='word_1_363' title='bbox 1240 1887 1370 1928; x_wconf 82' lang='grc' dir='ltr'><em>ικανὸς</em></span> <span class='ocrx_word' id='word_1_364' title='bbox 1393 1888 1493 1923; x_wconf 85' lang='lat' dir='ltr'><strong>Vind.</strong></span> <span class='ocrx_word' id='word_1_365' title='bbox 1517 1889 1561 1921; x_wconf 86' lang='lat' dir='ltr'><em>F.</em></span> 
     </span>
    </p>

    <p class='ocr_par' dir='ltr' id='par_1_32' title="bbox 1007 1932 1673 2025">
     <span class='ocr_line' id='line_1_69' title="bbox 1054 1932 1673 1979; baseline -0.002 -11"><span class='ocrx_word' id='word_1_366' title='bbox 1054 1932 1359 1979; x_wconf 75' lang='grc' dir='ltr'><em>ἐπισκέψασθαι]</em></span> <span class='ocrx_word' id='word_1_367' title='bbox 1393 1933 1673 1978; x_wconf 72' lang='grc' dir='ltr'><em>διασκέψασθαι</em></span> 
     </span>
     <span class='ocr_line' id='line_1_70' title="bbox 1007 1981 1346 2025; baseline -0.006 -9"><span class='ocrx_word' id='word_1_368' title='bbox 1007 1982 1087 2016; x_wconf 85' lang='lat' dir='ltr'><strong>Par.</strong></span> <span class='ocrx_word' id='word_1_369' title='bbox 1108 1982 1152 2016; x_wconf 90' lang='lat' dir='ltr'><em>K.</em></span> <span class='ocrx_word' id='word_1_370' title='bbox 1176 1992 1244 2015; x_wconf 82' lang='lat' dir='ltr'><strong>sec.</strong></span> <span class='ocrx_word' id='word_1_371' title='bbox 1270 1981 1346 2025; x_wconf 85' lang='lat' dir='ltr'><strong>ssip.</strong></span> 
     </span>
    </p>

    <p class='ocr_par' dir='ltr' id='par_1_33' title="bbox 1003 2023 1672 2753">
     <span class='ocr_line' id='line_1_71' title="bbox 1053 2023 1670 2071; baseline -0.003 -10"><span class='ocrx_word' id='word_1_372' title='bbox 1053 2024 1246 2071; x_wconf 83' lang='grc' dir='ltr'><em>ποιούσης]</em></span> <span class='ocrx_word' id='word_1_373' title='bbox 1274 2027 1387 2060; x_wconf 78' lang='lat' dir='ltr'>Astius</span> <span class='ocrx_word' id='word_1_374' title='bbox 1404 2023 1566 2070; x_wconf 86' lang='grc' dir='ltr'><em>νοούσης</em></span> <span class='ocrx_word' id='word_1_375' title='bbox 1590 2037 1670 2059; x_wconf 89' lang='lat' dir='ltr'><strong>con·-</strong></span> 
     </span>
     <span class='ocr_line' id='line_1_72' title="bbox 1007 2072 1672 2116; baseline -0.002 -9"><span class='ocrx_word' id='word_1_376' title='bbox 1007 2074 1077 2107; x_wconf 90' lang='lat' dir='ltr'>iicit</span> <span class='ocrx_word' id='word_1_377' title='bbox 1090 2074 1263 2107; x_wconf 82' lang='lat' dir='ltr'><strong>Platonem</strong></span> <span class='ocrx_word' id='word_1_378' title='bbox 1283 2073 1462 2116; x_wconf 79' lang='lat' dir='ltr'>sciipsisse</span> <span class='ocrx_word' id='word_1_379' title='bbox 1486 2077 1522 2105; x_wconf 84' lang='lat' dir='ltr'>et</span> <span class='ocrx_word' id='word_1_380' title='bbox 1545 2072 1672 2116; x_wconf 76' lang='lat' dir='ltr'>legisse</span> 
     </span>
     <span class='ocr_line' id='line_1_73' title="bbox 1006 2119 1671 2164; baseline -0.003 -11"><span class='ocrx_word' id='word_1_381' title='bbox 1006 2121 1179 2153; x_wconf 86' lang='lat' dir='ltr'><strong>Ficinum.</strong></span> <span class='ocrx_word' id='word_1_382' title='bbox 1206 2120 1307 2164; x_wconf 81' lang='lat' dir='ltr'>quasi</span> <span class='ocrx_word' id='word_1_383' title='bbox 1330 2131 1444 2152; x_wconf 78' lang='lat' dir='ltr'>sensus</span> <span class='ocrx_word' id='word_1_384' title='bbox 1462 2119 1498 2151; x_wconf 79' lang='lat' dir='ltr'>in</span> <span class='ocrx_word' id='word_1_385' title='bbox 1520 2119 1567 2152; x_wconf 85' lang='lat' dir='ltr'>eis</span> <span class='ocrx_word' id='word_1_386' title='bbox 1584 2119 1671 2152; x_wconf 80' lang='lat' dir='ltr'><em>nihil</em></span> 
     </span>
     <span class='ocr_line' id='line_1_74' title="bbox 1006 2162 1669 2208; baseline -0.005 -8"><span class='ocrx_word' id='word_1_387' title='bbox 1006 2167 1136 2200; x_wconf 78' lang='lat' dir='ltr'>sincere</span> <span class='ocrx_word' id='word_1_388' title='bbox 1153 2167 1334 2201; x_wconf 78' lang='lat' dir='ltr'>diiudicet</span> <span class='ocrx_word' id='word_1_389' title='bbox 1364 2165 1433 2197; x_wconf 83' lang='lat' dir='ltr'>Sed</span> <span class='ocrx_word' id='word_1_390' title='bbox 1459 2162 1669 2208; x_wconf 74' lang='grc' dir='ltr'><em>αἰσθήσεως</em></span> 
     </span>
     <span class='ocr_line' id='line_1_75' title="bbox 1006 2210 1668 2253; baseline -0.003 -8"><span class='ocrx_word' id='word_1_391' title='bbox 1006 2224 1072 2246; x_wconf 86' lang='grc' dir='ltr'><em>ιιοιι</em></span> <span class='ocrx_word' id='word_1_392' title='bbox 1097 2215 1150 2245; x_wconf 85' lang='lat' dir='ltr'>est</span> <span class='ocrx_word' id='word_1_393' title='bbox 1170 2214 1285 2253; x_wconf 85' lang='grc' dir='ltr'><em>νοεῖν,</em></span> <span class='ocrx_word' id='word_1_394' title='bbox 1311 2214 1346 2244; x_wconf 86' lang='lat' dir='ltr'>et</span> <span class='ocrx_word' id='word_1_395' title='bbox 1364 2210 1504 2244; x_wconf 83' lang='lat' dir='ltr'>Ficinus</span> <span class='ocrx_word' id='word_1_396' title='bbox 1523 2222 1668 2252; x_wconf 75' lang='lat' dir='ltr'>sensum,</span> 
     </span>
     <span class='ocr_line' id='line_1_76' title="bbox 1006 2256 1669 2302; baseline -0.005 -10"><span class='ocrx_word' id='word_1_397' title='bbox 1006 2270 1071 2292; x_wconf 91' lang='lat' dir='ltr'><em>non</em></span> <span class='ocrx_word' id='word_1_398' title='bbox 1087 2257 1371 2302; x_wconf 76' lang='lat' dir='ltr'>significationem</span> <span class='ocrx_word' id='word_1_399' title='bbox 1388 2256 1484 2290; x_wconf 84' lang='lat' dir='ltr'>verbi</span> <span class='ocrx_word' id='word_1_400' title='bbox 1498 2257 1669 2301; x_wconf 74' lang='lat' dir='ltr'><em>pvopniam</em></span> 
     </span>
     <span class='ocr_line' id='line_1_77' title="bbox 1005 2303 1668 2348; baseline -0.003 -10"><span class='ocrx_word' id='word_1_401' title='bbox 1005 2308 1142 2338; x_wconf 84' lang='lat' dir='ltr'>secutus</span> <span class='ocrx_word' id='word_1_402' title='bbox 1168 2307 1242 2345; x_wconf 82' lang='lat' dir='ltr'>est,</span> <span class='ocrx_word' id='word_1_403' title='bbox 1275 2314 1476 2348; x_wconf 77' lang='lat' dir='ltr'>quamqualn</span> <span class='ocrx_word' id='word_1_404' title='bbox 1502 2307 1537 2335; x_wconf 88' lang='lat' dir='ltr'>et</span> <span class='ocrx_word' id='word_1_405' title='bbox 1560 2303 1668 2347; x_wconf 85' lang='lat' dir='ltr'>ipsam</span> 
     </span>
     <span class='ocr_line' id='line_1_78' title="bbox 1004 2349 1667 2394; baseline -0.006 -10"><span class='ocrx_word' id='word_1_406' title='bbox 1004 2350 1142 2394; x_wconf 75' lang='lat' dir='ltr'>egregie</span> <span class='ocrx_word' id='word_1_407' title='bbox 1175 2350 1254 2383; x_wconf 90' lang='lat' dir='ltr'>huic</span> <span class='ocrx_word' id='word_1_408' title='bbox 1294 2350 1367 2382; x_wconf 82' lang='lat' dir='ltr'>loco</span> <span class='ocrx_word' id='word_1_409' title='bbox 1404 2349 1667 2382; x_wconf 83' lang='lat' dir='ltr'>convenientem.</span> 
     </span>
     <span class='ocr_line' id='line_1_79' title="bbox 1004 2395 1667 2440; baseline -0.005 -10"><span class='ocrx_word' id='word_1_410' title='bbox 1004 2396 1094 2430; x_wconf 87' lang='lat' dir='ltr'><em>Nam</em></span> <span class='ocrx_word' id='word_1_411' title='bbox 1114 2408 1202 2440; x_wconf 89' lang='lat' dir='ltr'>quae</span> <span class='ocrx_word' id='word_1_412' title='bbox 1223 2406 1382 2429; x_wconf 85' lang='lat' dir='ltr'>sensuum</span> <span class='ocrx_word' id='word_1_413' title='bbox 1398 2407 1462 2439; x_wconf 89' lang='lat' dir='ltr'><em>ope</em></span> <span class='ocrx_word' id='word_1_414' title='bbox 1474 2395 1667 2439; x_wconf 72' lang='lat' dir='ltr'>pez-cipiun-</span> 
     </span>
     <span class='ocr_line' id='line_1_80' title="bbox 1004 2441 1666 2487; baseline -0.005 -11"><span class='ocrx_word' id='word_1_415' title='bbox 1004 2446 1084 2484; x_wconf 84' lang='lat' dir='ltr'>tur,</span> <span class='ocrx_word' id='word_1_416' title='bbox 1115 2453 1217 2487; x_wconf 88' lang='lat' dir='ltr'>quum</span> <span class='ocrx_word' id='word_1_417' title='bbox 1259 2441 1310 2474; x_wconf 79' lang='lat' dir='ltr'><em>ita</em></span> <span class='ocrx_word' id='word_1_418' title='bbox 1342 2445 1540 2485; x_wconf 78' lang='lat' dir='ltr'><strong>comparata</strong></span> <span class='ocrx_word' id='word_1_419' title='bbox 1574 2445 1666 2482; x_wconf 84' lang='lat' dir='ltr'>sunt,</span> 
     </span>
     <span class='ocr_line' id='line_1_81' title="bbox 1004 2487 1667 2533; baseline -0.005 -11"><span class='ocrx_word' id='word_1_420' title='bbox 1004 2493 1043 2522; x_wconf 91' lang='lat' dir='ltr'><em>ut</em></span> <span class='ocrx_word' id='word_1_421' title='bbox 1066 2500 1141 2522; x_wconf 84' lang='lat' dir='ltr'>esse</span> <span class='ocrx_word' id='word_1_422' title='bbox 1163 2488 1291 2533; x_wconf 88' lang='lat' dir='ltr'>aliquid</span> <span class='ocrx_word' id='word_1_423' title='bbox 1318 2489 1352 2520; x_wconf 83' lang='lat' dir='ltr'>et</span> <span class='ocrx_word' id='word_1_424' title='bbox 1382 2487 1479 2520; x_wconf 85' lang='lat' dir='ltr'>simul</span> <span class='ocrx_word' id='word_1_425' title='bbox 1502 2498 1567 2519; x_wconf 89' lang='lat' dir='ltr'><em>non</em></span> <span class='ocrx_word' id='word_1_426' title='bbox 1591 2498 1667 2520; x_wconf 89' lang='lat' dir='ltr'>esse</span> 
     </span>
     <span class='ocr_line' id='line_1_82' title="bbox 1003 2533 1666 2568; baseline -0.005 0"><span class='ocrx_word' id='word_1_427' title='bbox 1003 2535 1185 2568; x_wconf 69' lang='lat' dir='ltr'>videantui</span> <span class='ocrx_word' id='word_1_428' title='bbox 1217 2535 1272 2567; x_wconf 85' lang='lat' dir='ltr'>vel</span> <span class='ocrx_word' id='word_1_429' title='bbox 1305 2533 1473 2566; x_wconf 80' lang='lat' dir='ltr'>diversam</span> <span class='ocrx_word' id='word_1_430' title='bbox 1508 2537 1544 2565; x_wconf 85' lang='lat' dir='ltr'>et</span> <span class='ocrx_word' id='word_1_431' title='bbox 1585 2544 1666 2566; x_wconf 88' lang='lat' dir='ltr'>con-</span> 
     </span>
     <span class='ocr_line' id='line_1_83' title="bbox 1006 2578 1667 2633; baseline -0.005 -19"><span class='ocrx_word' id='word_1_432' title='bbox 1006 2580 1145 2614; x_wconf 82' lang='lat' dir='ltr'>trariam</span> <span class='ocrx_word' id='word_1_433' title='bbox 1164 2579 1310 2633; x_wconf 83' lang='lat' dir='ltr'>speciem</span> <span class='ocrx_word' id='word_1_434' title='bbox 1327 2579 1457 2632; x_wconf 81' lang='lat' dir='ltr'>pariter</span> <span class='ocrx_word' id='word_1_435' title='bbox 1475 2578 1667 2620; x_wconf 83' lang='lat' dir='ltr'>exhibeant,</span> 
     </span>
     <span class='ocr_line' id='line_1_84' title="bbox 1005 2624 1666 2660; baseline -0.003 0"><span class='ocrx_word' id='word_1_436' title='bbox 1005 2638 1126 2660; x_wconf 86' lang='lat' dir='ltr'>sensus</span> <span class='ocrx_word' id='word_1_437' title='bbox 1147 2625 1327 2660; x_wconf 83' lang='lat' dir='ltr'>fallacibus</span> <span class='ocrx_word' id='word_1_438' title='bbox 1351 2624 1477 2658; x_wconf 83' lang='lat' dir='ltr'>nuntiis</span> <span class='ocrx_word' id='word_1_439' title='bbox 1501 2629 1536 2658; x_wconf 84' lang='lat' dir='ltr'>et</span> <span class='ocrx_word' id='word_1_440' title='bbox 1553 2625 1666 2658; x_wconf 78' lang='lat' dir='ltr'>infidis</span> 
     </span>
     <span class='ocr_line' id='line_1_85' title="bbox 1005 2671 1667 2717; baseline -0.002 -11"><span class='ocrx_word' id='word_1_441' title='bbox 1005 2673 1251 2717; x_wconf 82' lang='lat' dir='ltr'>interpretibus</span> <span class='ocrx_word' id='word_1_442' title='bbox 1275 2671 1398 2705; x_wconf 82' lang='lat' dir='ltr'>similes</span> <span class='ocrx_word' id='word_1_443' title='bbox 1422 2671 1508 2704; x_wconf 82' lang='lat' dir='ltr'>fiunt</span> <span class='ocrx_word' id='word_1_444' title='bbox 1527 2675 1562 2704; x_wconf 85' lang='lat' dir='ltr'>et</span> <span class='ocrx_word' id='word_1_445' title='bbox 1578 2672 1667 2705; x_wconf 77' lang='lat' dir='ltr'>nihil</span> 
     </span>
     <span class='ocr_line' id='line_1_86' title="bbox 1004 2717 1665 2763; baseline -0.003 -11"><span class='ocrx_word' id='word_1_446' title='bbox 1004 2721 1134 2753; x_wconf 71' lang='lat' dir='ltr'>sinceve</span> <span class='ocrx_word' id='word_1_447' title='bbox 1167 2730 1274 2763; x_wconf 82' lang='lat' dir='ltr'>agere</span> <span class='ocrx_word' id='word_1_448' title='bbox 1311 2717 1430 2750; x_wconf 84' lang='lat' dir='ltr'>merito</span> <span class='ocrx_word' id='word_1_449' title='bbox 1465 2722 1665 2761; x_wconf 81' lang='lat' dir='ltr'>arguuntur,</span> 
     </span>
    </p>
   </div>
   <div class='ocr_carea' id='block_1_16' title="bbox 1004 2759 1666 2808">
    <p class='ocr_par' dir='ltr' id='par_1_34' title="bbox 1004 2759 1666 2808">
     <span class='ocr_line' id='line_1_87' title="bbox 1004 2759 1666 2808; baseline -0.003 -9"><span class='ocrx_word' id='word_1_450' title='bbox 1004 2771 1041 2800; x_wconf 83' lang='lat' dir='ltr'>et</span> <span class='ocrx_word' id='word_1_451' title='bbox 1063 2764 1238 2808; x_wconf 77' lang='grc' dir='ltr'><em>αἴσθησις</em></span> <span class='ocrx_word' id='word_1_452' title='bbox 1259 2759 1370 2799; x_wconf 73' lang='grc' dir='ltr'><em>οὐδὲν</em></span> <span class='ocrx_word' id='word_1_453' title='bbox 1388 2774 1488 2805; x_wconf 83' lang='grc' dir='ltr'><em>υγιες</em></span> <span class='ocrx_word' id='word_1_454' title='bbox 1504 2763 1666 2797; x_wconf 80' lang='grc' dir='ltr'><em>ποιοῦσα</em></span> 
     </span>
    </p>
   </div>
  </div>
 </body>
</html>
