1807 3219
308 156 365 201 42
755 150 1235 196 PLATONIS

309 263 468 321 γάμοις
502 279 547 307 τε
576 262 651 306 καὶ
679 263 1007 316 παιδοποιίαιςς
1059 264 1121 309 Τὸ
1150 271 1310 317 ποῖον;
1349 265 1447 322 ἓᾛφη
1508 266 1695 319 Πρῶτον

308 332 388 389 μὲν
419 329 566 379 αυτιόν
595 330 787 384 τούτων,
830 332 993 387 καίπερ
1033 331 1175 377 ὄντων
1214 336 1452 391 γενναίων,
1503 328 1575 386 ἆρ’
1610 331 1694 377 οὐκ

309 401 391 444 εἰσί
421 415 536 450 τινες
564 399 636 443 καὶ
665 400 892 454 γίγνονται
921 399 1113 456 ἄριστοις
1151 405 1264 447 Εἰσί.
1312 401 1511 456 Πότερον
1541 396 1623 445 οὗν
1652 402 1694 453 ἐξ

300 465 517 511 ,ἁπάντων
559 465 725 523 ὁμοίως
768 471 946 525 γεννᾷς,
1004 469 1031 525 ἢ
1070 474 1280 528 προθυμῇ
1319 469 1387 513 ὅτι
1426 469 1610 525 μάλιστα
1646 469 1694 513 ἐκ

240 545 277 587 Β
310 540 400 580 τῶν
430 534 644 591 ἀρίστωνς
688 533 761 579 Ἐκ
793 540 883 580 τῶν
913 535 1116 593 ἀρίστων.
1170 542 1222 588 Τί
1252 537 1309 591 δ’,·
1340 539 1386 582 ἐκ
1415 543 1504 581 τῶν
1532 537 1693 582 νεωτά-

302 620 417 655 των,
461 602 490 667 ἢ
524 604 575 656 ἐκ
598 608 689 653 τῶν
717 603 1005 660 γεραιτάτων,
1057 606 1089 663 ἢ
1116 606 1158 660 ἐξ
1196 606 1482 665 ἀκμαζόντων
1511 604 1578 649 ὅτι
1609 605 1693 662 μά.-

301 677 449 723 λιστα,·
498 671 563 725 Ἐξ
608 672 904 728 ἀκμαζόντων.
961 675 1050 721 Καὶ
1096 674 1173 722 ἐὰν
1218 675 1277 733 μὴ
1321 675 1436 719 οὕτω
1474 679 1693 731 γεννᾶται,

298 741 419 787 πολύ
459 753 530 786 σοι
574 741 659 798 ἡγῇ
702 734 867 798 χεῖρον
890 743 1068 787 ἔσεσθαι
1108 744 1159 788 τό
1199 760 1243 790 τε
1273 748 1362 788 τῶν
1392 743 1590 798 ὀρνίθων
1620 744 1694 787 καὶ

301 810 352 855 τὸ
382 814 473 854 τῶν
503 815 654 854 κυνῶν
683 809 812 866 γένος
822 831 837 864 ,·

349 938 412 980 τε]
439 949 504 970 om.
529 936 614 977 Lob.
640 936 740 970 Vind.
759 937 801 970 B.
828 937 906 971 vat.
928 938 969 971 B.

301 981 368 1015 nisi
393 982 491 1016 huius
526 982 656 1026 signum
681 994 870 1027 perperam
907 995 969 1028 pro

625 1029 718 1063 cuius
767 1030 969 1064 mentionem

302 1029 556 1061 Vindobonensi
567 1055 576 1070 ‚
686 1070 689 1073 Ι

302 1074 435 1117 omisit,
458 1075 638 1117 Bekkerus
662 1075 787 1120 posuit.

297 1140 299 1143 ⁴
348 1143 618 1187 παιδοποιίαις]
630 1141 854 1178 παιδοποιία
866 1145 965 1178 Vind.

300 1189 376 1223 EF.
410 1190 491 1223 Par.
524 1190 568 1232 K.
610 1201 677 1223 sec.
712 1191 789 1234 Βῑρ.
832 1191 966 1225 παιδο-

299 1235 423 1269 ποιίαι
446 1237 531 1269 Ven.
559 1235 599 1268 C.
623 1236 703 1269 Par.
729 1237 805 1270 Ι)Κ.
830 1237 970 1270 secund.

296 1281 412 1318 Beld<.
449 1283 534 1325 Ang.
559 1283 611 1315 Β.
637 1282 716 1318 vat.
744 1283 787 1316 H.
835 1284 967 1317 παιδο-

299 1328 428 1366 ποιίας
452 1329 532 1361 Bas.
546 1329 600 1361 ab.
632 1329 857 1362 παιδοποιία
874 1330 967 1364 Μοιι.

298 1373 339 1408 Β.
364 1374 456 1407 Flor
482 1364 965 1420 ACRTUV.Sta11b.inp1-.

298 1420 352 1453 ed.
382 1422 644 1465 generationem
663 1421 740 1454 Fic.
766 1422 824 1466 qui
850 1426 964 1455 tamen

293 1478 457 1546 iffi&
462 1466 825 1547 quss‘gi'ssxffiiffhii.
837 1469 964 1571 ⁶⁰35}ss

296 1571 371 1592 των
414 1555 454 1591 δὲ
499 1557 569 1602 τὴν
612 1559 860 1593 παιδοποιίαν
901 1558 964 1593 καὶ

293 1603 543 1648 παιδογονιαν
598 1604 668 1639 καὶ
715 1606 964 1650 παιδουργίαν

297 1650 451 1706 εἴρηκεν.

348 1695 400 1730 Τὸ
437 1699 572 1738 ποῖον·
608 1694 714 1742 {W
753 1698 865 1778 Vulgo
909 1696 961 1735 Τὸ

295 1746 429 1798 ποῖον,
457 1741 549 1788 {imm

342 1786 471 1823 αυτῶν
506 1787 677 1835 τούτων]
712 1787 809 1824 αὐτὸ
847 1789 963 1824 τοῦτο

295 1835 375 1869 Par.
400 1836 445 1869 Κ.

341 1881 439 1915 Εἰσί.
453 1882 466 1925 ]
492 1881 610 1926 Εἰσίν.
633 1882 822 1915 Bekkerus.

345 1925 382 1969 ἐξ
404 1921 597 1996 απάντων]
624 1925 839 1970 ἐξαπαντων
864 1927 964 1962 Vind.

331 2020 548 2065 προθυμῇ]
597 2021 791 2063 προθυμεῖ
837 1993 963 2062 Ass-this,

296 2067 476 2100 Bekkerus
502 2071 536 2099 et
561 2067 812 2103 Stallbaumius.

343 2110 402 2146 Ἐκ
435 2112 511 2146 τῶν
546 2110 742 2156 delatam]
770 2125 833 2146 om.
858 2112 961 2151 Vind.

297 2159 338 2192 F.
368 2160 449 2201 Aug.
478 2160 518 2192 B.

231 2213 268 2256 B
350 2202 462 2238 Ti&
467 2201 652 2248 ;]Τιδ
686 2204 762 2240 Am.
799 2205 880 2239 Bas.
906 2205 961 2238 ab.

303 2251 349 2285 Τί
374 2247 414 2284 δ’
419 2251 574 2305 ,Steph.
600 2252 673 2284 Ast.
698 2262 749 2294 pr.
774 2262 842 2284 sec.

340 2278 580 2341 γεραιτάτων]
607 2309 856 2341 γεραιοτατων
872 2297 957 2330 Lob.

293 2343 397 2377 Vind.
425 2344 468 2376 Β.
494 2344 573 2376 Vat.
599 2344 648 2377 M.

338 2411 375 2456 ἐξ
410 2410 686 2457 ἀκμαζόντων]
737 2408 960 2455 εξοῖκμαζόν-

291 2473 365 2494 των
392 2461 475 2493 Lob.
506 2461 536 2493 h.
564 2459 585 2491 l.
620 2464 654 2492 et
678 2459 711 2491 in
742 2459 960 2503 sequentibus

290 2506 437 2546 iterum,
464 2506 521 2539 ubi
546 2505 644 2538 Vind.
670 2505 709 2537 F.
737 2501 960 2548 ἕξακμαζόν-

293 2564 368 2586 των
394 2553 507 2586 habet.

341 2596 437 2642 ἐὰν]
487 2594 534 2632 ἂν
571 2596 672 2631 Vind.
707 2596 750 2630 E.
800 2597 880 2631 Vat.
914 2595 960 2629 Η.

292 2645 385 2679 Flor.
408 2644 516 2683 ACT.

340 2690 418 2746 σοι]
447 2703 510 2724 om.
537 2689 611 2722 Fic..

337 2732 435 2781 ἡγῇ]
478 2733 580 2780 ἡγεῖ,
615 2746 690 2779 sup-
724 2733 772 2777 ἤ,
806 2733 886 2767 Par
912 2724 954 2766 'D

291 2779 375 2826 ἡγεῖ
397 2782 535 2825 Astius,
571 2762 756 2816 ’Bekkerus
789 2782 825 2814 et
849 2779 957 2814 Stau-

292 2827 455 2869 baunuuS.

874 810 1048 870 'Eywy'‚
1080 813 1179 870 ἔφη.
1243 813 1296 856 Τί
1333 812 1379 856 δὲ
1420 813 1692 865 ἴππωνκοίἐι,

1073 939 1220 982 χεῖρον]
1254 937 1385 982 χείρων
1409 937 1508 971 Vind.
1535 938 1576 970 B.
1610 939 1692 971 Vat.

1072 1028 1118 1063 τό
1141 1040 1181 1063 τε
1205 1029 1302 1072 τῶν]
1349 1040 1388 1062 τε
1412 1026 1455 1063 τὸ
1482 1029 1559 1063 τῶν
1592 1028 1692 1062 Vind.

1025 1075 1067 1109 D.
1105 1075 1182 1109 τῶν
1206 1087 1246 1109 τε
1288 1075 1373 1109 Lob.
1411 1075 1509 1109 Vind.
1536 1077 1577 1109 Β.
1612 1076 1691 1109 Vat.

1072 1165 1260 1212 ὀρνίθων]
1285 1180 1408 1201 canum
1433 1167 1505 1201 Fic.

1071 1214 1134 1248 καὶ
1169 1212 1243 1258 τὸ]
1292 1212 1354 1247 καὶ
1374 1214 1473 1248 Lob.
1523 1214 1624 1248 Vind.
1649 1214 1689 1247 B.

1025 1260 1104 1294 Vat.
1132 1260 1213 1294 ΒΜ.
1511 1286 1513 1288 .
1565 1285 1568 1288 .

1068 1306 1216 1349 κυνῶν]
1243 1307 1357 1340 avium
1382 1306 1455 1340 Fic.

1070 1350 1131 1396 δὲ]
1159 1351 1223 1386 δαί
1247 1353 1325 1387 Par.
1343 1353 1390 1392 ΓΑ.

1069 1399 1161 1442 οἰει]
1202 1411 1266 1432 om.
1304 1398 1402 1432 Vind.
1439 1399 1480 1432 Β.
1530 1399 1612 1433 vat.
1638 1399 1687 1433 M.

1023 1444 1095 1490 οἴη
1109 1446 1188 1478 Βι5.
1214 1445 1268 1478 ab.

1067 1491 1115 1535 η’]
1150 1503 1191 1534 ηι
1222 1491 1300 1524 Pax·
1328 1491 1368 1525 A.
1412 1485 1436 1534 ἢ
1464 1491 1549 1524 Lob.
1585 1490 1685 1525 Vind.

1021 1538 1126 1580 BDF.
1153 1539 1226 1572 Ast..
1254 1548 1322 1570 sec.

1067 1577 1148 1638 πῄ]
1157 1583 1225 1639 nr}
1247 1583 1347 1616 Vind.
1366 1582 1407 1616 F.

1060 1641 1184 1685 μεντ
1185 1627 1270 1685 οὶν]
1315 1626 1380 1672 μὲν
1411 1641 1495 1662 ταν
1528 1622 1621 1664 Μοιι.
1646 1629 1686 1663 Β.

1020 1672 1092 1721 μέν
1113 1672 1142 1709 τ’
1169 1670 1216 1708 ἓὶν
1242 1675 1326 1708 editi
1351 1679 1431 1709 ante
1455 1668 1662 1711 Bekke'rum.

1066 1715 1154 1765 ἠδ’
1182 1717 1247 1766 ὃς]
1282 1734 1346 1755 om.
1381 1721 1467 1756 Lob.
1512 1721 1611 1756 Vind.
1643 1723 1686 1757 B.

1020 1768 1102 1802 vat.
1129 1768 1177 1801 M.

1066 1810 1192 1857 ἄκρων
1217 1809 1334 1858 εἶναι]
1371 1806 1467 1848 εἶναι
1503 1825 1568 1847 om.
1593 1813 1686 1847 Mon.

1021 1861 1062 1894 B.
1089 1861 1180 1893 Flor.
1198 1860 1242 1893 U.
1268 1860 1340 1893 Fic.
1390 1859 1562 1902 „Videtur
1579 1860 1686 1893 abun-

1022 1906 1105 1940 dare
1124 1903 1258 1940 εἷναι.“
1284 1906 1405 1950 steph.
1418 1906 1450 1938 in
1468 1917 1574 1948 marg.
1588 1917 1687 1950 quem

1023 1958 1142 1986 contra
1166 1952 1282 1986 Astius
1307 1952 1436 1985 duabus
1461 1964 1480 1985 e
1504 1952 1686 1985 structuris

1023 1999 1202 2032 conflatam
1235 2010 1310 2031 esse
1340 1998 1526 2031 orationem
1563 1998 1686 2031 statuit

1020 2056 1096 2077 cum
1132 2045 1322 2078 Matthiaeo
1356 2055 1495 2089 gramm.
1522 2056 1554 2088 p.
1584 2045 1683 2078 1303.

1021 2089 1141 2139 qubus
1179 2090 1229 2123 ita
1260 2090 1451 2131 assentior,
1481 2093 1521 2123 ut
1544 2090 1685 2123 verbum

1023 2140 1119 2169 εἰναι
1153 2147 1194 2169 ex
1230 2136 1338 2169 altera
1370 2139 1579 2189 assumptum
1603 2147 1685 2180 pro-

1018 2188 1139 2226 pterea
1171 2193 1347 2223 censeam,
1392 2193 1435 2214 ne
1468 2178 1616 2236 σφόδρα
1641 2181 1685 2215 ad

1019 2228 1077 2262 δεῖ
1100 2228 1233 2273 potius,
1267 2239 1369 2272 quam
1402 2227 1445 2260 ad
1481 2224 1605 2271 ἄκρων
1628 2240 1684 2261 re-

1017 2276 1167 2315 feratur,
1207 2273 1385 2307 articulum
1410 2278 1524 2307 autem
1549 2274 1591 2307 ad
1618 2270 1683 2317 οἷρ-

1016 2318 1159 2364 χόντων
1206 2320 1353 2353 additum
1397 2331 1439 2353 ex
1474 2320 1592 2353 eadem
1624 2320 1684 2353 illa

1017 2367 1128 2400 altera
1160 2370 1333 2400 structura
1364 2366 1584 2420 repetendum
1605 2377 1681 2421 pu-

1017 2417 1095 2446 tem.
1146 2413 1286 2467 Scilicet
1309 2412 1389 2445 illud
1416 2410 1566 2455 σφόδρα
1589 2408 1681 2456 ἡμῖν

1019 2460 1075 2493 δεῖ
1101 2455 1224 2502 ἄκρων
1251 2455 1442 2502 α’ρχόντων
1477 2470 1542 2491 ιιοιι
1574 2459 1681 2491 solum

1018 2507 1121 2539 valde
1152 2506 1273 2549 peritis
1303 2506 1398 2538 nobis
1424 2516 1507 2547 opus
1531 2510 1581 2538 est
1605 2516 1681 2538 ma-

1017 2553 1243 2597 gistratibus,
1280 2551 1339 2584 sed
1365 2550 1467 2583 etiam
1499 2552 1603 2584 valde
1627 2551 1680 2583 in-

1018 2599 1176 2642 patremus
1197 2598 1320 2642 peritis
1344 2597 1607 2641 magistratibus
1632 2596 1679 2629 si—

1016 2644 1180 2688 gnificare
1204 2647 1363 2688 poterat,
1396 2642 1542 2686 ideoque
1567 2654 1587 2675 a
1612 2642 1678 2675 So-

1017 2695 1131 2731 crate,
1155 2702 1198 2724 ne
1221 2689 1348 2734 peritos
1373 2688 1594 2732 magistratus
1617 2688 1677 2721 de-

1015 2736 1169 2771 siderare
1191 2735 1383 2776 videretur,
1405 2734 1527 2779 quibus
1550 2734 1678 2767 instru-

1014 2782 1110 2816 endis
1142 2782 1230 2835 ipse
1258 2781 1323 2815 iam
1355 2791 1511 2824 magnam
1541 2791 1677 2824 operam

1014 2828 1187 2870 dedisset,
1220 2827 1271 2862 ita
1303 2826 1509 2869 inflectitur,
1538 2830 1579 2860 ut
1596 2837 1677 2860 ma-
