1807 3219
303 139 388 178 268
749 137 1229 180 PLATONIS

302 253 549 304 προσφυεῖς
579 247 834 305 γιγνόμεναι
867 249 968 304 περὶ
995 249 1048 292 τοὶ
1080 249 1198 293 κάτω
1230 248 1474 304 στρέφουσι
1505 248 1587 304 τήν
1615 253 1692 306 τῆς

301 320 444 372 ψυχῆς
484 316 610 369 ὄψιν·
673 310 739 359 ὧν
788 318 825 360 εἰ
868 316 1117 372 ἀπαλλαγὲν
1163 318 1497 372 περιεστρέφετο
1539 318 1600 368 εἰς
1638 317 1692 361 τὰ

302 384 471 441 ἀληθῆ,
513 385 586 428 καὶ
628 384 771 428 ἐκεῖνα
812 384 868 429 ἂν
906 384 954 428 τό
999 383 1105 428 αὐτὸ
1138 389 1272 429 τοῦτο
1309 389 1399 427 τῶν
1430 384 1578 428 αὐτῶν
1609 382 1689 428 ἀν·

300 453 501 507 θρώπων
531 451 718 504 ὀξύτατα
750 451 892 506 ἑώρα,
925 452 1068 508 ὥσπερ
1097 455 1169 496 καὶ
1200 452 1263 509 ἐφ’
1289 453 1318 497 cic*
1338 458 1423 497 νῦν
1444 453 1689 508 τέτραπται.

301 521 437 573 Εἰκός
465 519 517 577 γ’,
549 523 644 578 ἔφη.
710 523 762 563 Τί
792 521 860 572 δές
891 521 990 565 τόδε
1023 519 1105 565 οὐκ
1137 521 1274 574 εἰκός,
1315 516 1369 578 ἦν
1400 519 1442 565 δ’
1474 520 1579 576 ἐγώ,
1616 521 1691 565 καὶ

303 587 470 646 ἀνάγκη
503 591 550 634 ἐκ
578 593 667 632 τῶν
697 590 1053 646 προειρημένων,
1099 589 1204 646 μήτε
1244 589 1351 641 τούς
1399 590 1691 641 ἀπαιδεύτους

299 659 373 701 καὶ
415 655 622 714 ἀληθείας
664 657 872 711 ἀπείρους
914 661 1077 710 ἱκανῶς
1118 658 1173 702 ἄν
1213 674 1317 701 ποτε
1357 657 1486 702 πόλιν
1518 659 1689 712 ἐπιτρο-

242 727 273 769 C
302 731 484 780 πεῦσαι,
528 726 632 782 μήτε
662 726 768 778 τους
797 727 845 770 ἐν
873 728 1050 783 παιδεία
1089 725 1308 781 ἐωμένους
1346 728 1585 782 διατρίβειν
1614 725 1688 769 διοὲ

299 795 471 846 τέλους.
513 796 619 846 τούς
650 796 753 850 μὲν,
795 794 862 838 ὅτι
901 795 1153 839 σκοπὸν-ἐν
1191 800 1253 852 τῷ
1284 797 1365 853 βίῳ
1397 793 1479 838 οὐκ
1514 795 1689 850 ἔχουσιν

299 863 400 917 ἕνα,
435 859 489 907 οὗ
521 864 866 920 στοχαζομένους
889 865 956 907 δεῖ
977 863 1151 907 ἅπαντα
1167 862 1397 919 πράττειν,
1430 861 1458 906 δι’
1474 863 1528 906 ἂν
1548 864 1685 917 πράτ-

298 942 433 974 τωσιν
467 933 555 989 ἰδίᾳ
585 949 630 976 τε
659 934 732 977 καὶ
763 933 976 989 δημοσίᾳ,
1016 931 1122 982 τούς
1152 932 1221 984 δὲ,
1263 931 1331 976 ὅτι
1362 929 1535 983 ἑκόντες
1576 929 1689 975 εἶναι

300 997 356 1045 οὐ
394 998 658 1055 πράξουσιν,
688 1001 929 1059 ἡγούμενοι
957 999 1005 1044 ἐν
1034 999 1251 1056 μακάρων
1279 999 1433 1058 νήσοις
1455 1005 1608 1054 ζῶντες
1626 1000 1688 1045 ἔτι

249 2380 251 2383 .
289 2356 456 2390 centibus.

298 1151 395 1184 codd.
421 1151 492 1185 Ciz.
512 1157 546 1187 et
564 1155 694 1198 Paris.)
719 1153 794 1187 Ald.
810 1154 892 1187 Bas.
906 1153 961 1187 ab.

299 1197 419 1242 steph.
445 1199 657 1242 (tacentibus
670 1201 764 1244 Bip.)
786 1204 822 1234 et
832 1200 961 1234 Astius.

343 1245 403 1288 τε]
433 1258 497 1279 om.
525 1247 601 1281 Var.
626 1248 663 1280 Β.
690 1247 788 1280 vind.
814 1246 856 1279 Ε.

341 1291 533 1336 λιχνείαις]
585 1293 739 1337 λιχνίαις
781 1292 880 1327 vind.
917 1292 959 1326 E.

296 1337 477 1379 λυχνείαις
516 1340 636 1372 Iambl.
679 1339 776 1373 codd.
813 1338 890 1372 Ciz.
925 1342 961 1371 et

294 1382 403 1416 Palis.
435 1385 604 1438 λυχνίαις
629 1386 722 1419 Mon.
749 1386 787 1418 C.

340 1428 574 1484 γιγνόμεναι]
600 1444 670 1475 γιν.
696 1431 796 1466 Vind.
822 1430 864 1464 Ε.

340 1473 410 1520 τὰ]
449 1490 513 1512 om.
552 1479 632 1513 Par.
662 1478 703 1511 A.
751 1476 850 1512 Vind.
887 1477 958 1510 BF.

293 1521 386 1557 Mon.
425 1524 465 1557 C.
513 1525 593 1559 vat.
634 1525 679 1557 H.
728 1524 957 1556 F101.ACV.

293 1568 379 1602 Ven.
406 1569 446 1604 C.
472 1574 507 1603 et
531 1583 551 1604 a
574 1582 618 1605 in.
642 1582 694 1614 pr.
721 1570 759 1603 Β.
801 1565 845 1603 ‘cd
873 1570 957 1603 Lob.

293 1615 371 1649 Vat.
398 1616 477 1649 ΒΜ.
515 1618 601 1660 Aug.
626 1617 664 1650 B.
700 1617 794 1649 Flor.
820 1616 897 1648 ΚΤ.
923 1619 957 1648 et

292 1671 314 1693 a
337 1673 380 1696 m.
404 1673 431 1695 5.
458 1663 541 1696 Ven.
567 1664 606 1696 B.
642 1663 731 1708 quod
764 1673 872 1706 aeque
896 1662 958 1694 bo-

293 1718 371 1740 num
398 1713 432 1741 et
457 1720 476 1742 a
497 1709 667 1742 codicibus
691 1719 800 1753 aeque.
825 1709 958 1741 firmum

293 1765 335 1786 ac
359 1755 534 1797 vulgatum
559 1753 606 1789 τὰ
632 1755 776 1788 videtur.
834 1754 957 1797 Itaque

290 1799 457 1833 incertum
491 1805 572 1842 est,
620 1807 735 1834 utrum
777 1801 958 1844 genuinum

292 1849 347 1880 sit.
383 1847 461 1880 Nisi
486 1849 576 1880 forte
602 1848 704 1881 etiam
728 1846 812 1889 περὶ
835 1847 871 1880 in
893 1846 957 1879 du-

292 1892 490 1926 bitationem
513 1905 638 1926 vocare
662 1893 826 1926 volumus.

340 1939 396 1982 εἰ]
425 1952 489 1972 om.
514 1940 599 1972 Lob.
626 1941 704 1974 Vat.
730 1940 778 1972 M.

338 1983 632 2030 περιεστρέφετο]
654 1983 955 2038 περιεστρέφοιτο

295 2058 316 2074 ,,
327 2036 365 2065 ut
383 2032 550 2065 videtur“
573 2033 652 2065 Par.
676 2032 718 2066 D.
767 2028 955 2075 περιστρέ-

292 2089 439 2121 φοιτο
427 2078 522 2113 Mon.
548 2079 586 2111 Β.
612 2078 702 2111 F.lor
729 2078 772 2111 U.

337 2122 383 2157 τὰ
405 2121 543 2168 ἀληθῆ]
571 2125 624 2157 Ita
637 2125 722 2157 Lob.
736 2126 766 2158 V
770 2123 953 2157 ind.BEF.

291 2170 383 2204 Mon.
398 2171 466 2204 BC.
494 2172 584 2203 Flor.
599 2171 805 2205 ACRTUV.
832 2169 951 2203 Iambl.

294 2217 346 2250 ed.
374 2217 497 2250 Kiessl.
525 2213 651 2259 ἀληθῆ
677 2217 794 2250 lambi.
821 2217 873 2250 ed.
901 2228 952 2260 pr.

288 2263 366 2296 Ald.
392 2265 471 2297 Bas.
492 2275 523 2298 a.
546 2261 695 2306 τάληθῆ
714 2263 862 2307 reliquae
882 2262 955 2295 edi-

288 2309 419 2351 tiones,
445 2310 603 2343 Bekkero
628 2312 663 2342 et
686 2309 877 2353 Bipontinis¹
898 2313 954 2341 ta—

515 2356 675 2389 Ceterum
717 2355 807 2399 quod
848 2354 955 2387 Stall-

287 2402 441 2436 baumius
470 2402 505 2434 in
529 2413 596 2435 sec.
631 2427 654 2441 .‚
667 2400 849 2434 temerario
874 2413 955 2433 con—

287 2448 362 2482 silio
394 2452 474 2492 post
509 2447 561 2487 εἰς
593 2444 743 2491 τάληθῆ
776 2448 954 2491 interpun-

288 2494 432 2528 ctionem
463 2494 498 2528 in
531 2494 653 2528 ceteris
687 2493 890 2527 editionibus
916 2505 955 2525 o-

289 2540 424 2573 missam
456 2543 566 2573 esse“
608 2540 783 2584 queritur,
827 2540 869 2572 de
902 2539 953 2581 iis,

290 2597 375 2631 quas
399 2587 559 2627 contulit,
585 2586 649 2619 hoc
669 2589 732 2626 est,
754 2586 796 2619 de
814 2586 953 2618 Bekke-

291 2633 406 2673 riana,
428 2632 518 2665 Astii
540 2633 645 2666 tertia
669 2636 704 2665 et
720 2632 825 2676 ipsius
842 2631 950 2676 priori

289 2678 581 2722 interpretandum
591 2681 661 2712 est:
673 2678 825 2723 reliquae
836 2689 951 2711 omnes

291 2736 419 2758 comma
442 2724 578 2757 habent.

336 2768 488 2814 εκεῖνα]
540 2770 574 2804 εἰ
613 2767 732 2803 ἐκεῖνα
777 2769 876 2805 Vizid.
910 2768 950 2803 F.

292 2817 385 2851 F.lor
411 2817 481 2851 AC.
517 2812 608 2860 ἢεκ.
637 2820 722 2861 Ang.
748 2817 787 2850 B.

1067 1149 1184 1196 εώρα,
1203 1147 1339 1196 ὥσπερ]
1365 1164 1428 1186 om.
1449 1151 1569 1186 lambi.
1589 1152 1686 1187 codd.

1020 1199 1093 1232 Ciz.
1119 1205 1155 1232 et
1179 1199 1289 1232 Paris.
1339 1199 1453 1240 „Post
1479 1195 1575 1239 οξὺ
1565 1210 1600 1231 1n
1621 1209 1682 1231 ms.

1019 1250 1136 1279 nostio
1169 1250 1247 1279 erat
1279 1247 1400 1278 lacuna
1419 1270 1429 1286 ,
1466 1256 1568 1290 quam
1601 1256 1684 1288 pro—

1020 1291 1108 1324 clive
1151 1296 1226 1324 erat
1268 1291 1388 1324 tolleie
1422 1302 1461 1323 ex
1497 1291 1682 1324 Platone.“

1017 1337 1189 1371 ArceriuS.
1238 1334 1327 1380 ἓόρα
1357 1334 1399 1370 03‘.
1423 1337 1499 1371 Ald.

1063 1382 1151 1426 καὶ]
1178 1396 1243 1416 om.
1269 1386 1357 1426 Ang.
1383 1384 1424 1417 B.
1449 1384 1544 1416 Flor.
1571 1384 1612 1419 R.

1063 1426 1119 1472 γ’]
1154 1440 1193 1472 γε
1217 1429 1302 1463 Lob.
1328 1429 1429 1464 vind.
1452 1431 1494 1463 B.
1520 1429 1612 1462 Mon.
1640 1430 1682 1464 C.
1704 1454 1707 1456 -

1064 1473 1126 1519 δέ]
1167 1475 1231 1509 δαί
1263 1476 1342 1508 Par.
1377 1476 1417 1508 A.
1452 1475 1575 1508 Stallb.
1613 1488 1682 1510 sec.

1018 1521 1072 1554 Cf.
1098 1522 1174 1556 Vol.
1200 1522 1228 1555 I.
1261 1533 1295 1566 p.
1323 1522 1410 1563 155,
1433 1523 1467 1555 b.
1516 1522 1555 1554 [n
1581 1522 1680 1556 Vind.

1016 1568 1090 1601 ΒΕ.
1116 1579 1181 1601 non
1206 1568 1279 1607 hic,
1315 1568 1375 1601 sed
1409 1571 1488 1612 post
1518 1565 1606 1602 τόδε
1629 1568 1682 1602 iu-

1017 1614 1210 1657 terpunctio
1235 1619 1301 1647 est.
1336 1614 1500 1647 Similiter
1524 1614 1680 1650 Ficinus:

1018 1661 1111 1714 Quid
1132 1662 1245 1694 istud.
1238 1661 1255 1685 7
1279 1672 1389 1694 nonne
1415 1662 1593 1703 probabile
1615 1668 1678 1694 etc.

1063 1701 1131 1740 οὔκ
1159 1704 1283 1749 εἰκὸς]
1322 1707 1379 1739 Ita
1413 1706 1506 1740 Mon.
1531 1707 1571 1740 B.
1601 1710 1682 1742 ante

1015 1763 1102 1785 cori.
1132 1750 1301 1791 οὕκεικὸς
1321 1764 1340 1785 e
1365 1764 1454 1786 corr.

1060 1795 1324 1840 ἐπιτροπεῦσαι
1352 1799 1364 1842 ]
1441 1796 1681 1842 ἓπιτροπεῦσι

1013 1843 1113 1877 Viud.
1139 1846 1182 1879 F.
1224 1842 1504 1888 ἐπιτροπεύσειν
1527 1846 1614 1889 Aug.
1638 1845 1679 1879 B.

1013 1890 1105 1923 F.101·
1132 1891 1175 1925 R.

1060 1934 1124 1970 δια
1153 1935 1312 1981 τέλους,]
1364 1937 1459 1971 διατ.
1502 1937 1600 1970 Vind.
1637 1937 1678 1991 Ε.
1705 1936 1738 1978 C

1013 1980 1078 2016 διὰ
1098 1982 1237 2022 τέλους.
1259 1984 1336 2016 Ald.
1359 1985 1439 2017 Bas.
1461 1984 1514 2017 ab.
1540 1981 1604 2017 διὰ
1622 1981 1678 2017 τέ-

1012 2030 1122 2069 λους,·
1148 2030 1269 2073 Steph
1297 2032 1370 2064 Ast.
1398 2041 1450 2074 pr.
1474 2041 1542 2063 sec.

1059 2074 1221 2120 σκοπὸν]
1251 2086 1401 2109 σκοπων
1427 2076 1524 2110 Vind.
1547 2076 1592 2109 F.

1059 2119 1203 2165 ἔχουσιν
1223 2141 1269 2146 -—
1297 2123 1356 2155 δεῖ
1376 2141 1419 2146 -
1446 2119 1679 2165 πράξουσιν]

1011 2165 1242 2212 ἔχουσι-δὴ
1253 2189 1300 2193 -
1315 2166 1505 2211 πράξωσιν
1529 2168 1628 2201 idern.

1057 2215 1212 2259 ζῶντες]
1241 2213 1376 2256 ζῶντές
1403 2226 1441 2248 τε
1477 2214 1579 2250 Vino.
1603 2214 1675 2248 EF.

1013 2262 1097 2294 Ven.
1126 2262 1163 2295 B.

1058 2304 1131 2362 εἰει]
1161 2320 1224 2341 om.
1249 2307 1349 2342 Vind.
1374 2307 1415 2340 F.

1058 2350 1286 2398 ἀπῳκίσθαι]
1315 2350 1438 2386 ἀπωκε
1426 2353 1550 2386 ῖσθαι
1574 2352 1673 2393 idem,

1014 2397 1239 2433 ἀποκεῖσθαι
1272 2400 1357 2443 Aug.
1382 2400 1424 2432 B.
1481 2398 1672 2432 Cf.P01it.

1010 2458 1044 2490 p.
1080 2448 1159 2480 28-.i
1195 2447 1236 2481 Ε.
1298 2447 1366 2479 Pro
1399 2445 1496 2489 signo
1527 2445 1673 2477 intetro÷

1010 2492 1113 2535 gandi
1149 2492 1313 2525 editiones
1356 2495 1435 2525 ante
1478 2491 1673 2524 Bekkerum

1009 2542 1169 2594 punctum
1194 2539 1330 2572 habent.

1058 2583 1152 2628 ἔφη]
1180 2582 1257 2627 λέγε
1261 2598 1293 2624 ις
1320 2585 1395 2617 Vat
1423 2583 1471 2616 M.

1053 2627 1271 2685 Ημέτερον]
1311 2631 1349 2663 In
1382 2630 1462 2662 Par.
1487 2629 1530 2662 K.
1555 2628 1672 2673 primis

1008 2676 1132 2710 litteiis
1159 2673 1209 2719 ὑμ
1234 2676 1510 2721 superscriptum.

1056 2722 1261 2777 οι’κιστῶν,]
1285 2723 1400 2778 Vulgo
1416 2733 1544 2754 comma
1564 2722 1670 2753 abest.

1008 2765 1261 2850 αιῗφὲῗέιῖῗέέ
1271 2765 1588 2849 Αἵίέῗαῖἑῗῡί]
1599 2767 1670 2843 ¹³5,
