1807 3219
447 181 670 224 CIVIT
692 182 783 225 AS
826 185 1058 227 LIB.VlI.
1088 190 1156 224 533

1410 186 1496 226 323

109 296 286 349 λοιπαὶ,
324 293 377 346 ἃς
402 297 483 338 τοῦ
516 293 647 346 ὄντος
682 310 724 338 τι
764 295 930 353 ἔφαμεν
956 294 1356 353 ἐπιλαμβάνεσθαι,
1384 311 1498 352 γεω-

107 365 290 422 μετρίαν
318 378 364 407 τε
392 362 468 407 καὶ
504 361 585 415 ταὶς
623 362 763 421 ταύτῃ
804 364 1039 420 ἑπομένας,
1081 364 1256 420 ὁρῶμεν
1285 361 1346 416 ὥς
1378 361 1495 407 ὀνει-
1527 366 1560 410 G

109 432 325 489 pennum
364 432 444 488 μὲν
486 432 584 486 περὶ
622 432 671 476 τὸ
714 431 800 486 ὃν,
856 434 977 489 ὕπαρ
1009 433 1055 479 δὲ
1093 432 1316 477 ἀδύνατον
1346 429 1500 483 αὐταῖς

48 556 57 563 q
108 504 241 556 ι’δεῖν,
303 501 386 553 ἕως
426 499 483 544 ἂν
524 498 760 546 ὑποθέσεσι
799 502 1019 558 χρώμεναι
1055 499 1218 552 ταύτας
1261 499 1500 581 ἀκινήτους

108 572 236 621 ἐῶσι,
267 569 326 627 μὴ
354 567 596 625 δυνάμεναι
624 569 758 626 λόγον
788 570 964 615 διδόναι
995 569 1154 614 αὐτῶν
1207 563 1242 626 ᾧ
1271 585 1357 624 γαρ
1389 566 1499 625 ἀρχὴ

108 641 188 696 μὲν
219 638 244 683 ὃ
272 638 330 694 μὴ
360 636 479 691 οἶδε,
510 638 683 695 τελευτὴ
716 638 760 682 δὲ
791 640 863 682 καὶ
894 639 946 681 τα
981 639 1139 694 μεταξὺ
1171 637 1213 690 ἐξ
1247 639 1301 680 οὐ
1323 637 1382 693 μὴ
1409 633 1500 680 οἶδε

42 755 51 768 l
110 708 454 764 συμπέπλεκται»,
484 708 548 757 τίς
577 706 744 763 μηχανή
776 706 856 763 τήν
885 707 1094 765 τοιαύτην
1127 706 1365 764 ὁμολογίαν
1394 706 1499 750 ποτὲ

107 775 348 832 ἐπιστήμην
396 775 623 831 γενέσθαις
657 774 872 830 Οὐδεμία,
915 772 945 832 ἦ
983 775 1023 821 δ’
1063 776 1123 827 ὅς.

1192 773 1370 819 Οὐκοῦν
1383 807 1394 825 ,
1441 769 1499 830 ἦν

106 841 149 889 δ’
181 843 287 901 ἐγώ,
326 844 352 900 ἡ
385 843 629 900 διαλεκτική
672 842 865 899 μέθοδος
904 844 1018 900 μόνη
1058 842 1196 903 ταύτῃ
1245 841 1497 896 πορεύεται,

105 913 185 966 τὰς
221 911 456 965 ὑποθέσεις
507 910 755 968 ἀναιροῦσα
796 911 864 956 ἐπ’
905 910 1044 969 αὐτὴν
1082 911 1164 968 τήν
1206 910 1378 968 ἀρχὴν,
1425 912 1499 954 ἵνα

106 1075 173 1098 non
197 1062 412 1097 intolerabile
429 1088 440 1104 ‚
473 1065 567 1096 certe
591 1064 774 1096 accuratae

108 1110 254 1151 artium,
288 1121 388 1154 quam
427 1109 591 1142 Socrates
624 1109 772 1151 exhibet,

107 1155 266 1190 divisioni
291 1155 495 1189 contrarium
520 1155 666 1195 videtur.

151 1203 213 1247 τε]
240 1202 303 1236 int.
327 1212 417 1235 vers.
445 1201 546 1236 vind.
564 1201 609 1237 B.

150 1268 409 1315 τετράφαται]
441 1267 671 1314 τετράφατε,
696 1277 771 1316 sup.

104 1328 127 1352 a
150 1328 193 1352 m.
219 1329 248 1352 s,
273 1329 333 1360 αι,
362 1317 458 1351 Μοιι.
485 1317 526 1351 C.

151 1383 508 1431 ἐπιλαμβάνεσθαι]
546 1381 773 1430 ἀντιλαμβά-

103 1433 239 1466 νεσθαι
262 1434 348 1467 V.en
373 1433 416 1466 Β.
445 1432 543 1466 Vind.
571 1432 614 1466 E.

148 1501 399 1546 γεωμετρίαν]
433 1500 656 1546 γεωμετρίας
686 1500 772 1534 Lob.

101 1545 199 1628 Qu.
208 1549 287 1628 DI}
322 1549 402 1584 V.at
445 1547 561 1582 BHM.
611 1547 697 1582 Ven.
731 1547 774 1581 C.

62 1667 95 1710 C
152 1659 346 1697 ἀδύνατον
380 1660 542 1708 αὐταῖς]

107 1705 205 1743 αντό
233 1709 326 1743 Μοιι.
352 1710 394 1745 Β.
416 1710 512 1744 Flor.
537 1710 582 1744 U.

150 1775 315 1823 ταυτας]
341 1776 480 1814 ταύται
503 1777 604 1813 vind.
615 1778 655 1812 F.
676 1775 773 1812 παύ-

104 1835 174 1864 τας
196 1824 274 1858 Ald.

150 1868 377 1916 δυνάμεναι]
403 1868 593 1913 δυνάμενα
616 1869 694 1905 Α1(1.

587 1660 771 1698 ἀδύνατοι

106 1985 151 2020 in
154 1936 407 2020 εἰςὲιῇιιιῖιιιῗῖρῶῆ
425 1939 543 2042 Vzffldp.
551 1939 775 2021 {31²1}le

108 2044 166 2072 τις
194 2031 265 2078 τὴν
292 2029 480 2067 υπόθεσιν
517 2029 637 2075 ἀρχὴν
665 2030 774 2089 ποιή-

107 2088 240 2134 σαιτο,
255 2078 358 2136 περὶ
392 2075 532 2112 τούτου
561 2078 683 2112 ταῦτα
710 2076 775 2122 ῥη-

107 2122 216 2166 τέον,
241 2121 317 2160 ἀπὸ
323 2124 386 2182 (1
412 2119 436 2158 ὁὶ
463 2123 565 2168 περὶ)
592 2123 669 2158 τῶν
671 2136 776 2169 γεω-

107 2171 318 2233 μετρικῶν
315 2168 456 2210 ἐκεῖνος
472 2170 636 2214 εἴρηκεν·
653 2183 680 2216 ῳ
704 2169 775 2214 γὰρ

110 2229 205 2273 αρχη
224 2229 322 2272 μεν
304 2213 377 2251 *δι’
395 2214 459 2272 ἓν,
484 2213 632 2265 τελευτή
652 2205 693 2250 δε
713 2216 777 2251 καὶ

107 2273 204 2307 μεσα
229 2261 267 2306 ἐξ
289 2276 344 2297 ων
365 2275 434 2297 ουκ
449 2243 585 2306 οἶδεν,
620 2259 777 2306 οὐδεμία

107 2308 252 2367 μηχανὴ
280 2308 323 2344 τὸ
359 2308 535 2343 τοιοῦτον
570 2307 777 2353 ἐπιστήμην

108 2352 216 2390 εἶναι.
248 2356 370 2401 quibus
399 2367 487 2400 quae
532 2355 655 2390 desunt
686 2356 776 2390 nullo

107 2401 246 2446 negotio
278 2402 356 2436 hinc
389 2401 557 2435 addideris
593 2405 630 2435 et
652 2401 778 2436 vitiosa

108 2447 311 2483 correxeris.
368 2447 532 2481 Cousinio
574 2450 687 2481 tamen
729 2448 777 2481 nil

105 2493 228 2528 deesse
252 2498 288 2528 et
312 2489 359 2528 δι’
375 2489 419 2528 ἓν
443 2505 561 2527 sanum
584 2494 774 2528 videbatur.

153 2537 463 2584 συμπέπλεκται]
535 2537 777 2583 συμπλέκεται

107 2585 196 2620 Lob.
217 2587 298 2621 Vat.
322 2586 404 2621 BM.
431 2591 675 2622 connectuntur
698 2586 773 2621 Fic.

151 2631 238 2688 τίς]
274 2631 331 2673 τὶς
354 2632 428 2666 Ald.
455 2632 534 2666 Bas.
559 2633 614 2667 ab.

153 2675 248 2735 τήν]
272 2690 337 2712 om.
361 2677 462 2712 Vind.
487 2678 532 2712 Ε.

156 2722 360 2781 Οὐδεμία]
379 2721 468 2758 ου’δε
486 2724 553 2767 μία
576 2723 670 2758 Μοιι.
687 2724 729 2758 Β.

156 2767 312 2806 Ουκοῦν
337 2767 361 2814 ’ἡ
390 2768 596 2824 διαλεκτικὴ
613 2789 660 2795 -—
688 2769 776 2814 ωρι-

108 2813 271 2860 σᾶμεθα.
302 2818 370 2862 Ι).]
405 2816 576 2861 excerpsit
606 2816 778 2851 Stobaeus

110 2863 172 2897 ecl.
199 2863 312 2899 1,.11.
337 2874 372 2909 Ρ.
400 2864 479 2899 157.
505 2863 606 2897 Cant.

875 1060 996 1106 μόνη]
1032 1058 1146 1105 μόνηι
1170 1061 1256 1094 Lob.
1291 1057 1390 1106 μόνῃ
1415 1059 1498 1094 editi

829 1115 909 1143 ante
957 1107 1101 1142 Astium.
1173 1107 1353 1142 Bekkerus
1399 1104 1497 1151 μόνη

827 1159 958 1189 tanturn
983 1166 1024 1188 ex
1049 1154 1129 1188 Par.
1153 1154 1194 1187 A.
1224 1154 1309 1187 V.en
1337 1153 1377 1186 C.
1402 1157 1499 1186 retu-

828 1202 887 1242 lit,
922 1201 982 1234 hos
1015 1199 1123 1241 solos,
1168 1199 1306 1253 opinor,
1352 1199 1495 1232 innuens

828 1247 979 1281 dativum
1004 1258 1025 1279 a
1048 1245 1253 1279 nominativo
1285 1245 1497 1300 distinguere

828 1294 949 1327 solere.
989 1292 1058 1325 Sed
1083 1292 1295 1336 Stephanum
1319 1289 1416 1336 μόνῃ
1433 1292 1497 1325 ha-

828 1341 910 1374 bere
934 1350 999 1372 non
1028 1339 1188 1372 cstendit.

878 1382 1110 1428 αναιροῦσα]
1159 1384 1214 1417 Ita
1246 1382 1387 1417 Stobaei
1422 1382 1496 1416 cod.

829 1432 1046 1476 Augustanus
1079 1435 1114 1464 et
1155 1430 1352 1464 Vaticanus.
1403 1426 1497 1463 οἶνοί-

829 1488 948 1522 γουσα
973 1477 1071 1510 Cant.
1077 1476 1210 1531 quod,
1247 1476 1311 1509 nisi
1345 1476 1499 1521 proxime

830 1535 976 1569 sequens
1012 1519 1143 1567 ἄναγει
1175 1523 1350 1563 obstaret,
1395 1533 1497 1566 prae-

830 1572 968 1605 ferrem.
1033 1569 1122 1603 Nam
1170 1579 1271 1614 quum
1319 1567 1512 1613 dialectica-

831 1617 1014 1650 secundum
1051 1615 1092 1648 L.
1119 1615 1179 1648 VI.
1222 1626 1255 1660 p.
1281 1615 1360 1649 511.
1387 1615 1427 1648 Β.
1455 1613 1514 1648 ej·

830 1663 874 1698 D.
899 1675 965 1696 non
990 1662 1022 1695 id
1053 1665 1153 1706 agat,
1185 1665 1224 1694 ut
1259 1661 1427 1694 axiomata
1462 1663 1498 1694 et

831 1709 1004 1754 postulata
1036 1691 1274 1741 mathematica
1304 1708 1405 1740 tollat
1435 1718 1497 1740 seu

832 1760 989 1796 evertat,
1022 1753 1082 1788 sed
1108 1754 1150 1786 ad
1175 1753 1380 1807 principium
1403 1753 1498 1786 refe—

830 1805 887 1835 rat
911 1802 1010 1845 eique
1035 1800 1212 1834 coniuncta
1235 1805 1275 1832 ut
1294 1800 1362 1832 iam
1384 1799 1495 1832 scian-

830 1852 889 1881 tur
913 1847 1065 1887 efficiat‚
1092 1843 1303 1889 ἀναιροῦσα
1325 1845 1497 1879 diversam

830 1894 864 1927 h.
883 1895 907 1928 1.
932 1905 952 1927 a
975 1893 1109 1937 vulgari
1133 1891 1418 1936 significationem
1434 1891 1497 1925 ha-

831 1941 914 1973 bere
938 1943 990 1981 et,
1026 1939 1117 1992 quod
1150 1938 1326 1972 collocatio
1359 1949 1497 1983 quoque

829 1986 1012 2019 verborum
1034 1984 1187 2029 flanitat‚
1222 1996 1296 2017 cum
1321 1987 1496 2038 sequenti·

830 2033 896 2066 bus
930 2028 985 2065 ἐπ’
1012 2028 1132 2075 αὐτὴν
1165 2028 1235 2074 τὴν
1262 2027 1381 2074 οἷρχήν
1414 2042 1496 2064 con-

833 2078 1029 2112 struendum
1066 2089 1142 2111 esse
1177 2076 1350 2122 sequitur:
1385 2077 1498 2110 diale—

833 2125 924 2158 ctica
946 2126 1021 2158 sola
1051 2124 1132 2165 hac,
1170 2123 1225 2157 cui
1259 2122 1433 2156 contraria
1462 2122 1499 2156 in

833 2170 994 2217 proximis
1037 2170 1270 2204 demonstrata
1317 2172 1390 2210 est,
1437 2169 1499 2202 via

829 2218 1010 2262 procedit,
1040 2217 1231 2260 ‘positiones
1261 2226 1326 2248 non
1350 2215 1438 2248 fixas
1462 2218 1499 2248 et

832 2264 988 2297 immotas
1004 2263 1211 2307 relinquens,
1234 2261 1295 2295 sed
1319 2262 1367 2295 ad
1386 2262 1499 2304 ipsum

829 2310 1040 2354 principium
1065 2310 1256 2348 extollens,
1298 2313 1338 2341 ut
1370 2309 1500 2362 firmas

834 2361 868 2389 et
887 2361 997 2390 certas
1010 2356 1150 2389 reddat.
1181 2354 1251 2387 Sed
1276 2353 1372 2386 verbi
1393 2349 1499 2386 ἄναι-

834 2404 912 2445 ρεῖν
946 2413 1020 2435 cum
1056 2399 1309 2446 praepositione
1335 2396 1396 2433 ἐπὶ
1420 2410 1500 2432 cou-

833 2447 955 2482 structi
985 2447 1174 2491 exemplum
1206 2456 1372 2490 nusquam
1405 2444 1502 2478 inve-

833 2493 911 2536 nio,
940 2505 1060 2547 neque
1083 2504 1151 2538 qua
1182 2491 1317 2526 ratione
1349 2491 1502 2524 construi

833 2539 969 2596 possit,
995 2539 1080 2574 satis
1102 2538 1266 2582 intelligo.
1314 2538 1368 2570 An
1392 2537 1502 2581 igitur

833 2584 1043 2629 οἷναίρουσα
1053 2584 1288 2619 scribendum.
1275 2583 1293 2608 '²
1314 2583 1411 2617 cuius
1423 2593 1501 2616 ver-

831 2633 866 2666 bi
891 2632 1050 2686 quamvis
1070 2631 1139 2665 rari
1168 2634 1283 2664 certus
1311 2632 1422 2663 tamen
1447 2628 1499 2662 lo—

833 2689 893 2712 cus
940 2683 994 2712 est
1039 2678 1073 2710 in
1126 2675 1301 2732 Euripidis
1358 2675 1500 2708 Electra

831 2719 1110 2782 ν’.102ε“Ἕως
1141 2720 1212 2766 γὰρ
1251 2718 1382 2755 λευκὸν
1413 2716 1498 2764 ὄμμ’

834 2767 1040 2814 ἀναίρεται.
1096 2768 1243 2823 Neque
1253 2766 1422 2801 diversum
1455 2765 1500 2801 ab

833 2829 874 2851 eo
899 2816 1117 2851 Homericum
1140 2819 1194 2848 est
1219 2810 1416 2858 ἄναείρειν.

880 2861 973 2907 τὴν]
998 2875 1064 2897 om.
1088 2861 1182 2896 Mon.
1206 2860 1248 2894 B.

1221 2915 1310 2958 X2
