<?xml version="1.0" encoding="UTF-8"?>
<!DOCTYPE html PUBLIC "-//W3C//DTD XHTML 1.0 Transitional//EN"
    "http://www.w3.org/TR/xhtml1/DTD/xhtml1-transitional.dtd">
<html xmlns="http://www.w3.org/1999/xhtml" xml:lang="en" lang="en">
 <head>
  <title>
</title>
<meta http-equiv="Content-Type" content="text/html;charset=utf-8" />
  <meta name='ocr-system' content='tesseract 3.04.00' />
  <meta name='ocr-capabilities' content='ocr_page ocr_carea ocr_par ocr_line ocrx_word'/>
</head>
<body>
  <div class='ocr_page' id='page_1' title='image "./operagraecerecen02platuoft_0123.png"; bbox 0 0 1807 3219; ppageno 0'>
   <div class='ocr_carea' id='block_1_1' title="bbox 418 139 1099 186">
    <p class='ocr_par' dir='ltr' id='par_1_1' title="bbox 418 139 1099 186">
     <span class='ocr_line' id='line_1_1' title="bbox 418 139 1099 186; baseline -0.001 -4"><span class='ocrx_word' id='word_1_1' title='bbox 418 139 754 185; x_wconf 86' lang='lat' dir='ltr'>CIVITAS</span> <span class='ocrx_word' id='word_1_2' title='bbox 798 142 920 186; x_wconf 85' lang='lat' dir='ltr'><strong>LIB.</strong></span> <span class='ocrx_word' id='word_1_3' title='bbox 945 142 999 185; x_wconf 89' lang='lat' dir='ltr'>V.</span> <span class='ocrx_word' id='word_1_4' title='bbox 1029 144 1099 183; x_wconf 84' lang='grc'>466</span> 
     </span>
    </p>
   </div>
   <div class='ocr_carea' id='block_1_2' title="bbox 1408 143 1468 184">
    <p class='ocr_par' dir='ltr' id='par_1_2' title="bbox 1408 143 1468 184">
     <span class='ocr_line' id='line_1_2' title="bbox 1408 143 1468 184; baseline -0.017 0"><span class='ocrx_word' id='word_1_5' title='bbox 1408 143 1468 184; x_wconf 78' lang='lat'>75</span> 
     </span>
    </p>
   </div>
   <div class='ocr_carea' id='block_1_3' title="bbox 59 244 1530 517">
    <p class='ocr_par' dir='ltr' id='par_1_3' title="bbox 59 244 1530 517">
     <span class='ocr_line' id='line_1_3' title="bbox 59 244 1471 312; baseline 0 -17"><span class='ocrx_word' id='word_1_6' title='bbox 59 263 161 309; x_wconf 83' lang='grc' dir='ltr'><strong><em>,σης</em></strong></span> <span class='ocrx_word' id='word_1_7' title='bbox 197 255 273 309; x_wconf 82' lang='grc' dir='ltr'>τῆς</span> <span class='ocrx_word' id='word_1_8' title='bbox 309 251 476 304; x_wconf 83' lang='grc' dir='ltr'><strong><em>πόλεως</em></strong></span> <span class='ocrx_word' id='word_1_9' title='bbox 515 254 758 310; x_wconf 79' lang='grc' dir='ltr'><em>σωτηρίαν,</em></span> <span class='ocrx_word' id='word_1_10' title='bbox 805 257 954 312; x_wconf 83' lang='grc' dir='ltr'><strong><em>τροφῇ</em></strong></span> <span class='ocrx_word' id='word_1_11' title='bbox 996 270 1041 298; x_wconf 89' lang='grc' dir='ltr'>τε</span> <span class='ocrx_word' id='word_1_12' title='bbox 1079 244 1284 305; x_wconf 81' lang='grc' dir='ltr'><strong><em>καὶτοῖς</em></strong></span> <span class='ocrx_word' id='word_1_13' title='bbox 1320 251 1471 303; x_wconf 75' lang='grc' dir='ltr'><strong><em>ἄλλοις</em></strong></span> 
     </span>
     <span class='ocr_line' id='line_1_4' title="bbox 79 320 1468 377; baseline -0.001 -11"><span class='ocrx_word' id='word_1_14' title='bbox 79 325 238 373; x_wconf 82' lang='grc' dir='ltr'><strong><em>πᾶσιν,</em></strong></span> <span class='ocrx_word' id='word_1_15' title='bbox 271 320 390 364; x_wconf 83' lang='grc' dir='ltr'><strong><em>ὅσων</em></strong></span> <span class='ocrx_word' id='word_1_16' title='bbox 419 323 514 377; x_wconf 89' lang='grc' dir='ltr'><strong><em>βίος</em></strong></span> <span class='ocrx_word' id='word_1_17' title='bbox 544 324 700 376; x_wconf 89' lang='grc' dir='ltr'><strong><em>δεῖται,</em></strong></span> <span class='ocrx_word' id='word_1_18' title='bbox 733 321 862 367; x_wconf 80' lang='grc' dir='ltr'><strong><em>αὐτοί</em></strong></span> <span class='ocrx_word' id='word_1_19' title='bbox 891 340 936 367; x_wconf 89' lang='grc' dir='ltr'>τε</span> <span class='ocrx_word' id='word_1_20' title='bbox 965 322 1040 367; x_wconf 83' lang='grc' dir='ltr'>καὶ</span> <span class='ocrx_word' id='word_1_21' title='bbox 1068 324 1220 374; x_wconf 84' lang='grc' dir='ltr'><strong><em>παῖδες</em></strong></span> <span class='ocrx_word' id='word_1_22' title='bbox 1245 321 1468 366; x_wconf 76' lang='grc' dir='ltr'><strong><em>ἀναδοῦν-</em></strong></span> 
     </span>
     <span class='ocr_line' id='line_1_5' title="bbox 79 387 1530 448; baseline -0.002 -14"><span class='ocrx_word' id='word_1_23' title='bbox 79 408 151 435; x_wconf 97' lang='grc' dir='ltr'>ται</span> <span class='ocrx_word' id='word_1_24' title='bbox 179 390 253 435; x_wconf 84' lang='grc' dir='ltr'>καὶ</span> <span class='ocrx_word' id='word_1_25' title='bbox 280 388 387 446; x_wconf 76' lang='grc' dir='ltr'><strong><em>γέρα</em></strong></span> <span class='ocrx_word' id='word_1_26' title='bbox 417 389 617 446; x_wconf 81' lang='grc' dir='ltr'><strong><em>δέχονται</em></strong></span> <span class='ocrx_word' id='word_1_27' title='bbox 645 392 766 447; x_wconf 76' lang='grc' dir='ltr'><strong><em>παρα</em></strong></span> <span class='ocrx_word' id='word_1_28' title='bbox 806 395 882 448; x_wconf 83' lang='grc' dir='ltr'>τῆς</span> <span class='ocrx_word' id='word_1_29' title='bbox 927 389 1076 435; x_wconf 75' lang='grc' dir='ltr'><strong><em>αὐτῶν</em></strong></span> <span class='ocrx_word' id='word_1_30' title='bbox 1115 389 1282 442; x_wconf 85' lang='grc' dir='ltr'><strong><em>πόλεως</em></strong></span> <span class='ocrx_word' id='word_1_31' title='bbox 1311 387 1467 444; x_wconf 79' lang='grc' dir='ltr'><strong><em>ζῶντές</em></strong></span> <span class='ocrx_word' id='word_1_32' title='bbox 1495 389 1530 431; x_wconf 92' lang='grc' dir='ltr'>Ε</span> 
     </span>
     <span class='ocr_line' id='line_1_6' title="bbox 77 457 1469 517; baseline -0.001 -14"><span class='ocrx_word' id='word_1_33' title='bbox 77 476 122 503; x_wconf 90' lang='grc' dir='ltr'>τε</span> <span class='ocrx_word' id='word_1_34' title='bbox 150 460 224 504; x_wconf 85' lang='grc' dir='ltr'>καὶ</span> <span class='ocrx_word' id='word_1_35' title='bbox 251 457 582 516; x_wconf 79' lang='grc' dir='ltr'><strong><em>τελευτήσαντες</em></strong></span> <span class='ocrx_word' id='word_1_36' title='bbox 611 465 757 517; x_wconf 82' lang='grc' dir='ltr'><strong><em>ταφῆς</em></strong></span> <span class='ocrx_word' id='word_1_37' title='bbox 787 459 909 513; x_wconf 81' lang='grc' dir='ltr'><strong><em>ἀξίας</em></strong></span> <span class='ocrx_word' id='word_1_38' title='bbox 938 460 1176 517; x_wconf 84' lang='grc' dir='ltr'><strong><em>μετέχουσι.</em></strong></span> <span class='ocrx_word' id='word_1_39' title='bbox 1217 459 1303 502; x_wconf 82' lang='grc' dir='ltr'>Καὶ</span> <span class='ocrx_word' id='word_1_40' title='bbox 1338 458 1469 514; x_wconf 81' lang='grc' dir='ltr'><strong><em>μάλα,</em></strong></span> 
     </span>
    </p>
   </div>
   <div class='ocr_carea' id='block_1_4' title="bbox 77 526 367 585">
    <p class='ocr_par' dir='ltr' id='par_1_4' title="bbox 77 526 367 585">
     <span class='ocr_line' id='line_1_7' title="bbox 77 526 367 585; baseline -0.008 -12"><span class='ocrx_word' id='word_1_41' title='bbox 77 529 162 585; x_wconf 86' lang='grc' dir='ltr'><strong><em>ε’φη</em></strong></span> <span class='ocrx_word' id='word_1_42' title='bbox 173 562 184 581; x_wconf 88' lang='grc'>,</span> <span class='ocrx_word' id='word_1_43' title='bbox 222 526 367 573; x_wconf 81' lang='grc' dir='ltr'><strong><em>καλά.</em></strong></span> 
     </span>
    </p>
   </div>
   <div class='ocr_carea' id='block_1_5' title="bbox 409 527 1472 586">
    <p class='ocr_par' dir='ltr' id='par_1_5' title="bbox 409 527 1472 586">
     <span class='ocr_line' id='line_1_8' title="bbox 409 527 1472 586; baseline -0.003 -14"><span class='ocrx_word' id='word_1_44' title='bbox 409 527 646 586; x_wconf 82' lang='grc' dir='ltr'><strong><em>Μέμνησαι</em></strong></span> <span class='ocrx_word' id='word_1_45' title='bbox 686 531 799 581; x_wconf 83' lang='grc' dir='ltr'><strong><em>οὐν,</em></strong></span> <span class='ocrx_word' id='word_1_46' title='bbox 846 530 902 585; x_wconf 80' lang='grc' dir='ltr'><strong><em>ἡν</em></strong></span> <span class='ocrx_word' id='word_1_47' title='bbox 943 527 988 573; x_wconf 82' lang='grc' dir='ltr'>δ’</span> <span class='ocrx_word' id='word_1_48' title='bbox 1028 527 1134 585; x_wconf 76' lang='grc' dir='ltr'>ἐγώ,</span> <span class='ocrx_word' id='word_1_49' title='bbox 1187 527 1254 572; x_wconf 83' lang='grc' dir='ltr'>ὅτι</span> <span class='ocrx_word' id='word_1_50' title='bbox 1291 528 1338 571; x_wconf 77' lang='grc' dir='ltr'><strong><em>ἐν</em></strong></span> <span class='ocrx_word' id='word_1_51' title='bbox 1377 531 1472 578; x_wconf 86' lang='grc' dir='ltr'><strong><em>τοῖς</em></strong></span> 
     </span>
    </p>
   </div>
   <div class='ocr_carea' id='block_1_6' title="bbox 75 594 1470 654">
    <p class='ocr_par' dir='ltr' id='par_1_6' title="bbox 75 594 1470 654">
     <span class='ocr_line' id='line_1_9' title="bbox 75 594 1470 654; baseline -0.003 -12"><span class='ocrx_word' id='word_1_52' title='bbox 75 595 276 652; x_wconf 80' lang='grc' dir='ltr'>πρόσθεν</span> <span class='ocrx_word' id='word_1_53' title='bbox 305 595 389 641; x_wconf 81' lang='grc' dir='ltr'>οὐκ</span> <span class='ocrx_word' id='word_1_54' title='bbox 420 595 522 641; x_wconf 84' lang='grc' dir='ltr'><strong><em>οἶδα</em></strong></span> <span class='ocrx_word' id='word_1_55' title='bbox 552 596 659 642; x_wconf 81' lang='grc' dir='ltr'><strong><em>ὅτου</em></strong></span> <span class='ocrx_word' id='word_1_56' title='bbox 689 595 819 653; x_wconf 82' lang='grc' dir='ltr'><em>λόγος</em></span> <span class='ocrx_word' id='word_1_57' title='bbox 847 594 953 653; x_wconf 79' lang='grc' dir='ltr'><strong><em>ἡμῖν</em></strong></span> <span class='ocrx_word' id='word_1_58' title='bbox 982 597 1236 654; x_wconf 80' lang='grc' dir='ltr'><strong><em>ἐπέπληξεν,</em></strong></span> <span class='ocrx_word' id='word_1_59' title='bbox 1269 596 1338 640; x_wconf 84' lang='grc' dir='ltr'>ὅτι</span> <span class='ocrx_word' id='word_1_60' title='bbox 1365 597 1470 647; x_wconf 81' lang='grc' dir='ltr'><strong><em>τοὺς</em></strong></span> 
     </span>
    </p>
   </div>
   <div class='ocr_carea' id='block_1_7' title="bbox 77 663 1560 722">
    <p class='ocr_par' dir='ltr' id='par_1_7' title="bbox 77 663 1560 722">
     <span class='ocr_line' id='line_1_10' title="bbox 77 663 1560 722; baseline -0.001 -13"><span class='ocrx_word' id='word_1_61' title='bbox 77 667 279 721; x_wconf 84' lang='grc' dir='ltr'><strong><em>φύλακας</em></strong></span> <span class='ocrx_word' id='word_1_62' title='bbox 307 664 392 710; x_wconf 77' lang='grc' dir='ltr'>οὐκ</span> <span class='ocrx_word' id='word_1_63' title='bbox 421 665 688 722; x_wconf 83' lang='grc' dir='ltr'><strong><em>εὐδαίμονας</em></strong></span> <span class='ocrx_word' id='word_1_64' title='bbox 709 668 946 722; x_wconf 84' lang='grc' dir='ltr'><strong><em>ποιοῦμεν,</em></strong></span> <span class='ocrx_word' id='word_1_65' title='bbox 978 663 1045 718; x_wconf 83' lang='grc' dir='ltr'><strong><em>οἷς</em></strong></span> <span class='ocrx_word' id='word_1_66' title='bbox 1068 666 1165 719; x_wconf 80' lang='grc' dir='ltr'><strong><em>ἐξόν</em></strong></span> <span class='ocrx_word' id='word_1_67' title='bbox 1185 665 1330 710; x_wconf 76' lang='grc' dir='ltr'><strong><em>πάντα</em></strong></span> <span class='ocrx_word' id='word_1_68' title='bbox 1354 666 1465 721; x_wconf 69' lang='grc' dir='ltr'><strong><em>ἔχειν</em></strong></span> <span class='ocrx_word' id='word_1_69' title='bbox 1490 669 1560 704; x_wconf 83' lang='grc'>466</span> 
     </span>
    </p>
   </div>
   <div class='ocr_carea' id='block_1_8' title="bbox 73 732 1469 791">
    <p class='ocr_par' dir='ltr' id='par_1_8' title="bbox 73 732 1469 791">
     <span class='ocr_line' id='line_1_11' title="bbox 73 732 1469 791; baseline -0.001 -13"><span class='ocrx_word' id='word_1_70' title='bbox 73 734 129 779; x_wconf 76' lang='grc' dir='ltr'>τὰ</span> <span class='ocrx_word' id='word_1_71' title='bbox 157 738 247 780; x_wconf 71' lang='grc' dir='ltr'>τῶν</span> <span class='ocrx_word' id='word_1_72' title='bbox 275 737 472 779; x_wconf 73' lang='grc' dir='ltr'><strong><em>πολιτῶν</em></strong></span> <span class='ocrx_word' id='word_1_73' title='bbox 510 732 644 780; x_wconf 79' lang='grc' dir='ltr'><strong><em>οὐδὲν</em></strong></span> <span class='ocrx_word' id='word_1_74' title='bbox 683 733 844 791; x_wconf 66' lang='grc' dir='ltr'><strong><em>ἔχοιενς</em></strong></span> <span class='ocrx_word' id='word_1_75' title='bbox 891 732 1014 791; x_wconf 77' lang='grc' dir='ltr'><strong><em>ἡμεῖς</em></strong></span> <span class='ocrx_word' id='word_1_76' title='bbox 1053 734 1101 779; x_wconf 83' lang='grc' dir='ltr'>δέ</span> <span class='ocrx_word' id='word_1_77' title='bbox 1144 749 1234 778; x_wconf 91' lang='grc' dir='ltr'>που</span> <span class='ocrx_word' id='word_1_78' title='bbox 1275 736 1469 791; x_wconf 79' lang='grc' dir='ltr'><strong><em>εἴπομεν,</em></strong></span> 
     </span>
    </p>
   </div>
   <div class='ocr_carea' id='block_1_9' title="bbox 28 880 743 1253">
    <p class='ocr_par' dir='ltr' id='par_1_9' title="bbox 75 880 740 976">
     <span class='ocr_line' id='line_1_12' title="bbox 75 880 740 931; baseline 0 -13"><span class='ocrx_word' id='word_1_79' title='bbox 75 883 150 918; x_wconf 86' lang='lat' dir='ltr'><strong>cod.</strong></span> <span class='ocrx_word' id='word_1_80' title='bbox 162 884 205 918; x_wconf 90' lang='lat' dir='ltr'>A.</span> <span class='ocrx_word' id='word_1_81' title='bbox 228 883 391 920; x_wconf 86' lang='lat' dir='ltr'>&#39;limaeus</span> <span class='ocrx_word' id='word_1_82' title='bbox 413 883 480 918; x_wconf 80' lang='lat' dir='ltr'><strong>lex.</strong></span> <span class='ocrx_word' id='word_1_83' title='bbox 505 895 541 931; x_wconf 87' lang='lat' dir='ltr'>p.</span> <span class='ocrx_word' id='word_1_84' title='bbox 556 885 621 921; x_wconf 86' lang='lat'>30·</span> <span class='ocrx_word' id='word_1_85' title='bbox 648 880 740 919; x_wconf 75' lang='grc' dir='ltr'><strong><em>οἰνα-</em></strong></span> 
     </span>
     <span class='ocr_line' id='line_1_13' title="bbox 75 928 610 985; baseline 0.002 -21"><span class='ocrx_word' id='word_1_86' title='bbox 75 931 212 985; x_wconf 83' lang='grc' dir='ltr'><strong><em>δῆσαι·</em></strong></span> <span class='ocrx_word' id='word_1_87' title='bbox 235 931 382 971; x_wconf 85' lang='grc' dir='ltr'><strong><em>ταινίας</em></strong></span> <span class='ocrx_word' id='word_1_88' title='bbox 406 928 610 976; x_wconf 77' lang='grc' dir='ltr'><strong><em>ἐπιβαλεῖν.</em></strong></span> 
     </span>
    </p>

    <p class='ocr_par' dir='ltr' id='par_1_10' title="bbox 28 973 743 1253">
     <span class='ocr_line' id='line_1_14' title="bbox 28 973 742 1022; baseline 0.001 -12"><span class='ocrx_word' id='word_1_89' title='bbox 28 979 64 1021; x_wconf 89' lang='grc' dir='ltr'>Ε</span> <span class='ocrx_word' id='word_1_90' title='bbox 121 973 273 1022; x_wconf 76' lang='grc' dir='ltr'><strong><em>αὐτῶν]</em></strong></span> <span class='ocrx_word' id='word_1_91' title='bbox 307 977 361 1012; x_wconf 83' lang='lat' dir='ltr'>Ita</span> <span class='ocrx_word' id='word_1_92' title='bbox 395 978 495 1011; x_wconf 86' lang='lat' dir='ltr'><strong>Vind.</strong></span> <span class='ocrx_word' id='word_1_93' title='bbox 520 978 561 1011; x_wconf 93' lang='lat' dir='ltr'>B.</span> <span class='ocrx_word' id='word_1_94' title='bbox 595 981 632 1011; x_wconf 89' lang='lat' dir='ltr'>et</span> <span class='ocrx_word' id='word_1_95' title='bbox 665 988 742 1011; x_wconf 88' lang='lat' dir='ltr'>cor-</span> 
     </span>
     <span class='ocr_line' id='line_1_15' title="bbox 74 1019 742 1068; baseline -0.003 -10"><span class='ocrx_word' id='word_1_96' title='bbox 74 1028 192 1058; x_wconf 86' lang='lat' dir='ltr'>rectus</span> <span class='ocrx_word' id='word_1_97' title='bbox 215 1023 249 1057; x_wconf 88' lang='lat' dir='ltr'>in</span> <span class='ocrx_word' id='word_1_98' title='bbox 276 1023 399 1068; x_wconf 85' lang='lat' dir='ltr'>spiritu</span> <span class='ocrx_word' id='word_1_99' title='bbox 423 1024 516 1058; x_wconf 89' lang='lat' dir='ltr'><strong>Mon.</strong></span> <span class='ocrx_word' id='word_1_100' title='bbox 538 1025 580 1058; x_wconf 96' lang='grc' dir='ltr'>Β.</span> <span class='ocrx_word' id='word_1_101' title='bbox 613 1019 742 1057; x_wconf 78' lang='grc' dir='ltr'><strong><em>αὐτῶν</em></strong></span> 
     </span>
     <span class='ocr_line' id='line_1_16' title="bbox 75 1069 742 1105; baseline 0.002 -2"><span class='ocrx_word' id='word_1_102' title='bbox 75 1070 162 1104; x_wconf 86' lang='lat' dir='ltr'><strong>Lob.</strong></span> <span class='ocrx_word' id='word_1_103' title='bbox 205 1069 306 1103; x_wconf 86' lang='lat' dir='ltr'>Vind.</span> <span class='ocrx_word' id='word_1_104' title='bbox 331 1070 438 1103; x_wconf 79' lang='lat' dir='ltr'><strong>DEF.</strong></span> <span class='ocrx_word' id='word_1_105' title='bbox 484 1071 583 1104; x_wconf 86' lang='lat' dir='ltr'>Stob.</span> <span class='ocrx_word' id='word_1_106' title='bbox 632 1071 742 1105; x_wconf 81' lang='lat' dir='ltr'><strong>Gesn.</strong></span> 
     </span>
     <span class='ocr_line' id='line_1_17' title="bbox 75 1113 742 1162; baseline 0.002 -13"><span class='ocrx_word' id='word_1_107' title='bbox 75 1116 153 1151; x_wconf 79' lang='lat' dir='ltr'><strong>Ald.</strong></span> <span class='ocrx_word' id='word_1_108' title='bbox 175 1116 256 1150; x_wconf 84' lang='lat' dir='ltr'><strong>Bas.</strong></span> <span class='ocrx_word' id='word_1_109' title='bbox 282 1116 338 1151; x_wconf 88' lang='lat' dir='ltr'>ab.</span> <span class='ocrx_word' id='word_1_110' title='bbox 361 1116 484 1162; x_wconf 86' lang='lat' dir='ltr'>Steph.</span> <span class='ocrx_word' id='word_1_111' title='bbox 501 1113 638 1160; x_wconf 76' lang='grc' dir='ltr'><strong><em>αὐτῆς</em></strong></span> <span class='ocrx_word' id='word_1_112' title='bbox 661 1117 742 1151; x_wconf 86' lang='lat' dir='ltr'><strong>Par.</strong></span> 
     </span>
     <span class='ocr_line' id='line_1_18' title="bbox 74 1161 743 1208; baseline 0.001 -12"><span class='ocrx_word' id='word_1_113' title='bbox 74 1162 120 1196; x_wconf 86' lang='lat' dir='ltr'>K.</span> <span class='ocrx_word' id='word_1_114' title='bbox 150 1161 219 1196; x_wconf 66' lang='lat' dir='ltr'>seb.</span> <span class='ocrx_word' id='word_1_115' title='bbox 249 1161 327 1207; x_wconf 88' lang='lat' dir='ltr'><strong>Bip.</strong></span> <span class='ocrx_word' id='word_1_116' title='bbox 359 1164 435 1196; x_wconf 85' lang='lat' dir='ltr'><strong>Ast.</strong></span> <span class='ocrx_word' id='word_1_117' title='bbox 459 1174 511 1208; x_wconf 91' lang='lat' dir='ltr'>pr.</span> <span class='ocrx_word' id='word_1_118' title='bbox 557 1163 637 1207; x_wconf 87' lang='lat' dir='ltr'>(ab)</span> <span class='ocrx_word' id='word_1_119' title='bbox 663 1164 743 1208; x_wconf 84' lang='lat' dir='ltr'>ipsa</span> 
     </span>
     <span class='ocr_line' id='line_1_19' title="bbox 74 1207 286 1253; baseline -0.02 0"><span class='ocrx_word' id='word_1_120' title='bbox 74 1208 166 1253; x_wconf 67' lang='grc' dir='ltr'>(νσΡ-</span> <span class='ocrx_word' id='word_1_121' title='bbox 170 1207 286 1251; x_wconf 58' lang='grc' dir='ltr'>»Εἰο</span> 
     </span>
    </p>
   </div>
   <div class='ocr_carea' id='block_1_10' title="bbox 70 1251 744 2417">
    <p class='ocr_par' dir='ltr' id='par_1_11' title="bbox 70 1251 744 2406">
     <span class='ocr_line' id='line_1_20' title="bbox 119 1251 738 1309; baseline -0.002 -21"><span class='ocrx_word' id='word_1_122' title='bbox 119 1252 286 1309; x_wconf 80' lang='grc' dir='ltr'><strong><em>πόλεως]</em></strong></span> <span class='ocrx_word' id='word_1_123' title='bbox 320 1251 467 1288; x_wconf 87' lang='grc' dir='ltr'><strong><em>πόλεων</em></strong></span> <span class='ocrx_word' id='word_1_124' title='bbox 501 1253 600 1287; x_wconf 90' lang='lat' dir='ltr'>Stob.</span> <span class='ocrx_word' id='word_1_125' title='bbox 630 1255 738 1288; x_wconf 87' lang='lat' dir='ltr'>Gesn.</span> 
     </span>
     <span class='ocr_line' id='line_1_21' title="bbox 120 1298 738 1345; baseline -0.002 -11"><span class='ocrx_word' id='word_1_126' title='bbox 120 1298 255 1342; x_wconf 77' lang='grc' dir='ltr'><strong><em>ζῶντές</em></strong></span> <span class='ocrx_word' id='word_1_127' title='bbox 278 1300 339 1345; x_wconf 84' lang='grc' dir='ltr'>τε]</span> <span class='ocrx_word' id='word_1_128' title='bbox 368 1300 426 1334; x_wconf 81' lang='lat' dir='ltr'>Ita</span> <span class='ocrx_word' id='word_1_129' title='bbox 448 1300 528 1334; x_wconf 86' lang='lat' dir='ltr'><strong>Par.</strong></span> <span class='ocrx_word' id='word_1_130' title='bbox 553 1300 629 1334; x_wconf 88' lang='lat' dir='ltr'>AD.</span> <span class='ocrx_word' id='word_1_131' title='bbox 653 1300 738 1333; x_wconf 93' lang='lat' dir='ltr'><strong>Lob.</strong></span> 
     </span>
     <span class='ocr_line' id='line_1_22' title="bbox 76 1346 739 1380; baseline 0 0"><span class='ocrx_word' id='word_1_132' title='bbox 76 1346 176 1380; x_wconf 86' lang='lat' dir='ltr'>Vind.</span> <span class='ocrx_word' id='word_1_133' title='bbox 199 1346 336 1380; x_wconf 84' lang='lat' dir='ltr'><strong>BDEF.</strong></span> <span class='ocrx_word' id='word_1_134' title='bbox 378 1346 473 1380; x_wconf 92' lang='lat' dir='ltr'><strong>Mon.</strong></span> <span class='ocrx_word' id='word_1_135' title='bbox 495 1347 536 1380; x_wconf 90' lang='grc' dir='ltr'>Β.</span> <span class='ocrx_word' id='word_1_136' title='bbox 583 1346 669 1380; x_wconf 90' lang='lat' dir='ltr'><strong>Ven.</strong></span> <span class='ocrx_word' id='word_1_137' title='bbox 695 1346 739 1380; x_wconf 87' lang='lat' dir='ltr'>C.</span> 
     </span>
     <span class='ocr_line' id='line_1_23' title="bbox 72 1392 737 1437; baseline 0 -11"><span class='ocrx_word' id='word_1_138' title='bbox 72 1395 158 1437; x_wconf 87' lang='lat' dir='ltr'><strong>Ang.</strong></span> <span class='ocrx_word' id='word_1_139' title='bbox 167 1393 207 1427; x_wconf 90' lang='lat' dir='ltr'>B.</span> <span class='ocrx_word' id='word_1_140' title='bbox 235 1393 314 1427; x_wconf 82' lang='lat' dir='ltr'><strong>vat.</strong></span> <span class='ocrx_word' id='word_1_141' title='bbox 322 1393 408 1426; x_wconf 86' lang='lat' dir='ltr'>HM.</span> <span class='ocrx_word' id='word_1_142' title='bbox 426 1392 521 1427; x_wconf 90' lang='lat' dir='ltr'><strong>Flor.</strong></span> <span class='ocrx_word' id='word_1_143' title='bbox 529 1392 737 1427; x_wconf 86' lang='lat' dir='ltr'><strong>ACRTUV.</strong></span> 
     </span>
     <span class='ocr_line' id='line_1_24' title="bbox 71 1438 741 1481; baseline -0.001 -8"><span class='ocrx_word' id='word_1_144' title='bbox 71 1440 265 1481; x_wconf 86' lang='lat' dir='ltr'>Bekkerus,</span> <span class='ocrx_word' id='word_1_145' title='bbox 287 1439 405 1473; x_wconf 88' lang='lat' dir='ltr'>Astius</span> <span class='ocrx_word' id='word_1_146' title='bbox 427 1438 463 1472; x_wconf 93' lang='lat' dir='ltr'>in</span> <span class='ocrx_word' id='word_1_147' title='bbox 483 1444 564 1473; x_wconf 82' lang='lat' dir='ltr'>tert.</span> <span class='ocrx_word' id='word_1_148' title='bbox 577 1445 613 1473; x_wconf 80' lang='lat' dir='ltr'>et</span> <span class='ocrx_word' id='word_1_149' title='bbox 632 1439 741 1473; x_wconf 85' lang='lat' dir='ltr'>Stall-</span> 
     </span>
     <span class='ocr_line' id='line_1_25' title="bbox 70 1485 741 1531; baseline -0.003 -11"><span class='ocrx_word' id='word_1_150' title='bbox 70 1486 224 1520; x_wconf 84' lang='lat' dir='ltr'>baumius</span> <span class='ocrx_word' id='word_1_151' title='bbox 248 1485 283 1519; x_wconf 89' lang='lat' dir='ltr'>in</span> <span class='ocrx_word' id='word_1_152' title='bbox 305 1497 358 1530; x_wconf 90' lang='lat' dir='ltr'>pr.</span> <span class='ocrx_word' id='word_1_153' title='bbox 379 1485 432 1519; x_wconf 91' lang='lat' dir='ltr'>ed.</span> <span class='ocrx_word' id='word_1_154' title='bbox 480 1485 619 1531; x_wconf 81' lang='lat' dir='ltr'>Reliqui</span> <span class='ocrx_word' id='word_1_155' title='bbox 647 1485 741 1519; x_wconf 89' lang='lat' dir='ltr'>codi-</span> 
     </span>
     <span class='ocr_line' id='line_1_26' title="bbox 71 1531 741 1577; baseline -0.001 -10"><span class='ocrx_word' id='word_1_156' title='bbox 71 1544 131 1567; x_wconf 83' lang='lat' dir='ltr'>ces</span> <span class='ocrx_word' id='word_1_157' title='bbox 154 1533 256 1577; x_wconf 84' lang='lat' dir='ltr'><strong>(Vat.</strong></span> <span class='ocrx_word' id='word_1_158' title='bbox 283 1532 322 1566; x_wconf 84' lang='lat' dir='ltr'>B.</span> <span class='ocrx_word' id='word_1_159' title='bbox 346 1532 434 1565; x_wconf 87' lang='lat' dir='ltr'><strong>Ven.</strong></span> <span class='ocrx_word' id='word_1_160' title='bbox 461 1532 501 1566; x_wconf 92' lang='grc' dir='ltr'>Β.</span> <span class='ocrx_word' id='word_1_161' title='bbox 527 1532 606 1565; x_wconf 87' lang='lat' dir='ltr'><strong>Par.</strong></span> <span class='ocrx_word' id='word_1_162' title='bbox 631 1531 675 1565; x_wconf 87' lang='lat' dir='ltr'>K.</span> <span class='ocrx_word' id='word_1_163' title='bbox 697 1532 741 1566; x_wconf 85' lang='lat' dir='ltr'>de</span> 
     </span>
     <span class='ocr_line' id='line_1_27' title="bbox 71 1578 741 1624; baseline -0.001 -12"><span class='ocrx_word' id='word_1_164' title='bbox 71 1578 194 1624; x_wconf 83' lang='lat' dir='ltr'>quibus</span> <span class='ocrx_word' id='word_1_165' title='bbox 219 1583 316 1612; x_wconf 86' lang='lat' dir='ltr'>certe</span> <span class='ocrx_word' id='word_1_166' title='bbox 339 1578 516 1622; x_wconf 88' lang='lat' dir='ltr'>Bipontini</span> <span class='ocrx_word' id='word_1_167' title='bbox 543 1583 580 1612; x_wconf 88' lang='lat' dir='ltr'>et</span> <span class='ocrx_word' id='word_1_168' title='bbox 603 1578 741 1611; x_wconf 85' lang='lat' dir='ltr'>Bekke-</span> 
     </span>
     <span class='ocr_line' id='line_1_28' title="bbox 71 1624 740 1670; baseline 0 -12"><span class='ocrx_word' id='word_1_169' title='bbox 71 1635 132 1659; x_wconf 90' lang='lat' dir='ltr'>rus</span> <span class='ocrx_word' id='word_1_170' title='bbox 154 1625 292 1668; x_wconf 86' lang='lat' dir='ltr'>tacent)</span> <span class='ocrx_word' id='word_1_171' title='bbox 317 1624 471 1670; x_wconf 82' lang='lat' dir='ltr'>editique</span> <span class='ocrx_word' id='word_1_172' title='bbox 494 1635 533 1658; x_wconf 92' lang='grc' dir='ltr'>τε</span> <span class='ocrx_word' id='word_1_173' title='bbox 558 1636 632 1658; x_wconf 89' lang='lat' dir='ltr'>cum</span> <span class='ocrx_word' id='word_1_174' title='bbox 657 1625 740 1658; x_wconf 84' lang='lat' dir='ltr'>Sto-</span> 
     </span>
     <span class='ocr_line' id='line_1_29' title="bbox 71 1670 741 1716; baseline 0 -12"><span class='ocrx_word' id='word_1_175' title='bbox 71 1671 159 1705; x_wconf 85' lang='lat' dir='ltr'>baeo</span> <span class='ocrx_word' id='word_1_176' title='bbox 197 1671 384 1713; x_wconf 87' lang='lat' dir='ltr'>omittunt,</span> <span class='ocrx_word' id='word_1_177' title='bbox 424 1676 529 1716; x_wconf 82' lang='lat' dir='ltr'>atque</span> <span class='ocrx_word' id='word_1_178' title='bbox 564 1670 741 1705; x_wconf 89' lang='lat' dir='ltr'>Stallbau-</span> 
     </span>
     <span class='ocr_line' id='line_1_30' title="bbox 71 1716 739 1759; baseline -0.002 -8"><span class='ocrx_word' id='word_1_179' title='bbox 71 1717 174 1751; x_wconf 88' lang='lat' dir='ltr'>mium</span> <span class='ocrx_word' id='word_1_180' title='bbox 195 1716 231 1751; x_wconf 91' lang='lat' dir='ltr'>in</span> <span class='ocrx_word' id='word_1_181' title='bbox 265 1728 333 1751; x_wconf 90' lang='lat' dir='ltr'>sec.</span> <span class='ocrx_word' id='word_1_182' title='bbox 358 1716 412 1751; x_wconf 87' lang='lat' dir='ltr'><strong>ed.</strong></span> <span class='ocrx_word' id='word_1_183' title='bbox 448 1717 552 1750; x_wconf 90' lang='lat' dir='ltr'>timor</span> <span class='ocrx_word' id='word_1_184' title='bbox 584 1716 739 1759; x_wconf 84' lang='lat' dir='ltr'><strong>incessit,</strong></span> 
     </span>
     <span class='ocr_line' id='line_1_31' title="bbox 71 1742 740 1808; baseline -0.001 -11"><span class='ocrx_word' id='word_1_185' title='bbox 71 1775 115 1797; x_wconf 89' lang='lat' dir='ltr'>ne</span> <span class='ocrx_word' id='word_1_186' title='bbox 137 1763 434 1808; x_wconf 64' lang='lat' dir='ltr'>vivissepultura</span> <span class='ocrx_word' id='word_1_187' title='bbox 466 1767 619 1808; x_wconf 86' lang='lat' dir='ltr'>paretur.</span> <span class='ocrx_word' id='word_1_188' title='bbox 668 1742 740 1796; x_wconf 88' lang='lat' dir='ltr'>Sed</span> 
     </span>
     <span class='ocr_line' id='line_1_32' title="bbox 74 1808 739 1855; baseline -0.002 -12"><span class='ocrx_word' id='word_1_189' title='bbox 74 1809 218 1844; x_wconf 82' lang='lat' dir='ltr'>alterum</span> <span class='ocrx_word' id='word_1_190' title='bbox 241 1809 462 1855; x_wconf 82' lang='lat' dir='ltr'><strong>participium</strong></span> <span class='ocrx_word' id='word_1_191' title='bbox 488 1820 563 1843; x_wconf 86' lang='lat' dir='ltr'>cum</span> <span class='ocrx_word' id='word_1_192' title='bbox 590 1819 650 1842; x_wconf 93' lang='lat' dir='ltr'>suo</span> <span class='ocrx_word' id='word_1_193' title='bbox 676 1808 739 1842; x_wconf 87' lang='lat' dir='ltr'>ad-</span> 
     </span>
     <span class='ocr_line' id='line_1_33' title="bbox 72 1855 739 1900; baseline -0.001 -11"><span class='ocrx_word' id='word_1_194' title='bbox 72 1855 258 1890; x_wconf 86' lang='lat' dir='ltr'>ditamento</span> <span class='ocrx_word' id='word_1_195' title='bbox 281 1855 372 1889; x_wconf 84' lang='lat' dir='ltr'>haud</span> <span class='ocrx_word' id='word_1_196' title='bbox 388 1867 498 1898; x_wconf 90' lang='lat' dir='ltr'>secus,</span> <span class='ocrx_word' id='word_1_197' title='bbox 523 1866 624 1900; x_wconf 88' lang='lat' dir='ltr'>quam</span> <span class='ocrx_word' id='word_1_198' title='bbox 645 1855 739 1900; x_wconf 86' lang='lat' dir='ltr'>prius</span> 
     </span>
     <span class='ocr_line' id='line_1_34' title="bbox 74 1899 740 1946; baseline -0.002 -11"><span class='ocrx_word' id='word_1_199' title='bbox 74 1902 119 1935; x_wconf 87' lang='lat' dir='ltr'>ad</span> <span class='ocrx_word' id='word_1_200' title='bbox 162 1899 254 1946; x_wconf 78' lang='grc' dir='ltr'><strong><em>γέρα</em></strong></span> <span class='ocrx_word' id='word_1_201' title='bbox 299 1900 472 1946; x_wconf 81' lang='grc' dir='ltr'><strong><em>δέχονται</em></strong></span> <span class='ocrx_word' id='word_1_202' title='bbox 523 1901 740 1935; x_wconf 75' lang='lat' dir='ltr'>referendum</span> 
     </span>
     <span class='ocr_line' id='line_1_35' title="bbox 72 1947 742 1993; baseline -0.003 -11"><span class='ocrx_word' id='word_1_203' title='bbox 72 1947 182 1993; x_wconf 86' lang='lat' dir='ltr'>iisque</span> <span class='ocrx_word' id='word_1_204' title='bbox 215 1948 328 1982; x_wconf 87' lang='lat' dir='ltr'>verbis</span> <span class='ocrx_word' id='word_1_205' title='bbox 358 1959 518 1982; x_wconf 88' lang='lat' dir='ltr'>summam</span> <span class='ocrx_word' id='word_1_206' title='bbox 551 1947 742 1981; x_wconf 87' lang='lat' dir='ltr'>sententiae</span> 
     </span>
     <span class='ocr_line' id='line_1_36' title="bbox 74 1993 741 2039; baseline -0.003 -11"><span class='ocrx_word' id='word_1_207' title='bbox 74 1994 351 2039; x_wconf 81' lang='lat' dir='ltr'><strong>comprehensam</strong></span> <span class='ocrx_word' id='word_1_208' title='bbox 376 2005 453 2028; x_wconf 85' lang='lat' dir='ltr'>esse</span> <span class='ocrx_word' id='word_1_209' title='bbox 474 1993 531 2027; x_wconf 86' lang='lat' dir='ltr'>vel</span> <span class='ocrx_word' id='word_1_210' title='bbox 554 1993 741 2028; x_wconf 82' lang='lat' dir='ltr'>Glauconis</span> 
     </span>
     <span class='ocr_line' id='line_1_37' title="bbox 73 2040 740 2085; baseline -0.001 -11"><span class='ocrx_word' id='word_1_211' title='bbox 73 2051 274 2085; x_wconf 90' lang='lat' dir='ltr'>responsum</span> <span class='ocrx_word' id='word_1_212' title='bbox 297 2041 408 2074; x_wconf 85' lang='lat' dir='ltr'>docet.</span> <span class='ocrx_word' id='word_1_213' title='bbox 455 2040 580 2085; x_wconf 80' lang='lat' dir='ltr'>Itaque</span> <span class='ocrx_word' id='word_1_214' title='bbox 611 2041 740 2074; x_wconf 88' lang='lat' dir='ltr'>Socra-</span> 
     </span>
     <span class='ocr_line' id='line_1_38' title="bbox 73 2087 743 2131; baseline -0.001 -11"><span class='ocrx_word' id='word_1_215' title='bbox 73 2091 129 2120; x_wconf 81' lang='lat' dir='ltr'>tes</span> <span class='ocrx_word' id='word_1_216' title='bbox 153 2092 190 2121; x_wconf 86' lang='lat' dir='ltr'>et</span> <span class='ocrx_word' id='word_1_217' title='bbox 211 2087 306 2121; x_wconf 85' lang='lat' dir='ltr'>vivos</span> <span class='ocrx_word' id='word_1_218' title='bbox 324 2087 399 2121; x_wconf 89' lang='lat' dir='ltr'>illos</span> <span class='ocrx_word' id='word_1_219' title='bbox 418 2090 455 2120; x_wconf 80' lang='lat' dir='ltr'>et</span> <span class='ocrx_word' id='word_1_220' title='bbox 470 2092 620 2120; x_wconf 86' lang='lat' dir='ltr'>mortuos</span> <span class='ocrx_word' id='word_1_221' title='bbox 639 2098 743 2131; x_wconf 88' lang='lat' dir='ltr'>prae-</span> 
     </span>
     <span class='ocr_line' id='line_1_39' title="bbox 75 2132 742 2167; baseline 0.001 -2"><span class='ocrx_word' id='word_1_222' title='bbox 75 2132 150 2166; x_wconf 88' lang='lat' dir='ltr'>miis</span> <span class='ocrx_word' id='word_1_223' title='bbox 174 2145 195 2167; x_wconf 82' lang='lat' dir='ltr'>a</span> <span class='ocrx_word' id='word_1_224' title='bbox 218 2133 349 2167; x_wconf 84' lang='lat' dir='ltr'>civibus</span> <span class='ocrx_word' id='word_1_225' title='bbox 381 2132 451 2166; x_wconf 89' lang='lat' dir='ltr'>suis</span> <span class='ocrx_word' id='word_1_226' title='bbox 484 2132 578 2166; x_wconf 82' lang='lat' dir='ltr'>affici</span> <span class='ocrx_word' id='word_1_227' title='bbox 602 2133 742 2166; x_wconf 90' lang='lat' dir='ltr'>demon-</span> 
     </span>
     <span class='ocr_line' id='line_1_40' title="bbox 75 2179 743 2224; baseline 0.004 -13"><span class='ocrx_word' id='word_1_228' title='bbox 75 2183 247 2212; x_wconf 79' lang='lat' dir='ltr'>straturus</span> <span class='ocrx_word' id='word_1_229' title='bbox 277 2180 505 2223; x_wconf 83' lang='lat' dir='ltr'>afficiuntur,</span> <span class='ocrx_word' id='word_1_230' title='bbox 537 2179 672 2224; x_wconf 87' lang='lat' dir='ltr'>inquit,</span> <span class='ocrx_word' id='word_1_231' title='bbox 708 2184 743 2214; x_wconf 80' lang='lat' dir='ltr'>et</span> 
     </span>
     <span class='ocr_line' id='line_1_41' title="bbox 76 2225 744 2272; baseline 0.003 -14"><span class='ocrx_word' id='word_1_232' title='bbox 76 2225 149 2258; x_wconf 80' lang='lat' dir='ltr'>vivi</span> <span class='ocrx_word' id='word_1_233' title='bbox 170 2227 334 2269; x_wconf 77' lang='lat' dir='ltr'>praemiis</span> <span class='ocrx_word' id='word_1_234' title='bbox 352 2231 386 2259; x_wconf 75' lang='lat' dir='ltr'>et</span> <span class='ocrx_word' id='word_1_235' title='bbox 401 2226 529 2259; x_wconf 82' lang='lat' dir='ltr'>mortui</span> <span class='ocrx_word' id='word_1_236' title='bbox 547 2227 744 2272; x_wconf 79' lang='lat' dir='ltr'><em>condignae</em></span> 
     </span>
     <span class='ocr_line' id='line_1_42' title="bbox 76 2272 602 2326; baseline 0 -21"><span class='ocrx_word' id='word_1_237' title='bbox 76 2272 274 2315; x_wconf 77' lang='lat' dir='ltr'>sepulturae</span> <span class='ocrx_word' id='word_1_238' title='bbox 289 2272 481 2326; x_wconf 79' lang='lat' dir='ltr'>participes</span> <span class='ocrx_word' id='word_1_239' title='bbox 495 2272 602 2314; x_wconf 79' lang='lat' dir='ltr'>finnt.</span> 
     </span>
     <span class='ocr_line' id='line_1_43' title="bbox 122 2313 674 2372; baseline 0 -22"><span class='ocrx_word' id='word_1_240' title='bbox 122 2317 266 2372; x_wconf 82' lang='grc' dir='ltr'><strong><em>ταφῆς]</em></strong></span> <span class='ocrx_word' id='word_1_241' title='bbox 290 2317 414 2372; x_wconf 82' lang='grc' dir='ltr'><strong><em>ταφῆς</em></strong></span> <span class='ocrx_word' id='word_1_242' title='bbox 438 2313 481 2350; x_wconf 83' lang='grc' dir='ltr'>δ’</span> <span class='ocrx_word' id='word_1_243' title='bbox 508 2317 608 2350; x_wconf 84' lang='lat' dir='ltr'><strong>Vind.</strong></span> <span class='ocrx_word' id='word_1_244' title='bbox 632 2317 674 2351; x_wconf 92' lang='lat' dir='ltr'>D.</span> 
     </span>
     <span class='ocr_line' id='line_1_44' title="bbox 123 2359 743 2417; baseline 0.002 -21"><span class='ocrx_word' id='word_1_245' title='bbox 123 2359 252 2406; x_wconf 72' lang='grc' dir='ltr'><strong><em>ἀξίας]</em></strong></span> <span class='ocrx_word' id='word_1_246' title='bbox 280 2359 367 2417; x_wconf 56' lang='lat' dir='ltr'>&amp;gia</span> <span class='ocrx_word' id='word_1_247' title='bbox 392 2374 467 2396; x_wconf 88' lang='lat' dir='ltr'>cum</span> <span class='ocrx_word' id='word_1_248' title='bbox 488 2362 625 2396; x_wconf 86' lang='lat' dir='ltr'>litura‘</span> <span class='ocrx_word' id='word_1_249' title='bbox 615 2374 651 2396; x_wconf 77' lang='lat' dir='ltr'>ln</span> <span class='ocrx_word' id='word_1_250' title='bbox 673 2363 743 2397; x_wconf 88' lang='lat' dir='ltr'>fine</span> 
     </span>
    </p>
   </div>
   <div class='ocr_carea' id='block_1_11' title="bbox 19 2404 746 2832">
    <p class='ocr_par' dir='ltr' id='par_1_12' title="bbox 19 2404 746 2824">
     <span class='ocr_line' id='line_1_45' title="bbox 77 2404 744 2450; baseline 0 -7"><span class='ocrx_word' id='word_1_251' title='bbox 77 2409 177 2443; x_wconf 87' lang='lat' dir='ltr'>Vind.</span> <span class='ocrx_word' id='word_1_252' title='bbox 201 2409 243 2443; x_wconf 84' lang='lat' dir='ltr'>F</span> <span class='ocrx_word' id='word_1_253' title='bbox 281 2404 370 2450; x_wconf 74' lang='grc' dir='ltr'><strong><em>ἄξια</em></strong></span> <span class='ocrx_word' id='word_1_254' title='bbox 394 2408 478 2442; x_wconf 91' lang='lat' dir='ltr'><strong>Lob.</strong></span> <span class='ocrx_word' id='word_1_255' title='bbox 516 2408 614 2442; x_wconf 89' lang='lat' dir='ltr'><strong>Vind.</strong></span> <span class='ocrx_word' id='word_1_256' title='bbox 639 2409 680 2443; x_wconf 92' lang='lat' dir='ltr'>B.</span> <span class='ocrx_word' id='word_1_257' title='bbox 706 2414 744 2443; x_wconf 80' lang='lat' dir='ltr'>et</span> 
     </span>
     <span class='ocr_line' id='line_1_46' title="bbox 74 2454 742 2500; baseline -0.002 -10"><span class='ocrx_word' id='word_1_258' title='bbox 74 2467 193 2500; x_wconf 80' lang='lat' dir='ltr'>margo</span> <span class='ocrx_word' id='word_1_259' title='bbox 217 2455 259 2489; x_wconf 94' lang='lat' dir='ltr'>D.</span> <span class='ocrx_word' id='word_1_260' title='bbox 287 2456 365 2488; x_wconf 92' lang='lat' dir='ltr'><strong>Vat.</strong></span> <span class='ocrx_word' id='word_1_261' title='bbox 391 2455 469 2489; x_wconf 89' lang='grc' dir='ltr'><strong>ΒΜ.</strong></span> <span class='ocrx_word' id='word_1_262' title='bbox 496 2454 579 2488; x_wconf 87' lang='lat' dir='ltr'><strong>Ven.</strong></span> <span class='ocrx_word' id='word_1_263' title='bbox 595 2454 636 2488; x_wconf 86' lang='lat' dir='ltr'>C.</span> <span class='ocrx_word' id='word_1_264' title='bbox 661 2456 742 2490; x_wconf 86' lang='lat' dir='ltr'><strong>Par.</strong></span> 
     </span>
     <span class='ocr_line' id='line_1_47' title="bbox 75 2498 694 2544; baseline -0.005 -7"><span class='ocrx_word' id='word_1_265' title='bbox 75 2502 153 2537; x_wconf 80' lang='grc' dir='ltr'>ΒΚ.</span> <span class='ocrx_word' id='word_1_266' title='bbox 179 2513 248 2536; x_wconf 86' lang='lat' dir='ltr'>sec.</span> <span class='ocrx_word' id='word_1_267' title='bbox 274 2501 383 2535; x_wconf 92' lang='lat' dir='ltr'><strong>Bekk.</strong></span> <span class='ocrx_word' id='word_1_268' title='bbox 409 2498 521 2542; x_wconf 70' lang='grc' dir='ltr'><strong><em>ἀξίως</em></strong></span> <span class='ocrx_word' id='word_1_269' title='bbox 544 2502 632 2544; x_wconf 78' lang='lat' dir='ltr'><strong>Ang.</strong></span> <span class='ocrx_word' id='word_1_270' title='bbox 653 2501 694 2534; x_wconf 90' lang='lat' dir='ltr'>B.</span> 
     </span>
     <span class='ocr_line' id='line_1_48' title="bbox 120 2545 744 2593; baseline 0 -11"><span class='ocrx_word' id='word_1_271' title='bbox 120 2546 340 2593; x_wconf 83' lang='grc' dir='ltr'><strong><em>μετέχουσι.]</em></strong></span> <span class='ocrx_word' id='word_1_272' title='bbox 365 2545 587 2592; x_wconf 82' lang='grc' dir='ltr'><strong><em>μετέχουσιν.</em></strong></span> <span class='ocrx_word' id='word_1_273' title='bbox 606 2548 744 2582; x_wconf 89' lang='lat' dir='ltr'>Bekke-</span> 
     </span>
     <span class='ocr_line' id='line_1_49' title="bbox 74 2605 145 2629; baseline 0 0"><span class='ocrx_word' id='word_1_274' title='bbox 74 2605 145 2629; x_wconf 78' lang='lat' dir='ltr'><strong>tus.</strong></span> 
     </span>
     <span class='ocr_line' id='line_1_50' title="bbox 121 2636 746 2699; baseline 0 -25"><span class='ocrx_word' id='word_1_275' title='bbox 121 2637 240 2684; x_wconf 82' lang='grc' dir='ltr'><strong><em>καλα]</em></strong></span> <span class='ocrx_word' id='word_1_276' title='bbox 276 2636 397 2674; x_wconf 89' lang='grc' dir='ltr'><strong><em>πολλα</em></strong></span> <span class='ocrx_word' id='word_1_277' title='bbox 421 2638 520 2685; x_wconf 84' lang='lat' dir='ltr'>Vind.</span> <span class='ocrx_word' id='word_1_278' title='bbox 546 2639 589 2673; x_wconf 82' lang='lat' dir='ltr'>F.</span> <span class='ocrx_word' id='word_1_279' title='bbox 622 2640 746 2699; x_wconf 75' lang='grc' dir='ltr'><strong><em>καλῶς</em></strong></span> 
     </span>
     <span class='ocr_line' id='line_1_51' title="bbox 76 2685 341 2721; baseline -0.008 0"><span class='ocrx_word' id='word_1_280' title='bbox 76 2687 174 2721; x_wconf 86' lang='lat' dir='ltr'>Stob.</span> <span class='ocrx_word' id='word_1_281' title='bbox 201 2685 275 2720; x_wconf 88' lang='lat' dir='ltr'><strong>cod.</strong></span> <span class='ocrx_word' id='word_1_282' title='bbox 300 2687 341 2720; x_wconf 90' lang='lat' dir='ltr'><strong>A.</strong></span> 
     </span>
     <span class='ocr_line' id='line_1_52' title="bbox 19 2730 741 2776; baseline 0 -9"><span class='ocrx_word' id='word_1_283' title='bbox 19 2747 29 2753; x_wconf 72' lang='lat'>.</span> <span class='ocrx_word' id='word_1_284' title='bbox 120 2730 314 2776; x_wconf 77' lang='grc' dir='ltr'><strong><em>πρόσθεν]</em></strong></span> <span class='ocrx_word' id='word_1_285' title='bbox 341 2731 552 2776; x_wconf 77' lang='grc' dir='ltr'><strong><em>ἔμπροσθεν</em></strong></span> <span class='ocrx_word' id='word_1_286' title='bbox 577 2730 676 2766; x_wconf 88' lang='lat' dir='ltr'>Vind.</span> <span class='ocrx_word' id='word_1_287' title='bbox 698 2732 741 2767; x_wconf 84' lang='lat' dir='ltr'>E.</span> 
     </span>
     <span class='ocr_line' id='line_1_53' title="bbox 76 2778 555 2832; baseline -0.004 -18"><span class='ocrx_word' id='word_1_288' title='bbox 76 2778 235 2832; x_wconf 80' lang='lat' dir='ltr'>Respicit</span> <span class='ocrx_word' id='word_1_289' title='bbox 253 2778 386 2812; x_wconf 84' lang='lat' dir='ltr'>initium</span> <span class='ocrx_word' id='word_1_290' title='bbox 410 2779 450 2813; x_wconf 90' lang='lat' dir='ltr'>L.</span> <span class='ocrx_word' id='word_1_291' title='bbox 470 2778 555 2812; x_wconf 94' lang='lat' dir='ltr'><strong>IIII.</strong></span> 
     </span>
    </p>
   </div>
   <div class='ocr_carea' id='block_1_12' title="bbox 7 2823 737 2869">
    <p class='ocr_par' dir='ltr' id='par_1_13' title="bbox 7 2823 737 2869">
     <span class='ocr_line' id='line_1_54' title="bbox 7 2823 737 2869; baseline 0.001 -10"><span class='ocrx_word' id='word_1_292' title='bbox 7 2824 76 2859; x_wconf 83' lang='lat'>466</span> <span class='ocrx_word' id='word_1_293' title='bbox 121 2824 329 2869; x_wconf 81' lang='grc' dir='ltr'><strong><em>ποιοῦμεν]</em></strong></span> <span class='ocrx_word' id='word_1_294' title='bbox 373 2825 426 2859; x_wconf 82' lang='lat' dir='ltr'>Ita</span> <span class='ocrx_word' id='word_1_295' title='bbox 458 2824 539 2859; x_wconf 78' lang='lat' dir='ltr'><strong>Par.</strong></span> <span class='ocrx_word' id='word_1_296' title='bbox 563 2824 603 2859; x_wconf 89' lang='lat' dir='ltr'>A.</span> <span class='ocrx_word' id='word_1_297' title='bbox 641 2823 737 2860; x_wconf 89' lang='lat' dir='ltr'>Vind.</span> 
     </span>
    </p>
   </div>
   <div class='ocr_carea' id='block_1_13' title="bbox 795 883 1472 2871">
    <p class='ocr_par' dir='ltr' id='par_1_14' title="bbox 795 883 1470 1576">
     <span class='ocr_line' id='line_1_55' title="bbox 798 883 1470 929; baseline -0.004 -10"><span class='ocrx_word' id='word_1_298' title='bbox 798 884 842 919; x_wconf 91' lang='lat' dir='ltr'>D.</span> <span class='ocrx_word' id='word_1_299' title='bbox 867 883 961 929; x_wconf 85' lang='lat' dir='ltr'><strong>(sup.</strong></span> <span class='ocrx_word' id='word_1_300' title='bbox 987 884 1052 929; x_wconf 87' lang='grc' dir='ltr'>οἳ)</span> <span class='ocrx_word' id='word_1_301' title='bbox 1088 884 1132 920; x_wconf 90' lang='grc' dir='ltr'><strong>Ε.</strong></span> <span class='ocrx_word' id='word_1_302' title='bbox 1170 884 1251 919; x_wconf 76' lang='lat' dir='ltr'><strong>vat.</strong></span> <span class='ocrx_word' id='word_1_303' title='bbox 1283 883 1331 918; x_wconf 89' lang='grc' dir='ltr'><strong>Η.</strong></span> <span class='ocrx_word' id='word_1_304' title='bbox 1374 883 1470 917; x_wconf 88' lang='lat' dir='ltr'><strong>Flor.</strong></span> 
     </span>
     <span class='ocr_line' id='line_1_56' title="bbox 797 930 1468 975; baseline 0 -11"><span class='ocrx_word' id='word_1_305' title='bbox 797 931 938 965; x_wconf 92' lang='lat' dir='ltr'><strong>ACTV.</strong></span> <span class='ocrx_word' id='word_1_306' title='bbox 982 933 1155 974; x_wconf 87' lang='grc' dir='ltr'><strong><em>ποιοῖμεν</em></strong></span> <span class='ocrx_word' id='word_1_307' title='bbox 1185 931 1308 975; x_wconf 85' lang='lat' dir='ltr'>reliqui</span> <span class='ocrx_word' id='word_1_308' title='bbox 1332 930 1468 964; x_wconf 89' lang='lat' dir='ltr'>codices</span> 
     </span>
     <span class='ocr_line' id='line_1_57' title="bbox 798 976 1468 1021; baseline -0.003 -10"><span class='ocrx_word' id='word_1_309' title='bbox 798 981 835 1011; x_wconf 88' lang='lat' dir='ltr'>et</span> <span class='ocrx_word' id='word_1_310' title='bbox 860 976 1023 1011; x_wconf 84' lang='lat' dir='ltr'>editiones</span> <span class='ocrx_word' id='word_1_311' title='bbox 1057 989 1192 1019; x_wconf 85' lang='lat' dir='ltr'>omnes3</span> <span class='ocrx_word' id='word_1_312' title='bbox 1239 976 1330 1021; x_wconf 91' lang='lat' dir='ltr'>quod</span> <span class='ocrx_word' id='word_1_313' title='bbox 1365 988 1468 1021; x_wconf 87' lang='lat' dir='ltr'>quum</span> 
     </span>
     <span class='ocr_line' id='line_1_58' title="bbox 798 1023 1468 1079; baseline 0 -23"><span class='ocrx_word' id='word_1_314' title='bbox 798 1034 863 1069; x_wconf 84' lang='lat' dir='ltr'>per</span> <span class='ocrx_word' id='word_1_315' title='bbox 886 1035 924 1057; x_wconf 90' lang='lat' dir='ltr'>se</span> <span class='ocrx_word' id='word_1_316' title='bbox 946 1023 1056 1079; x_wconf 83' lang='lat' dir='ltr'>magis</span> <span class='ocrx_word' id='word_1_317' title='bbox 1080 1024 1284 1068; x_wconf 86' lang='lat' dir='ltr'>legitimum,</span> <span class='ocrx_word' id='word_1_318' title='bbox 1316 1026 1386 1056; x_wconf 90' lang='lat' dir='ltr'>tum</span> <span class='ocrx_word' id='word_1_319' title='bbox 1411 1034 1468 1056; x_wconf 89' lang='lat' dir='ltr'>se—</span> 
     </span>
     <span class='ocr_line' id='line_1_59' title="bbox 798 1067 1467 1115; baseline -0.001 -12"><span class='ocrx_word' id='word_1_320' title='bbox 798 1069 918 1115; x_wconf 84' lang='lat' dir='ltr'>quenti</span> <span class='ocrx_word' id='word_1_321' title='bbox 943 1067 1060 1113; x_wconf 86' lang='grc' dir='ltr'><strong><em>ε’χοιεν</em></strong></span> <span class='ocrx_word' id='word_1_322' title='bbox 1093 1069 1202 1113; x_wconf 84' lang='lat' dir='ltr'>magis</span> <span class='ocrx_word' id='word_1_323' title='bbox 1232 1069 1467 1102; x_wconf 86' lang='lat' dir='ltr'>accommoda-</span> 
     </span>
     <span class='ocr_line' id='line_1_60' title="bbox 798 1115 1468 1150; baseline 0 -1"><span class='ocrx_word' id='word_1_324' title='bbox 798 1120 869 1149; x_wconf 86' lang='lat' dir='ltr'>tum</span> <span class='ocrx_word' id='word_1_325' title='bbox 905 1120 967 1150; x_wconf 84' lang='lat' dir='ltr'>est.</span> <span class='ocrx_word' id='word_1_326' title='bbox 1025 1115 1096 1149; x_wconf 84' lang='lat' dir='ltr'>Sed</span> <span class='ocrx_word' id='word_1_327' title='bbox 1128 1115 1347 1149; x_wconf 83' lang='lat' dir='ltr'>indicativum</span> <span class='ocrx_word' id='word_1_328' title='bbox 1383 1115 1468 1149; x_wconf 86' lang='lat' dir='ltr'>satis</span> 
     </span>
     <span class='ocr_line' id='line_1_61' title="bbox 798 1161 1468 1207; baseline -0.001 -12"><span class='ocrx_word' id='word_1_329' title='bbox 798 1166 934 1195; x_wconf 83' lang='lat' dir='ltr'>constat</span> <span class='ocrx_word' id='word_1_330' title='bbox 966 1162 999 1195; x_wconf 90' lang='lat' dir='ltr'>in</span> <span class='ocrx_word' id='word_1_331' title='bbox 1031 1163 1096 1196; x_wconf 90' lang='lat' dir='ltr'>hoc</span> <span class='ocrx_word' id='word_1_332' title='bbox 1139 1161 1297 1207; x_wconf 88' lang='lat' dir='ltr'>loquendi</span> <span class='ocrx_word' id='word_1_333' title='bbox 1339 1173 1468 1205; x_wconf 80' lang='lat' dir='ltr'>genere</span> 
     </span>
     <span class='ocr_line' id='line_1_62' title="bbox 797 1207 1469 1253; baseline -0.001 -11"><span class='ocrx_word' id='word_1_334' title='bbox 797 1208 1010 1253; x_wconf 85' lang='lat' dir='ltr'>frequentari</span> <span class='ocrx_word' id='word_1_335' title='bbox 1032 1208 1100 1250; x_wconf 87' lang='lat' dir='ltr'>ita,</span> <span class='ocrx_word' id='word_1_336' title='bbox 1136 1207 1386 1252; x_wconf 66' lang='lat' dir='ltr'>utoptativum</span> <span class='ocrx_word' id='word_1_337' title='bbox 1411 1209 1469 1241; x_wconf 87' lang='lat' dir='ltr'>vel</span> 
     </span>
     <span class='ocr_line' id='line_1_63' title="bbox 797 1254 1468 1299; baseline -0.001 -12"><span class='ocrx_word' id='word_1_338' title='bbox 797 1255 1060 1299; x_wconf 83' lang='lat' dir='ltr'>subsequentem</span> <span class='ocrx_word' id='word_1_339' title='bbox 1093 1254 1218 1288; x_wconf 84' lang='lat' dir='ltr'>habeat</span> <span class='ocrx_word' id='word_1_340' title='bbox 1249 1254 1303 1287; x_wconf 91' lang='lat' dir='ltr'>vel</span> <span class='ocrx_word' id='word_1_341' title='bbox 1327 1259 1468 1287; x_wconf 81' lang='lat' dir='ltr'>antece-</span> 
     </span>
     <span class='ocr_line' id='line_1_64' title="bbox 796 1300 1467 1346; baseline -0.001 -12"><span class='ocrx_word' id='word_1_342' title='bbox 796 1300 951 1341; x_wconf 80' lang='lat' dir='ltr'>dentem,</span> <span class='ocrx_word' id='word_1_343' title='bbox 985 1313 1052 1346; x_wconf 90' lang='lat' dir='ltr'>quo</span> <span class='ocrx_word' id='word_1_344' title='bbox 1077 1300 1175 1346; x_wconf 88' lang='lat' dir='ltr'>quasi</span> <span class='ocrx_word' id='word_1_345' title='bbox 1198 1304 1467 1344; x_wconf 87' lang='lat' dir='ltr'>temperamento</span> 
     </span>
     <span class='ocr_line' id='line_1_65' title="bbox 797 1346 1470 1391; baseline 0.001 -12"><span class='ocrx_word' id='word_1_346' title='bbox 797 1346 986 1391; x_wconf 82' lang='lat' dir='ltr'>scriptores</span> <span class='ocrx_word' id='word_1_347' title='bbox 1010 1347 1171 1380; x_wconf 64' lang='lat' dir='ltr'>videntur</span> <span class='ocrx_word' id='word_1_348' title='bbox 1195 1346 1293 1379; x_wconf 89' lang='lat' dir='ltr'>simul</span> <span class='ocrx_word' id='word_1_349' title='bbox 1317 1346 1470 1381; x_wconf 81' lang='lat' dir='ltr'>naturali</span> 
     </span>
     <span class='ocr_line' id='line_1_66' title="bbox 795 1392 1468 1437; baseline 0 -11"><span class='ocrx_word' id='word_1_350' title='bbox 795 1393 957 1427; x_wconf 84' lang='lat' dir='ltr'>sermonis</span> <span class='ocrx_word' id='word_1_351' title='bbox 975 1393 1086 1436; x_wconf 75' lang='lat' dir='ltr'>vigori</span> <span class='ocrx_word' id='word_1_352' title='bbox 1102 1392 1468 1437; x_wconf 79' lang='lat' dir='ltr'>repraesentandarum</span> 
     </span>
     <span class='ocr_line' id='line_1_67' title="bbox 795 1440 1469 1484; baseline 0 -11"><span class='ocrx_word' id='word_1_353' title='bbox 795 1450 910 1473; x_wconf 88' lang='lat' dir='ltr'>rerum</span> <span class='ocrx_word' id='word_1_354' title='bbox 947 1440 1067 1484; x_wconf 86' lang='lat' dir='ltr'>cupido</span> <span class='ocrx_word' id='word_1_355' title='bbox 1104 1451 1230 1472; x_wconf 85' lang='lat' dir='ltr'>morem</span> <span class='ocrx_word' id='word_1_356' title='bbox 1265 1450 1387 1482; x_wconf 83' lang='lat' dir='ltr'>gerere</span> <span class='ocrx_word' id='word_1_357' title='bbox 1433 1443 1469 1473; x_wconf 77' lang='lat' dir='ltr'>et</span> 
     </span>
     <span class='ocr_line' id='line_1_68' title="bbox 797 1484 1469 1529; baseline -0.001 -10"><span class='ocrx_word' id='word_1_358' title='bbox 797 1484 956 1529; x_wconf 86' lang='lat' dir='ltr'>obliquae</span> <span class='ocrx_word' id='word_1_359' title='bbox 975 1485 1138 1518; x_wconf 83' lang='lat' dir='ltr'>orationis</span> <span class='ocrx_word' id='word_1_360' title='bbox 1157 1484 1307 1528; x_wconf 84' lang='lat' dir='ltr'>speciem</span> <span class='ocrx_word' id='word_1_361' title='bbox 1328 1496 1469 1519; x_wconf 86' lang='lat' dir='ltr'>servare</span> 
     </span>
     <span class='ocr_line' id='line_1_69' title="bbox 796 1531 1467 1576; baseline 0 -11"><span class='ocrx_word' id='word_1_362' title='bbox 796 1531 956 1565; x_wconf 86' lang='lat' dir='ltr'>voluisse.</span> <span class='ocrx_word' id='word_1_363' title='bbox 983 1532 1042 1565; x_wconf 84' lang='lat' dir='ltr'>Sic</span> <span class='ocrx_word' id='word_1_364' title='bbox 1071 1531 1112 1565; x_wconf 89' lang='lat' dir='ltr'>L.</span> <span class='ocrx_word' id='word_1_365' title='bbox 1138 1531 1221 1564; x_wconf 78' lang='lat'><strong>1111.</strong></span> <span class='ocrx_word' id='word_1_366' title='bbox 1247 1543 1280 1576; x_wconf 90' lang='lat' dir='ltr'>p.</span> <span class='ocrx_word' id='word_1_367' title='bbox 1306 1532 1385 1565; x_wconf 74' lang='grc'><strong>420.</strong></span> <span class='ocrx_word' id='word_1_368' title='bbox 1412 1532 1467 1564; x_wconf 88' lang='lat' dir='ltr'>C:</span> 
     </span>
    </p>

    <p class='ocr_par' dir='ltr' id='par_1_15' title="bbox 795 1574 1471 1760">
     <span class='ocr_line' id='line_1_70' title="bbox 797 1574 1470 1634; baseline -0.001 -23"><span class='ocrx_word' id='word_1_369' title='bbox 797 1577 833 1611; x_wconf 87' lang='grc' dir='ltr'>εἰ</span> <span class='ocrx_word' id='word_1_370' title='bbox 854 1574 954 1621; x_wconf 74' lang='grc' dir='ltr'><strong><em>ἡμᾶς</em></strong></span> <span class='ocrx_word' id='word_1_371' title='bbox 986 1574 1214 1634; x_wconf 67' lang='grc' dir='ltr'><strong><em>ἀνδριάντας</em></strong></span> <span class='ocrx_word' id='word_1_372' title='bbox 1248 1574 1470 1631; x_wconf 76' lang='grc' dir='ltr'><strong><em>γράφοντας</em></strong></span> 
     </span>
     <span class='ocr_line' id='line_1_71' title="bbox 795 1619 1471 1680; baseline -0.001 -23"><span class='ocrx_word' id='word_1_373' title='bbox 795 1621 1018 1680; x_wconf 67' lang='grc' dir='ltr'><strong><em>προσελθών</em></strong></span> <span class='ocrx_word' id='word_1_374' title='bbox 1043 1637 1099 1664; x_wconf 89' lang='grc' dir='ltr'>τις</span> <span class='ocrx_word' id='word_1_375' title='bbox 1123 1621 1230 1667; x_wconf 79' lang='grc' dir='ltr'><strong><em>ἔψεγε</em></strong></span> <span class='ocrx_word' id='word_1_376' title='bbox 1255 1621 1382 1667; x_wconf 79' lang='grc' dir='ltr'><strong><em>λέων,</em></strong></span> <span class='ocrx_word' id='word_1_377' title='bbox 1409 1619 1471 1657; x_wconf 82' lang='grc' dir='ltr'>ὅτι</span> 
     </span>
     <span class='ocr_line' id='line_1_72' title="bbox 798 1667 1467 1711; baseline -0.001 -7"><span class='ocrx_word' id='word_1_378' title='bbox 798 1667 845 1704; x_wconf 85' lang='grc' dir='ltr'>ου’</span> <span class='ocrx_word' id='word_1_379' title='bbox 869 1673 951 1710; x_wconf 88' lang='grc' dir='ltr'><strong><em>τοῖς</em></strong></span> <span class='ocrx_word' id='word_1_380' title='bbox 973 1671 1183 1709; x_wconf 82' lang='grc' dir='ltr'><strong><em>καλλίστοις</em></strong></span> <span class='ocrx_word' id='word_1_381' title='bbox 1206 1669 1274 1703; x_wconf 82' lang='grc' dir='ltr'>τοῦ</span> <span class='ocrx_word' id='word_1_382' title='bbox 1302 1668 1401 1711; x_wconf 68' lang='grc' dir='ltr'><strong><em>ζοίου</em></strong></span> <span class='ocrx_word' id='word_1_383' title='bbox 1418 1682 1467 1703; x_wconf 83' lang='grc' dir='ltr'>τα</span> 
     </span>
     <span class='ocr_line' id='line_1_73' title="bbox 796 1714 1468 1772; baseline 0 -23"><span class='ocrx_word' id='word_1_384' title='bbox 796 1714 972 1750; x_wconf 84' lang='grc' dir='ltr'><strong><em>καλλιστα</em></strong></span> <span class='ocrx_word' id='word_1_385' title='bbox 997 1728 1178 1760; x_wconf 86' lang='grc' dir='ltr'><strong><em>φαρμακα</em></strong></span> <span class='ocrx_word' id='word_1_386' title='bbox 1196 1716 1468 1772; x_wconf 76' lang='grc' dir='ltr'><strong><em>προστίθεμεν·</em></strong></span> 
     </span>
    </p>

    <p class='ocr_par' dir='ltr' id='par_1_16' title="bbox 795 1759 1468 1992">
     <span class='ocr_line' id='line_1_74' title="bbox 797 1759 1467 1817; baseline 0 -21"><span class='ocrx_word' id='word_1_387' title='bbox 797 1761 834 1796; x_wconf 77' lang='grc' dir='ltr'>οἱ</span> <span class='ocrx_word' id='word_1_388' title='bbox 861 1760 932 1817; x_wconf 75' lang='grc' dir='ltr'><strong><em>γὰρ</em></strong></span> <span class='ocrx_word' id='word_1_389' title='bbox 959 1759 1168 1806; x_wconf 81' lang='grc' dir='ltr'><strong><em>οφθαλαοὶ,</em></strong></span> <span class='ocrx_word' id='word_1_390' title='bbox 1194 1761 1387 1796; x_wconf 79' lang='grc' dir='ltr'><strong><em>κάλλιστον</em></strong></span> <span class='ocrx_word' id='word_1_391' title='bbox 1397 1759 1467 1811; x_wconf 80' lang='grc' dir='ltr'><strong><em>ὃν,</em></strong></span> 
     </span>
     <span class='ocr_line' id='line_1_75' title="bbox 797 1805 1463 1864; baseline 0 -22"><span class='ocrx_word' id='word_1_392' title='bbox 797 1805 866 1842; x_wconf 81' lang='lat' dir='ltr'>ov&#39;n</span> <span class='ocrx_word' id='word_1_393' title='bbox 892 1806 1044 1864; x_wconf 84' lang='grc' dir='ltr'><strong><em>οστρείῳ</em></strong></span> <span class='ocrx_word' id='word_1_394' title='bbox 1070 1806 1352 1852; x_wconf 77' lang='grc' dir='ltr'><strong><em>ἐναληλιμμένοι</em></strong></span> <span class='ocrx_word' id='word_1_395' title='bbox 1377 1812 1463 1852; x_wconf 81' lang='grc' dir='ltr'><strong><em>εἰεν,</em></strong></span> 
     </span>
     <span class='ocr_line' id='line_1_76' title="bbox 799 1844 1466 1912; baseline 0.003 -24"><span class='ocrx_word' id='word_1_396' title='bbox 799 1851 893 1889; x_wconf 78' lang='grc' dir='ltr'><strong><em>αλλὰ</em></strong></span> <span class='ocrx_word' id='word_1_397' title='bbox 916 1844 1057 1898; x_wconf 82' lang='grc' dir='ltr'><strong><em>μέλανι.</em></strong></span> <span class='ocrx_word' id='word_1_398' title='bbox 1080 1856 1220 1912; x_wconf 85' lang='lat' dir='ltr'>Contra</span> <span class='ocrx_word' id='word_1_399' title='bbox 1238 1855 1278 1890; x_wconf 91' lang='lat' dir='ltr'><strong>L</strong></span> <span class='ocrx_word' id='word_1_400' title='bbox 1293 1855 1319 1889; x_wconf 91' lang='grc' dir='ltr'>Ι.</span> <span class='ocrx_word' id='word_1_401' title='bbox 1341 1866 1372 1899; x_wconf 89' lang='lat' dir='ltr'>p.</span> <span class='ocrx_word' id='word_1_402' title='bbox 1386 1856 1466 1890; x_wconf 87' lang='lat'><strong>337.</strong></span> 
     </span>
     <span class='ocr_line' id='line_1_77' title="bbox 795 1897 1468 1957; baseline -0.001 -22"><span class='ocrx_word' id='word_1_403' title='bbox 795 1902 850 1935; x_wconf 84' lang='lat' dir='ltr'><strong>A:</strong></span> <span class='ocrx_word' id='word_1_404' title='bbox 885 1901 949 1935; x_wconf 84' lang='grc' dir='ltr'>και</span> <span class='ocrx_word' id='word_1_405' title='bbox 983 1899 1089 1935; x_wconf 77' lang='grc' dir='ltr'><strong><em>ταῦτ’</em></strong></span> <span class='ocrx_word' id='word_1_406' title='bbox 1129 1899 1197 1945; x_wconf 79' lang='grc' dir='ltr'>ἐγώ</span> <span class='ocrx_word' id='word_1_407' title='bbox 1219 1897 1308 1957; x_wconf 78' lang='grc' dir='ltr'>ἤδη</span> <span class='ocrx_word' id='word_1_408' title='bbox 1340 1913 1379 1934; x_wconf 83' lang='grc' dir='ltr'>τε</span> <span class='ocrx_word' id='word_1_409' title='bbox 1403 1900 1468 1934; x_wconf 82' lang='grc' dir='ltr'>καὶ</span> 
     </span>
     <span class='ocr_line' id='line_1_78' title="bbox 795 1936 1466 2003; baseline 0 -22"><span class='ocrx_word' id='word_1_410' title='bbox 795 1943 946 1986; x_wconf 78' lang='grc' dir='ltr'><strong><em>τούτοις</em></strong></span> <span class='ocrx_word' id='word_1_411' title='bbox 969 1944 1189 2003; x_wconf 51' lang='grc' dir='ltr'><strong><em>προῦλεγονέ</em></strong></span> <span class='ocrx_word' id='word_1_412' title='bbox 1215 1936 1275 1982; x_wconf 80' lang='grc' dir='ltr'>ὃτι</span> <span class='ocrx_word' id='word_1_413' title='bbox 1299 1945 1343 1981; x_wconf 85' lang='grc' dir='ltr'><strong><em>σὺ</em></strong></span> <span class='ocrx_word' id='word_1_414' title='bbox 1371 1945 1466 1981; x_wconf 71' lang='lat' dir='ltr'>‹ino-</span> 
     </span>
    </p>

    <p class='ocr_par' dir='ltr' id='par_1_17' title="bbox 795 1990 1470 2083">
     <span class='ocr_line' id='line_1_79' title="bbox 795 1990 1470 2050; baseline 0 -24"><span class='ocrx_word' id='word_1_415' title='bbox 795 1993 1001 2036; x_wconf 78' lang='grc' dir='ltr'><strong><em>κρίνασθαι</em></strong></span> <span class='ocrx_word' id='word_1_416' title='bbox 1033 1992 1100 2050; x_wconf 73' lang='grc' dir='ltr'><strong><em>μὲν</em></strong></span> <span class='ocrx_word' id='word_1_417' title='bbox 1143 1990 1213 2028; x_wconf 67' lang='grc' dir='ltr'>οὐκ</span> <span class='ocrx_word' id='word_1_418' title='bbox 1258 1991 1470 2048; x_wconf 71' lang='grc' dir='ltr'><strong><em>ἐθελήσοις,</em></strong></span> 
     </span>
     <span class='ocr_line' id='line_1_80' title="bbox 796 2037 1466 2083; baseline 0.002 -11"><span class='ocrx_word' id='word_1_419' title='bbox 796 2038 1034 2083; x_wconf 82' lang='grc' dir='ltr'><strong><em>εἰρωνεύσοιο</em></strong></span> <span class='ocrx_word' id='word_1_420' title='bbox 1060 2038 1100 2075; x_wconf 84' lang='grc' dir='ltr'>δε</span> <span class='ocrx_word' id='word_1_421' title='bbox 1135 2039 1198 2074; x_wconf 80' lang='grc' dir='ltr'>καὶ</span> <span class='ocrx_word' id='word_1_422' title='bbox 1223 2037 1348 2073; x_wconf 78' lang='grc' dir='ltr'><strong><em>πάντα</em></strong></span> <span class='ocrx_word' id='word_1_423' title='bbox 1371 2040 1466 2083; x_wconf 77' lang='grc' dir='ltr'><strong><em>μᾶλ-</em></strong></span> 
     </span>
    </p>

    <p class='ocr_par' dir='ltr' id='par_1_18' title="bbox 797 2083 1472 2871">
     <span class='ocr_line' id='line_1_81' title="bbox 798 2083 1472 2130; baseline -0.001 -10"><span class='ocrx_word' id='word_1_424' title='bbox 798 2087 863 2120; x_wconf 86' lang='grc' dir='ltr'>λον</span> <span class='ocrx_word' id='word_1_425' title='bbox 886 2084 1079 2130; x_wconf 88' lang='grc' dir='ltr'><strong><em>ποιήσοις,</em></strong></span> <span class='ocrx_word' id='word_1_426' title='bbox 1114 2083 1139 2130; x_wconf 78' lang='grc' dir='ltr'><em>ἢ</em></span> <span class='ocrx_word' id='word_1_427' title='bbox 1165 2083 1408 2130; x_wconf 80' lang='grc' dir='ltr'><strong><em>α’ποκρίνοιο,</em></strong></span> <span class='ocrx_word' id='word_1_428' title='bbox 1434 2085 1472 2119; x_wconf 85' lang='grc' dir='ltr'>εἴ</span> 
     </span>
     <span class='ocr_line' id='line_1_82' title="bbox 798 2131 1467 2179; baseline -0.001 -13"><span class='ocrx_word' id='word_1_429' title='bbox 798 2132 855 2171; x_wconf 84' lang='grc' dir='ltr'>τίς</span> <span class='ocrx_word' id='word_1_430' title='bbox 879 2132 915 2166; x_wconf 86' lang='grc' dir='ltr'>τί</span> <span class='ocrx_word' id='word_1_431' title='bbox 941 2142 979 2166; x_wconf 88' lang='grc' dir='ltr'>σε</span> <span class='ocrx_word' id='word_1_432' title='bbox 1004 2131 1136 2179; x_wconf 77' lang='grc' dir='ltr'><strong><em>ἐρωτᾷ.</em></strong></span> <span class='ocrx_word' id='word_1_433' title='bbox 1172 2144 1234 2178; x_wconf 91' lang='lat' dir='ltr'>pro</span> <span class='ocrx_word' id='word_1_434' title='bbox 1260 2145 1327 2177; x_wconf 88' lang='lat' dir='ltr'>quo</span> <span class='ocrx_word' id='word_1_435' title='bbox 1362 2131 1467 2177; x_wconf 85' lang='lat' dir='ltr'>aliqui</span> 
     </span>
     <span class='ocr_line' id='line_1_83' title="bbox 801 2176 1466 2224; baseline -0.002 -12"><span class='ocrx_word' id='word_1_436' title='bbox 801 2176 924 2222; x_wconf 86' lang='grc' dir='ltr'><strong><em>ε’ροιτο</em></strong></span> <span class='ocrx_word' id='word_1_437' title='bbox 949 2180 1170 2224; x_wconf 85' lang='lat' dir='ltr'>scripserunt.</span> <span class='ocrx_word' id='word_1_438' title='bbox 1204 2178 1315 2212; x_wconf 80' lang='lat' dir='ltr'>Multa</span> <span class='ocrx_word' id='word_1_439' title='bbox 1337 2179 1466 2215; x_wconf 71' lang='lat' dir='ltr'>uttius-</span> 
     </span>
     <span class='ocr_line' id='line_1_84' title="bbox 799 2225 1470 2270; baseline 0 -12"><span class='ocrx_word' id='word_1_440' title='bbox 799 2236 866 2269; x_wconf 88' lang='lat' dir='ltr'>que</span> <span class='ocrx_word' id='word_1_441' title='bbox 912 2225 1004 2258; x_wconf 89' lang='lat' dir='ltr'>modi</span> <span class='ocrx_word' id='word_1_442' title='bbox 1048 2226 1204 2270; x_wconf 81' lang='lat' dir='ltr'>exempla</span> <span class='ocrx_word' id='word_1_443' title='bbox 1261 2225 1470 2268; x_wconf 67' lang='lat' dir='ltr'>Significavit</span> 
     </span>
     <span class='ocr_line' id='line_1_85' title="bbox 799 2271 1469 2317; baseline 0 -13"><span class='ocrx_word' id='word_1_444' title='bbox 799 2271 971 2305; x_wconf 76' lang='lat' dir='ltr'>Matthiae</span> <span class='ocrx_word' id='word_1_445' title='bbox 1005 2283 1144 2315; x_wconf 72' lang='lat' dir='ltr'><strong>gramm.</strong></span> <span class='ocrx_word' id='word_1_446' title='bbox 1177 2284 1211 2317; x_wconf 87' lang='lat' dir='ltr'>p.</span> <span class='ocrx_word' id='word_1_447' title='bbox 1252 2273 1351 2306; x_wconf 83' lang='lat'><strong>1031.</strong></span> <span class='ocrx_word' id='word_1_448' title='bbox 1383 2282 1469 2304; x_wconf 92' lang='lat' dir='ltr'>non—</span> 
     </span>
     <span class='ocr_line' id='line_1_86' title="bbox 800 2317 1468 2362; baseline 0.001 -12"><span class='ocrx_word' id='word_1_449' title='bbox 800 2317 891 2351; x_wconf 86' lang='lat' dir='ltr'>nulla</span> <span class='ocrx_word' id='word_1_450' title='bbox 925 2318 1127 2361; x_wconf 84' lang='lat' dir='ltr'>Bernhardy</span> <span class='ocrx_word' id='word_1_451' title='bbox 1159 2322 1249 2361; x_wconf 86' lang='lat' dir='ltr'><strong>synt.</strong></span> <span class='ocrx_word' id='word_1_452' title='bbox 1283 2329 1363 2362; x_wconf 82' lang='lat' dir='ltr'><strong>pag.</strong></span> <span class='ocrx_word' id='word_1_453' title='bbox 1388 2318 1468 2351; x_wconf 81' lang='lat'><strong>389.</strong></span> 
     </span>
     <span class='ocr_line' id='line_1_87' title="bbox 799 2363 1468 2406; baseline 0 -9"><span class='ocrx_word' id='word_1_454' title='bbox 799 2375 901 2397; x_wconf 89' lang='lat' dir='ltr'>unum</span> <span class='ocrx_word' id='word_1_455' title='bbox 932 2369 1047 2397; x_wconf 84' lang='lat' dir='ltr'>nostro</span> <span class='ocrx_word' id='word_1_456' title='bbox 1080 2364 1186 2398; x_wconf 87' lang='lat' dir='ltr'>simile</span> <span class='ocrx_word' id='word_1_457' title='bbox 1221 2363 1468 2406; x_wconf 70' lang='lat' dir='ltr'>Stallbaqmius</span> 
     </span>
     <span class='ocr_line' id='line_1_88' title="bbox 799 2409 1468 2454; baseline 0.001 -12"><span class='ocrx_word' id='word_1_458' title='bbox 799 2409 834 2443; x_wconf 91' lang='lat' dir='ltr'>in</span> <span class='ocrx_word' id='word_1_459' title='bbox 855 2421 923 2443; x_wconf 91' lang='lat' dir='ltr'>sec.</span> <span class='ocrx_word' id='word_1_460' title='bbox 946 2411 999 2444; x_wconf 84' lang='lat' dir='ltr'><strong>ed.</strong></span> <span class='ocrx_word' id='word_1_461' title='bbox 1021 2410 1096 2444; x_wconf 80' lang='lat' dir='ltr'><strong>civ.</strong></span> <span class='ocrx_word' id='word_1_462' title='bbox 1121 2411 1161 2444; x_wconf 94' lang='lat' dir='ltr'>L.</span> <span class='ocrx_word' id='word_1_463' title='bbox 1184 2410 1242 2442; x_wconf 91' lang='lat' dir='ltr'>VI.</span> <span class='ocrx_word' id='word_1_464' title='bbox 1268 2421 1299 2454; x_wconf 92' lang='lat' dir='ltr'>p.</span> <span class='ocrx_word' id='word_1_465' title='bbox 1320 2410 1398 2444; x_wconf 79' lang='lat'><strong>490.</strong></span> <span class='ocrx_word' id='word_1_466' title='bbox 1424 2409 1468 2443; x_wconf 90' lang='lat' dir='ltr'>D.</span> 
     </span>
     <span class='ocr_line' id='line_1_89' title="bbox 798 2455 1469 2502; baseline -0.003 -12"><span class='ocrx_word' id='word_1_467' title='bbox 798 2456 870 2490; x_wconf 86' lang='lat' dir='ltr'>Iam</span> <span class='ocrx_word' id='word_1_468' title='bbox 896 2468 997 2502; x_wconf 88' lang='lat' dir='ltr'>quum</span> <span class='ocrx_word' id='word_1_469' title='bbox 1021 2457 1106 2490; x_wconf 87' lang='lat' dir='ltr'>ferri</span> <span class='ocrx_word' id='word_1_470' title='bbox 1129 2468 1230 2501; x_wconf 86' lang='lat' dir='ltr'>posse</span> <span class='ocrx_word' id='word_1_471' title='bbox 1247 2455 1469 2489; x_wconf 77' lang='lat' dir='ltr'>indicativum</span> 
     </span>
     <span class='ocr_line' id='line_1_90' title="bbox 799 2502 1469 2546; baseline -0.001 -10"><span class='ocrx_word' id='word_1_472' title='bbox 799 2503 892 2536; x_wconf 85' lang='lat' dir='ltr'>nulla</span> <span class='ocrx_word' id='word_1_473' title='bbox 916 2503 1086 2545; x_wconf 82' lang='lat' dir='ltr'>dubitatio</span> <span class='ocrx_word' id='word_1_474' title='bbox 1112 2508 1214 2545; x_wconf 82' lang='lat' dir='ltr'>esset,</span> <span class='ocrx_word' id='word_1_475' title='bbox 1239 2502 1342 2536; x_wconf 87' lang='lat' dir='ltr'>etiam</span> <span class='ocrx_word' id='word_1_476' title='bbox 1366 2513 1469 2546; x_wconf 89' lang='lat' dir='ltr'>prae-</span> 
     </span>
     <span class='ocr_line' id='line_1_91' title="bbox 801 2549 1468 2593; baseline -0.003 -10"><span class='ocrx_word' id='word_1_477' title='bbox 801 2550 888 2584; x_wconf 77' lang='lat' dir='ltr'>ferri</span> <span class='ocrx_word' id='word_1_478' title='bbox 920 2550 1047 2583; x_wconf 86' lang='lat' dir='ltr'>debere</span> <span class='ocrx_word' id='word_1_479' title='bbox 1090 2549 1183 2582; x_wconf 86' lang='lat' dir='ltr'>visus</span> <span class='ocrx_word' id='word_1_480' title='bbox 1225 2553 1279 2582; x_wconf 83' lang='lat' dir='ltr'>est</span> <span class='ocrx_word' id='word_1_481' title='bbox 1324 2549 1468 2593; x_wconf 87' lang='lat' dir='ltr'>primum</span> 
     </span>
     <span class='ocr_line' id='line_1_92' title="bbox 802 2595 1469 2640; baseline -0.001 -11"><span class='ocrx_word' id='word_1_482' title='bbox 802 2600 946 2640; x_wconf 86' lang='lat' dir='ltr'>propter</span> <span class='ocrx_word' id='word_1_483' title='bbox 963 2595 1108 2636; x_wconf 88' lang='lat' dir='ltr'>codices,</span> <span class='ocrx_word' id='word_1_484' title='bbox 1132 2606 1274 2640; x_wconf 86' lang='lat' dir='ltr'>quorum</span> <span class='ocrx_word' id='word_1_485' title='bbox 1293 2595 1352 2639; x_wconf 88' lang='lat' dir='ltr'>qui</span> <span class='ocrx_word' id='word_1_486' title='bbox 1368 2600 1469 2639; x_wconf 86' lang='lat' dir='ltr'>opta-</span> 
     </span>
     <span class='ocr_line' id='line_1_93' title="bbox 802 2640 1469 2683; baseline -0.003 -8"><span class='ocrx_word' id='word_1_487' title='bbox 802 2642 907 2675; x_wconf 79' lang='lat' dir='ltr'>tivum</span> <span class='ocrx_word' id='word_1_488' title='bbox 931 2642 1113 2683; x_wconf 83' lang='lat' dir='ltr'>exhibent,</span> <span class='ocrx_word' id='word_1_489' title='bbox 1137 2653 1203 2674; x_wconf 94' lang='lat' dir='ltr'>non</span> <span class='ocrx_word' id='word_1_490' title='bbox 1226 2641 1335 2675; x_wconf 87' lang='lat' dir='ltr'>solum</span> <span class='ocrx_word' id='word_1_491' title='bbox 1360 2640 1469 2674; x_wconf 90' lang='lat' dir='ltr'>omni-</span> 
     </span>
     <span class='ocr_line' id='line_1_94' title="bbox 800 2687 1470 2729; baseline -0.003 -7"><span class='ocrx_word' id='word_1_492' title='bbox 800 2699 842 2722; x_wconf 87' lang='lat' dir='ltr'>no</span> <span class='ocrx_word' id='word_1_493' title='bbox 866 2688 1063 2722; x_wconf 77' lang='lat' dir='ltr'>inferiorum</span> <span class='ocrx_word' id='word_1_494' title='bbox 1086 2687 1258 2729; x_wconf 84' lang='lat' dir='ltr'>ordinum,</span> <span class='ocrx_word' id='word_1_495' title='bbox 1283 2687 1345 2721; x_wconf 87' lang='lat' dir='ltr'>sed</span> <span class='ocrx_word' id='word_1_496' title='bbox 1365 2687 1470 2721; x_wconf 87' lang='lat' dir='ltr'>etiam</span> 
     </span>
     <span class='ocr_line' id='line_1_95' title="bbox 798 2733 1466 2779; baseline -0.001 -12"><span class='ocrx_word' id='word_1_497' title='bbox 798 2734 832 2767; x_wconf 92' lang='lat' dir='ltr'>in</span> <span class='ocrx_word' id='word_1_498' title='bbox 856 2733 1076 2779; x_wconf 85' lang='lat' dir='ltr'>sequentibus</span> <span class='ocrx_word' id='word_1_499' title='bbox 1109 2733 1200 2767; x_wconf 85' lang='lat' dir='ltr'>circa</span> <span class='ocrx_word' id='word_1_500' title='bbox 1225 2734 1367 2767; x_wconf 88' lang='lat' dir='ltr'>eandem</span> <span class='ocrx_word' id='word_1_501' title='bbox 1395 2744 1466 2766; x_wconf 90' lang='lat' dir='ltr'>rem</span> 
     </span>
     <span class='ocr_line' id='line_1_96' title="bbox 798 2780 1469 2825; baseline -0.001 -12"><span class='ocrx_word' id='word_1_502' title='bbox 798 2780 1001 2814; x_wconf 81' lang='lat' dir='ltr'>dissidentes</span> <span class='ocrx_word' id='word_1_503' title='bbox 1026 2791 1135 2824; x_wconf 88' lang='lat' dir='ltr'>eoque</span> <span class='ocrx_word' id='word_1_504' title='bbox 1158 2780 1265 2824; x_wconf 84' lang='lat' dir='ltr'>magis</span> <span class='ocrx_word' id='word_1_505' title='bbox 1285 2783 1469 2825; x_wconf 85' lang='lat' dir='ltr'>suspectae</span> 
     </span>
     <span class='ocr_line' id='line_1_97' title="bbox 797 2825 1466 2871; baseline -0.003 -10"><span class='ocrx_word' id='word_1_506' title='bbox 797 2826 878 2861; x_wconf 86' lang='lat' dir='ltr'>fidei</span> <span class='ocrx_word' id='word_1_507' title='bbox 902 2832 1000 2869; x_wconf 87' lang='lat' dir='ltr'>sunt,</span> <span class='ocrx_word' id='word_1_508' title='bbox 1034 2826 1093 2871; x_wconf 80' lang='lat' dir='ltr'>qui</span> <span class='ocrx_word' id='word_1_509' title='bbox 1126 2825 1349 2861; x_wconf 79' lang='lat' dir='ltr'>indicativum</span> <span class='ocrx_word' id='word_1_510' title='bbox 1379 2825 1466 2860; x_wconf 83' lang='lat' dir='ltr'>offe-</span> 
     </span>
    </p>
   </div>
  </div>
 </body>
</html>
