1807 3219
251 166 309 205 20
651 159 1183 203 .PLATONIS

247 273 403 328 λόγον,
443 270 562 323 ὅστις
590 271 694 315 ποτέ
722 271 861 323 ἐστιν,
899 271 1171 328 ἑρμηνεῦσαι.
1235 270 1365 316 Ταῦτ’
1394 271 1533 324 ἐστὶν,
1574 268 1698 329 ἦν458

251 339 297 385 δ’
329 339 436 395 ἐγώ,
467 334 504 382 ὦ
533 338 751 384 Γλαύκων
770 372 784 392 ,
825 339 900 382 καὶ
929 337 1040 383 ἄλλα
1069 339 1210 384 πολλὰ
1236 343 1445 394 τοιαῦτα,
1488 339 1518 386 εἳ
1547 339 1630 396 ἐγώ

180 406 219 446 D
246 406 382 451 πάλαι
411 413 620 462 προορῶν
649 406 910 464 ἐφοβούμην
939 424 984 451 τε
1014 409 1086 450 καὶ
1112 408 1286 452 ὤκνουν
1316 407 1529 452 ἅπτεσθαι
1550 412 1631 452 τοῦ

245 476 409 531 νόμου,
449 480 530 519 τοῦ
559 477 658 529 περὶ
687 476 765 532 τὴν
794 479 883 518 τῶν
922 480 1148 530 γυναικῶν
1178 477 1252 520 καὶ
1281 477 1450 519 παίδων
1479 479 1633 532 κτῆσιν

246 545 321 588 καὶ
348 543 533 599 τροφήν.
567 541 632 587 Οὐ
662 543 722 597 μεέ
745 543 821 587 τὸν
846 545 956 595 Δία,
998 545 1102 599 ἔφη·
1146 542 1200 587 οὐ
1229 544 1313 600 γὰρ
1346 542 1511 600 εὐκόλῳ
1542 544 1631 587 ἔοι-

247 629 335 656 κεν.
392 609 458 655 Οὐ
495 611 607 666 γάρ,
648 609 783 655 εἶπον.
827 610 934 655 ἄλλα
975 612 1027 667 δὴ
1060 606 1140 655 036²
1173 613 1275 667 ἔχει·
1320 612 1375 655 ἄν
1404 611 1448 654 τέ
1477 628 1542 662 τις
1573 613 1632 662 εἰς

250 679 571 736 κολυμβήθραν
600 679 760 732 μικράν
789 678 970 737 ἐμπέσῃ,
998 678 1054 723 ἄν
1083 696 1127 722 τε
1151 681 1210 730 εἰς
1240 679 1288 723 τό
1319 679 1524 734 μέγιστον
1554 678 1632 722 πέ-

247 753 379 805 λαγος
408 747 561 804 μέσον,
595 745 712 802 ὅμως
742 763 790 803 γε
819 752 888 790 νεῖ
916 746 1050 791 οὐδὲν
1079 744 1221 805 ἧττον.
1263 748 1395 792 Πάνυ
1425 747 1505 804 μὲν
1536 742 1630 791 οὖν.

292 895 385 931 ποτέ
419 894 540 940 ἐστιν]
587 896 640 929 Ita
677 895 762 929 Lob.
811 896 909 930 Vind.

246 944 353 978 BDE.
385 943 480 976 Mon.
505 943 546 976 B.
582 939 664 975 ποτ’
691 939 786 976 ἐστὶν
811 943 910 976 Vind.

245 990 286 1023 F.
312 989 387 1023 Ald.
413 989 490 1022 Bas.
516 1000 544 1021 3.
571 988 691 1044 Steph.
718 991 792 1021 Ast.
827 986 909 1022 ποτ’

247 1033 322 1069 ἐστὶ
347 1036 425 1069 Bas.
447 1036 479 1068 b.
503 1032 586 1068 ποτ’
612 1032 707 1067 ἔστιν
731 1035 910 1068 Bekkerus

246 1086 282 1115 et
306 1080 756 1159 813111>3111111115,8.133311ῐ35
807 1081 907 1114 Conf.

246 1127 321 1161 Vol.
346 1126 374 1160 Ι.
399 1139 431 1171 p.
457 1128 536 1167 327,

294 1170 534 1216 ἑρμηνεῦσαι]
563 1168 786 1215 ευμηνεῦσαι
809 1171 908 1205 Vind.

294 1262 412 1307 ἐστιν]
440 1261 536 1298 ἐστιν
559 1263 659 1297 Vind.
685 1264 724 1297 F.

292 1309 433 1353 πολλὰ]
457 1311 630 1365 permulta
657 1310 729 1343 Fic.

294 1355 379 1400 περὶ
411 1354 502 1400 τὴν]
534 1353 603 1399 τὴν
639 1368 702 1390 σπι.
741 1354 839 1389 Vind.
864 1355 907 1388 E.

249 1408 285 1437 et
309 1414 395 1436 am.
419 1414 471 1446 pr.
495 1402 535 1435 F.
558 1402 637 1435 V.at
661 1402 706 1434 H.
731 1400 859 1445 (Vind.
867 1401 907 1434 F.

247 1450 308 1483 int.
333 1460 422 1481 vers.
447 1460 468 1482 a
492 1460 532 1481 m.
557 1459 624 1481 sec.
650 1448 783 1491 habet.)

298 1491 386 1538 Ου’]
437 1489 484 1528 οὕ
514 1494 598 1527 Lob.
638 1493 737 1526 Vind.
772 1493 907 1526 BDEF.

249 1540 317 1584 (uti
341 1540 450 1573 solent
473 1544 552 1573 ante
567 1536 639 1583 μὰ)
663 1539 736 1572 Ald.
764 1535 808 1572 οὓ
827 1539 906 1572 Β35.

249 1588 303 1620 31).
341 1582 412 1629 Οὔ,
438 1585 552 1619 Astius
587 1585 621 1618 in
655 1585 801 1618 secunda
825 1585 905 1618 edit.

248 1633 335 1666 hanc
358 1632 569 1686 negationem
593 1631 731 1672 eodem,
767 1642 832 1675 quo
857 1631 907 1664 31-

247 1684 356 1711 teram
390 1683 469 1711 ante
499 1675 588 1721 γὰρ,
631 1678 803 1718 refemns,
839 1688 907 1721 qua

248 1724 382 1758 ratione
410 1724 475 1757 hoc
506 1724 615 1768 ipsum
649 1720 720 1766 γὰρ
758 1722 906 1767 ineptum

249 1775 286 1803 et
306 1775 383 1804 tota
415 1769 523 1803 onatio
556 1769 645 1802 iusto
675 1768 906 1802 vehementior

248 1816 299 1849 fit.
346 1815 416 1849 Sed
439 1815 526 1849 enim
551 1827 616 1849 non
640 1822 802 1859 apparet,
826 1814 905 1859 quid

248 1861 386 1895 tandem
409 1865 512 1904 neget
526 1861 668 1895 Glauco.
693 1860 810 1904 Negat
824 1871 905 1893 vero

246 1906 356 1950 idem,
380 1908 469 1952 quod
492 1908 666 1948 Socrates,
690 1906 747 1951 qui
770 1906 805 1939 in
825 1918 906 1950 pro-

247 1952 337 1986 ximo
368 1953 497 1986 caussis
531 1952 770 1986 demonstratis
798 1951 906 1996 tergi-

246 1999 474 2033 versationem
515 2010 610 2033 suam
646 2010 711 2032 non
748 1998 905 2031 iniustam

246 2056 358 2090 neque
380 2045 594 2078 temerariam
616 2044 724 2078 fuisse
746 2044 905 2077 ostende-

245 2095 311 2124 rat.
358 2090 480 2135 Itaque
511 2091 643 2124 Glauco
675 2090 815 2124 meliora
836 2089 905 2123 iam

246 2137 385 2170 edoctus
415 2142 449 2170 et
474 2137 650 2170 Socratem
672 2136 835 2170 immerito
860 2137 903 2169 ob

245 2183 493 2216 cunctationem
522 2183 761 2227 reprehensum
799 2194 905 2226 agno-

243 2240 342 2261 scens
367 2230 520 2270 Minime,
544 2241 606 2273 per
631 2229 761 2269 Iovem,
784 2227 904 2272 inquit,

244 2280 370 2308 temere
391 2281 429 2308 tu
450 2281 483 2308 et
498 2275 569 2308 sine
586 2287 707 2308 caussa
727 2275 816 2307 hanc
831 2286 903 2307 rem

244 2325 400 2354 tractare
432 2322 636 2360 dubitabas;
681 2321 776 2354 hanel
814 2321 903 2353 enim

237 2367 362 2408 facilis
383 2367 531 2400 videtur.
566 2366 674 2400 Nobis
699 2365 800 2399 simili
821 2366 903 2398 bre-

243 2411 354 2445 vitate
385 2412 497 2445 dicere
537 2412 620 2445 licet
652 2412 768 2452 Nein,
802 2412 904 2445 nein!

245 2458 302 2490 die
320 2459 431 2491 Sache
451 2459 515 2492 hat
544 2459 619 2492 ihre
638 2458 903 2502 Schwierigkei-

245 2508 314 2537 ten.
348 2504 590 2561 Stallbaumips
612 2504 648 2537 in
671 2515 738 2536 sec.
762 2486 824 2535 ed.
843 2499 902 2535 Ov'

244 2546 296 2590 μὰ
321 2547 390 2583 τὸν
412 2550 510 2593 Δία,
546 2547 637 2594 {W
673 2546 741 2583 οὐκ
765 2545 902 2594 εὐκόλῳ

242 2592 360 2628 ἔοικεν
384 2596 597 2630 scribendum
622 2595 776 2629 coniecit.

285 2663 382 2706 Δία]
428 2661 483 2697 δι”
530 2664 614 2698 Lob.
661 2664 762 2697 Vind.
795 2662 898 2698 BDF.

239 2709 325 2753 Ang.
348 2710 391 2743 B.
417 2710 496 2744 Vat.
519 2710 568 2744 M.

286 2774 402 2821 ἔφῚΓ]
427 2775 519 2822 ἔφη,
548 2778 687 2822 Astius,
709 2762 898 2821 lfekkmus,

237 2822 491 2858 Stallbaumius.

1014 894 1178 943 εὐκόλῳ]
1228 892 1389 935 εὐκόλως
1441 896 1544 931 Vind.
1588 896 1630 931 F.

968 944 1060 978 Mon.
1085 944 1124 976 B.
1150 944 1234 986 Ang.
1254 943 1292 975 B.

1015 983 1089 1022 ωδ’
1100 990 1112 1032 ]
1141 989 1213 1022 ωδε
1239 988 1340 1020 Vind.
1366 988 1409 1021 E.

1015 1032 1062 1068 ἄν
1087 1032 1150 1089 τέ]
1193 1031 1258 1067 ἐάν
1291 1034 1376 1066 Ven.
1408 1034 1447 1067 B.
1490 1033 1570 1068 Bas.
1595 1034 1628 1069 b.

967 1079 1034 1114 ἐὰν
1058 1078 1099 1113 τέ
1123 1080 1223 1112 Vind.
1250 1080 1293 1113 Ε.

1011 1123 1290 1181 κολυμβήθραν]
1312 1125 1431 1159 Pollux
1449 1125 1523 1159 Vll.
1544 1127 1629 1161 138·

965 1172 1177 1227 κολυμβᾶν
1214 1168 1278 1214 ἀφ’
1314 1171 1359 1205 οὐ
1401 1170 1464 1205 καὶ
1496 1173 1629 1215 κολυμ-

966 1208 1120 1273 βήθραν
1141 1215 1160 1252 ὁ
1187 1215 1356 1251 Πλάτων.

965 1262 1202 1344 Μμέγιστον]
1226 1261 1340 1307 μέσον
1363 1261 1462 1296 Vind.
1482 1263 1522 1297 B.
1548 1263 1627 1297 Vat.

1011 1353 1168 1398 πέλαγος
1208 1352 1364 1399 μέσον,]
1418 1351 1556 1393 πέλαος
1588 1365 1628 1397 μ.

966 1402 1063 1435 Vind.
1074 1402 1116 1434 Ε.
1140 1412 1186 1434 πε
1182 1398 1254 1443 λα)
1258 1412 1316 1442 ος,
1342 1397 1455 1443 μέσον
1481 1401 1576 1434 Vind.
1587 1401 1626 1435 B.

965 1448 1097 1481 Eodem
1133 1447 1232 1480 modo
1257 1446 1416 1479 Ficinus:
1451 1448 1522 1480 sive
1541 1459 1628 1490 pro-

958 1495 1112 1536 fundum
1136 1494 1172 1525 in
1201 1494 1373 1537 pelaguS,
1407 1494 1628 1527 nihilominus

966 1552 1056 1584 aqua
1081 1540 1115 1572 in
1134 1540 1250 1572 media
1267 1544 1382 1574 natat.

1007 1584 1275 1680 23³]13ZLV313.
1296 1584 1341 1663 (ξ.
1370 1629 1449 1663 Β35.
1473 1629 1508 1662 b.
1542 1641 1626 1663 τινα

962 1677 1047 1710 Lo.b
1071 1676 1175 1709 vind.
1198 1676 1302 1709 BDE.
1339 1673 1424 1709 τινὰ
1458 1675 1558 1708 Vind.
1582 1676 1624 1709 F.

1008 1720 1235 1765 ἐλπίζοντας]
1263 1719 1467 1762 ἐλπίζοντες
1485 1722 1563 1755 Par.
1578 1721 1623 1755 K.

1007 1766 1120 1812 ἡμᾶς]
1148 1768 1189 1801 In
1213 1768 1296 1801 Lob.
1323 1773 1358 1801 et
1377 1767 1456 1803 vat.
1465 1767 1514 1800 M.
1534 1779 1625 1802 11131·-

961 1814 1032 1869 gini
1056 1814 1229 1858 adscripta
1252 1815 1330 1849 11.1.
1356 1818 1436 1846 sunt
1464 1810 1552 1847 καθ’
1578 1809 1624 1847 ὃν

962 1858 1104 1903 τρόπον
1137 1860 1199 1894 καὶ
1233 1857 1375 1915 ἄρίωνα
1407 1857 1475 1893 τὸν
1503 1861 1624 1903 μηθυ-

960 1909 1096 1950 μναῖον
1129 1904 1352 1949 κιθαριστὴν
1374 1931 1384 1949 ,
1432 1905 1550 1950 eisque
1588 1905 1625 1938 in

962 1953 1041 1988 V.at
1066 1953 1114 1987 Μ.
1140 1952 1388 1997 praescriptum
1421 1957 1476 1985 est
1507 1951 1623 1994 κείμε-

961 2010 1048 2041 ν,ον
1084 1998 1126 2031 de
1149 2010 1216 2042 quo
1249 1998 1319 2031 dixi
1342 1997 1420 2031 Vol.
1445 1997 1473 2030 I.
1507 2009 1539 2041 p.
1565 1999 1622 2039 80,

960 2045 994 2077 b.
1021 2024 1055 2077 e⁷t
1076 2056 1108 2089 p.
1135 2043 1225 2086 436,
1251 2055 1281 2077 3.
1313 2044 1445 2077 Eadem
1468 2043 1568 2076 Vind.
1581 2043 1622 2076 Β.

959 2090 996 2123 in
1018 2089 1169 2133 margine
1203 2090 1329 2129 habet,
1376 2089 1437 2122 sed
1469 2088 1512 2122 ad
1544 2088 1623 2122 δελ-

960 2138 1073 2184 φῖνα,
1098 2147 1165 2168 11011
1189 2136 1231 2169 3(1
1255 2132 1353 2190 ἡμᾶς
1374 2135 1495 2168 relata.

1003 2179 1229 2226 ὑπολαβεῖν]
1262 2178 1466 2226 απολαβεῖν
1502 2181 1621 2224 (Flor.

958 2227 1003 2261 T.
1038 2228 1116 2261 Par.
1142 2227 1184 2260 K.
1209 2240 1276 2261 sec.
1302 2227 1397 2280 Rip..)
1429 2226 1505 2260 Ald.
1540 2227 1618 2260 Bas.

958 2274 1012 2307 ab.
1047 2273 1166 2317 Steph.
1212 2273 1329 2306 Astius
1370 2273 1406 2306 in
1439 2273 1548 2318 prima
1586 2277 1623 2306 et

957 2319 1064 2353 tertia
1086 2320 1138 2353 ed.
1169 2325 1403 2374 suscepturum
1425 2320 1622 2354 sublevatu-

956 2377 1098 2410 rumque
1122 2365 1196 2398 Fic.
1219 2362 1424 2409 υπολαβεῖν
1448 2365 1504 2398 vel
1528 2362 1621 2399 οένα·

958 2411 1086 2456 λαβεῖν
1120 2412 1313 2444 coniecerat
1341 2411 1621 2444 Hemsterhusius

959 2458 1002 2490 ad
1026 2457 1170 2490 Luciani
1192 2458 1271 2490 dial.
1295 2468 1378 2490 mar.
1397 2458 1429 2491 8.
1453 2457 1511 2489 ubi
1529 2456 1619 2490 idem

959 2503 1094 2557 delphin
1117 2503 1258 2546 primum
1295 2500 1515 2557 αναλαβών,
1547 2507 1619 2535 tum

958 2546 1162 2593 νπολαβων
1187 2549 1330 2590 dieitur,
1355 2554 1391 2582 et
1411 2546 1618 2593 υπολαβεῖν

959 2595 1058 2628 malle
1078 2606 1115 2628 se
1132 2595 1328 2629 ostenderat
1336 2594 1506 2628 Heusdius
1524 2605 1617 2638 spec.

955 2652 989 2684 p.
1021 2642 1076 2675 31.
1130 2641 1262 2674 Eodem
1294 2642 1398 2674 verbo
1430 2640 1465 2674 in
1497 2651 1618 2673 narra-

954 2686 1048 2719 tione
1080 2686 1122 2720 de
1153 2687 1279 2726 Arione
1312 2698 1392 2720 usus
1427 2689 1480 2720 est
1502 2686 1618 2719 Hero-

955 2732 1054 2765 dotus
1088 2733 1128 2766 L.
1153 2733 1180 2767 I.
1213 2745 1242 2766 c.
1266 2734 1332 2767 24:
1370 2730 1439 2766 τὸν
1472 2729 1512 2765 δὲ
1538 2732 1616 2765 δελ-

955 2780 1048 2820 φῖνα
1065 2776 1208 2822 λέγουσι
1224 2775 1466 2824 ὑπολαβόντα
1485 2775 1615 2819 ἐξενεῖ-

954 2836 1017 2858 και
1039 2821 1100 2858 ἐπὶ
1128 2824 1326 2868 Ταίναρον.
1363 2825 1412 2859 Et
1433 2824 1524 2870 apud
1545 2825 1615 2857 Ae—
