1807 3219
251 77 337 118 280

708 71 1186 115 PLATONIS

253 185 301 229 ἐν
325 183 549 242 κεφαλαίῳ
581 181 773 240 ἀριθμόν
806 199 852 227 τε
879 183 953 226 καὶ
985 180 1207 239 λογισμόν.
1244 180 1275 238 ἢ
1306 179 1526 238 ου’χόῧτω
1545 183 1644 238 περὶ

253 251 427 297 τούτων
455 251 563 307 ἔχει,
608 249 666 301 ὥς
705 254 825 294 πᾶσα
853 252 980 309 τέχνη
1019 267 1066 295 τε
1097 252 1172 294 καὶ
1207 249 1418 306 ἐπιστήμη
1449 248 1643 306 ἀναγκά-

256 325 368 376 ζεται
388 320 536 364 αὐτῶν
553 318 734 376 μέτοχος
754 320 984 375 γίγνεσθαι
992 337 1004 370 3
1035 319 1126 363 Καὶ
1147 317 1286 375 μάλα,
1317 318 1417 374 ἔφη.
1453 316 1648 371 Οὐκοῦν,

255 385 312 447 ἦν
342 387 387 434 δ’
418 387 523 446 ἐγώ,
549 388 625 431 καὶ
655 385 683 443 ἡ
709 387 948 444 πολεμικῆς
980 387 1159 444 Πολλή,
1180 387 1287 444 ἔφη,
1307 384 1491 442 ἀνάγκη.
1524 390 1649 442 Παγ-

190 471 231 514 D
259 456 436 515 γέλοιον
473 459 616 513 γοῦν,
665 457 778 513 ἔφην
798 487 810 508 ,
849 455 1094 512 στρατηγὸν
1131 454 1427 511 Ἀγαμέμνονα
1467 453 1514 498 ἐν
1554 458 1651 505 ταῖς

257 527 524 583 τραγῳδίαις
555 523 825 581 Παλαμήδης
855 522 1056 571 ἑκάστοτε
1087 522 1340 580 ἀποφαίνει.
1370 521 1399 578 ἢ
1419 521 1502 566 οὐκ
1527 522 1650 566 ἐννε-

258 593 446 651 νόηκας,
494 592 561 637 ὅτι
601 593 738 649 φησὶν
778 589 974 648 ἀριθμόν
1016 591 1163 646 εὑρών
1208 589 1286 642 τάς
1329 607 1374 634 τε
1413 587 1552 642 τάξεις
1589 593 1678 646 τῷ·

261 662 540 719 στρατοπέδῳ
580 664 848 717 καταστῆσαι
882 659 930 703 ἐν
966 657 1076 714 Ἰλίῳ
1120 659 1195 703 καὶ
1225 659 1513 716 ἐξαριθμῆσαι
1541 662 1654 709 ναῦς

260 747 307 776 τε
334 731 410 776 καὶ
435 724 571 774 τᾶλλα
598 727 743 773 πάντα
764 760 776 781 ,
819 725 879 779 (ὃς
918 727 1006 782 πρὸ
1046 732 1128 772 τοῦ
1165 726 1480 784 ἀναριθμήτων
1508 725 1654 781 ὄντων

311 898 350 937 ἐν
367 899 582 947 κέφαλαίῳ]
609 896 659 939 ὥς
678 896 717 934 ἐν
737 910 818 943 κεφ.
845 898 929 934 V.en

264 949 302 984 B.
326 949 422 982 Flor.
445 948 489 982 V.
514 959 589 981 cum
613 946 714 980 editis
739 953 819 980 ante
838 946 931 1001 Bel}-

264 996 393 1029 kermn.
446 994 503 1027 Cf.
528 994 600 1027 Ion.
625 1004 658 1037 p.
683 994 763 1027 531.
788 991 840 1026 E:
868 988 930 1025 ου’-

265 1041 359 1076 κοῦν
391 1037 429 1073 ἐν
453 1052 490 1074 κ
479 1039 642 1093 Ε(μιλαίῳ
669 1036 849 1094 λέγωμεν,
876 1049 927 1076 ως

200 1100 209 1110 “
269 1100 288 1123 0
314 1099 429 1125 αυῖΟς
456 1096 636 1130 ’γνωσὲϊαι
666 1096 724 1118 αὲι,
750 1095 794 1117 ns:
781 1096 846 1137 cQL
856 1095 933 1117 τῶν

269 1132 397 1167 αὐτῶν
424 1132 570 1166 πολλῶν
602 1128 802 1183 λεῇόντων,
831 1124 933 1168 ὅστις

267 1191 307 1214 τε
351 1177 391 1213 εὖ
434 1175 528 1222 λέγει
566 1175 630 1211 καὶ
667 1173 768 1215 ὅστις
799 1176 933 1214 κακῶς.

269 1226 374 1282 Soph¹
401 1225 483 1260 232.
516 1224 567 1257 Ε·
600 1234 697 1264 αταρ
713 1219 788 1279 δὴ
800 1219 844 1256 τὸ
867 1221 935 1265 τῆς

270 1269 501 1314 ἀντιλογικῆς
517 1267 647 1323 τέχνης
667 1265 722 1312 ἀρ’
744 1280 812 1301 ουκ
827 1264 866 1301 ἐν
880 1278 937 1301 κε·-

270 1317 419 1371 φαλαίῳ
446 1315 543 1373 περὶ
561 1313 715 1349 πάντων
740 1312 837 1357 πρὸς
869 1325 936 1357 αμ-

302 1352 492 1412 ισβήτησιν
532 1358 642 1404 ἱκανή
683 1371 740 1399 τις
781 1358 939 1406 δύναμις

270 1376 506 1449 {oc-leiwan
555 1406 871 1451 Symp.196.ss:
908 1405 937 1450 ᾧ

272 1455 318 1500 δὴ
345 1453 478 1509 πρέπει
501 1450 600 1498 ἡμᾶς
612 1451 818 1508 μαρτυρίῳ
854 1453 940 1495 χρῆ-

273 1504 385 1543 σθαι,
412 1497 471 1535 ὅτι
488 1497 648 1543 ποιητὴς
669 1495 688 1532 ὁ
708 1487 829 1542 ’Έρως
850 1496 941 1541 α’γα-

273 1546 349 1588 θὸς
369 1545 408 1581 ἐν
427 1545 616 1602 κεφαλαίῳ
643 1544 770 1578 πᾶσαν
789 1544 941 1600 ποίησιν

274 1591 345 1639 τὴν
369 1591 468 1627 κατὰ
492 1580 685 1636 μουσικήν.
734 1591 804 1624 Sed
830 1588 881 1629 ιὸς
902 1587 942 1623 ἐν

275 1639 464 1685 κεφαλαίω
503 1650 578 1672 cum
611 1636 802 1678 infinitivo,
848 1636 944 1669 velut

277 1687 407 1728 εἰπεῖν,
427 1673 649 1719 ἐπανελθεῖν
667 1683 724 1718 vel
742 1682 842 1717 simili
862 1693 943 1716 con-

276 1733 366 1768 strui
389 1732 490 1765 solet.

323 1775 431 1833 τέχνη
447 1776 523 1831 τε]
535 1785 576 1810 τε
601 1787 665 1810 om.
690 1773 785 1809 Mon.
810 1774 852 1810 C.

325 1821 454 1858 αὐτων
479 1819 634 1866 μέτοχος
695 1832 771 1864 μετ.
802 1817 945 1864 αυτῶν,

278 1882 353 1917 sup.
373 1869 397 1916 β
417 1880 457 1914 α,
475 1869 575 1903 idem.
600 1879 662 1902 αν.
673 1865 827 1912 μέτοχοι
846 1866 946 1901 Vind.

325 1959 539 2017 γίγνεσθαι]
553 1958 636 2017 viv.
662 1959 764 1996 Vind.
786 1957 830 1994 F.

327 2006 455 2063 μαλα]
479 2003 562 2051 μάλ’
587 2006 679 2041 idem
702 2008 738 2039 et
758 2005 846 2050 Ang.
869 2004 912 2039 B.

329 2056 434 2101 Παγγ
439 2052 559 2088 έλοιον
577 2071 626 2078 —-
650 2049 860 2096 η’πίστατος
886 2049 945 2095 D.]

285 2101 403 2136 laudat
435 2100 533 2134 Theo
566 2100 774 2142 Smyrnaeus
798 2109 819 2132 a
843 2096 950 2131 Stau-

284 2147 419 2183 baumio
433 2146 647 2180 sinnificatus
671 2144 714 2177 de
737 2142 951 2178 arithmetica

287 2205 366 2240 pag.
390 2195 425 2228 7.
494 2192 570 2225 .de
604 2190 746 2224 Gelder.
778 2201 854 2223 cum
885 2189 950 2222 hac

285 2238 519 2295 praefatione·
540 2234 578 2270 ἐν
599 2233 639 2270 δε
654 2236 706 2282 τῷ
728 2233 874 2281 εβδόμῳ
884 2235 950 2289 τῆς

287 2284 484 2323 Πολιτείας
515 2294 602 2338 περι
622 2271 872 2336 αρνθμητικῆς
895 2278 951 2314 λε’·-

287 2343 362 2376 ymv
391 2343 443 2370 ως
471 2328 547 2365 έστι
562 2325 854 2383 ἀναγκαιοτάτη
881 2338 952 2360 πα-

289 2378 364 2413 σῶν
385 2375 523 2431 φησὶν,
550 2373 710 2428 ε’πειτα,
722 2367 769 2417 ἧς
794 2373 854 2407 δεῖ
880 2370 953 2406 ποί-

290 2435 372 2462 σαις
392 2423 457 2466 μὲν
474 2421 632 2478 τέχναις,
656 2417 711 2454 dtc'
715 2430 795 2459 σαις
815 2417 854 2454 δε
874 2420 954 2454 δια·

289 2469 410 2509 volcas
443 2467 508 2502 καὶ
545 2464 762 2522 ἐπιστήμαις
804 2465 869 2500 καὶ
908 2465 953 2509 τῇ

289 2517 379 2550 πολε
365 2527 478 2559 εμικῃ.
499 2510 721 2557 παγγέλοιον
739 2517 804 2546 etc.
821 2511 956 2555 πανγέ-

291 2564 392 2596 λοιον
418 2565 483 2594 etc.
509 2561 610 2593 Vind
635 2559 676 2592 F.

337 2606 453 2651 γοῦν]
480 2599 550 2639 οὖν
573 2604 675 2641 Vind.
698 2603 771 2638 ΒΕ.
798 2603 891 2638 Mon,
914 2604 955 2637 C.

293 2655 378 2687 V-en
411 2653 452 2686 B.
497 2652 574 2684 Nat.
608 2651 650 2684 H.
695 2650 792 2683 Flor.
816 2649 956 2685 ACTV.

292 2700 411 2734 Astius
445 2698 480 2732 in
512 2710 581 2733 sec.
615 2700 651 2731 et
684 2698 765 2730 tert.
789 2700 825 2730 et
849 2695 956 2730 Stall-

292 2744 470 2786 mumius,
507 2743 559 2777 cui
593 2742 882 2785 „sententiarum
899 2753 955 2776 ra-

1058 897 1133 932 id
1163 897 1338 944 postulare
1371 899 1447 933 visa
1469 905 1534 933 est.
1581 899 1655 933 Sed

987 945 1218 981 necessariam
1240 945 1438 990 imperatori
1462 945 1664 984 arithmeti-,

988 1003 1051 1026 cen
1074 1003 1149 1025 esse
1180 1003 1394 1037 nequaquam
1419 992 1528 1025 adhuc
1552 991 1654 1026 dictis

987 1039 1038 1073 ita
1061 1039 1243 1082 probatum
1264 1041 1359 1079 erat,
1391 1041 1430 1071 ut
1454 1039 1654 1072 concludere

991 1096 1033 1118 ex
1064 1084 1113 1118 eis
1144 1083 1281 1117 Socrati
1312 1083 1433 1117 liceret
1465 1083 1654 1129 perridicu-

990 1133 1059 1165 lum
1091 1129 1163 1163 eius
1195 1129 1375 1163 inscientia
1417 1130 1655 1174 imperatorem

990 1176 1066 1210 fieri
1098 1176 1401 1219 Agamemnonem3
1447 1188 1557 1220 neque
1575 1201 1586 1217 ,
1625 1175 1657 1210 si

992 1225 1085 1256 esset
1131 1222 1340 1267 probatum,
1396 1222 1658 1267 Agamemnonis

992 1267 1306 1302 commemoratione
1330 1279 1416 1312 opus
1441 1272 1527 1301 erat.
1565 1267 1660 1301 Con-,-

992 1320 1049 1348 tra
1073 1325 1132 1356 eo,
1170 1313 1260 1359 quod
1298 1314 1506 1347 exadversus
1529 1312 1661 1347 numeri

994 1361 1205 1396 inventorem
1237 1371 1305 1394 non
1337 1364 1455 1405 posset
1486 1371 1553 1395 non
1575 1359 1662 1394 ridi-

996 1407 1090 1441 culus
1111 1405 1297 1450 imperator
1320 1406 1451 1447 videri,
1482 1406 1573 1440 haud
1598 1406 1662 1439 du-

996 1453 1054 1487 bie
1081 1451 1266 1485 verisimile
1297 1453 1405 1486 fiebat
1437 1451 1519 1485 belli
1542 1452 1663 1486 ducem

998 1506 1139 1543 gnarum
1164 1498 1398 1532 arithmeticae
1423 1509 1499 1532 esse
1521 1498 1660 1531 debere.
1710 1532 1715 1534 ,

997 1546 1122 1590 Itaque
1161 1545 1350 1588 argumenti
1383 1544 1457 1578 loco
1499 1544 1664 1578 Socrates

997 1592 1063 1625 hoc
1085 1591 1197 1635 ipsum
1220 1602 1353 1624 sumens
1375 1592 1474 1624 Certe
1492 1591 1596 1624 valde
1613 1590 1666 1624 ri-

1000 1639 1173 1678 diculrm,
1195 1636 1329 1682 inquit,
1353 1638 1596 1681 imperatorem
1615 1637 1666 1670 A-

999 1694 1280 1729 gamemnonem
1291 1684 1327 1717 in
1347 1683 1484 1726 fabulis
1501 1683 1666 1716 Palame-

1002 1730 1062 1764 des
1097 1731 1222 1771 facere
1255 1730 1343 1763 solet
1382 1734 1423 1762 ut
1467 1729 1666 1763 habeamus.

1002 1775 1113 1820 ipsam
1146 1786 1228 1808 vero
1268 1774 1507 1809 necessitatem
1541 1775 1577 1808 in
1609 1785 1666 1807 se-

1002 1820 1184 1874 quentibus
1217 1819 1385 1855 Glauconi
1418 1820 1668 1875 agnoscendam

1002 1866 1179 1922 proponit:
1212 1862 1301 1901 αλλο
1332 1879 1369 1901 τι
1394 1867 1465 1901 οῦν
1503 1863 1667 1911 μάθημα

1005 1910 1212 1956 ἀναγκαῖον
1245 1916 1311 1947 etc.
1380 1913 1438 1947 Ex
1480 1912 1534 1948 his
1574 1912 1667 1967 γοῦν

1004 1958 1229 2012 aptissimum,
1253 1959 1324 1994 οὐν
1347 1959 1499 2005 ineptum
1518 1970 1595 1994 esse
1612 1958 1667 1992 in-

1002 2003 1179 2060 telligitur.

1051 2047 1169 2096 ἔφην]
1207 2047 1279 2095 ε’φη
1303 2049 1406 2086 Vind.
1430 2051 1470 2086 F.
1505 2050 1598 2085 Mon.
1623 2051 1666 2086 C.

1005 2098 1092 2140 Aug.
1114 2097 1153 2131 B.
1177 2097 1254 2131 Ald.
1279 2097 1360 2132 Bas.
1385 2098 1439 2130 ab.
1465 2109 1530 2132 om.
1556 2097 1666 2133 Theo.

1050 2141 1074 2187 ἢ
1095 2154 1163 2177 ονκ
1180 2139 1399 2200 εννενόηκας
1412 2169 1422 2186 ,
1448 2138 1507 2177 ότι
1526 2142 1664 2188 φησιν]
1695 2143 1735 2185 D

1007 2188 1099 2246 φησι
1117 2201 1186 2243 γαρ
1205 2189 1315 2224 Theo.
1340 2186 1574 2246 (ἐννεόηκας
1569 2190 1667 2224 Vind.

1008 2237 1052 2270 Ε.
1076 2232 1389 2289 ἐνενοηκαςῩίηό.
1401 2235 1445 2269 F.
1471 2224 1670 2278 ἕννεόησας

1009 2294 1084 2316 cum
1107 2293 1129 2315 ν
1152 2293 1255 2326 super
1280 2278 1301 2316 6
1324 2282 1417 2315 Mon.
1443 2281 1505 2324 C.)
1551 2282 1670 2316 Veiba

1009 2329 1104 2382 ipsa,
1130 2339 1218 2372 quae
1241 2331 1449 2372 sequuntur,
1482 2326 1672 2361 Palamedis

1009 2374 1175 2408 incertum
1208 2378 1262 2407 est
1293 2374 1337 2407 ad
1369 2385 1470 2407 unam
1503 2374 1673 2418 quandam

1010 2420 1159 2454 fabulam
1189 2419 1404 2465 pertineant,
1439 2419 1475 2453 in
1505 2431 1574 2464 qua
1605 2433 1670 2453 nu-

1013 2478 1106 2500 mero
1134 2467 1273 2500 invento
1302 2467 1438 2500 ordines
1457 2466 1672 2500 constituisse

1014 2513 1178 2547 exercitui
1201 2518 1235 2546 et
1256 2524 1361 2546 naves
1381 2513 1596 2557 reliquasque
1617 2523 1671 2546 res

955 2588 958 2590 ,
1014 2570 1127 2592 omnes
1147 2570 1359 2592 enumerasse
1378 2558 1603 2602 gloriaretur,
1627 2569 1670 2592 an

1012 2604 1165 2649 pluribus
1189 2616 1395 2638 communem
1418 2604 1527 2638 locum
1551 2606 1587 2637 et
1608 2605 1671 2638 be-

1011 2650 1209 2684 neficiorum
1249 2650 1391 2684 istorum
1433 2661 1673 2684 commemora-

1012 2696 1136 2730 tionem
1160 2696 1365 2741 respiciant,
1396 2697 1529 2741 qualem
1560 2699 1596 2729 et
1619 2697 1672 2730 fa-

1010 2742 1110 2777 bulae
1133 2746 1364 2786 argumentum
1386 2742 1601 2788 requirebat,
1637 2748 1673 2776 et
