1807 3219
242 544 312 579 520

334 148 420 189 270

782 142 1265 190 PLATONIS

334 261 467 302 τοῦτο
497 256 634 313 με’λει,
666 255 786 307 ὅπως
817 256 865 299 ἕν
894 274 936 300 τι
965 258 1093 313 γένος
1121 258 1169 302 ἐν
1199 258 1325 303 πόλει
1355 257 1658 315 διαφερόντως
1678 254 1728 303 εὖ

335 325 511 380 πράξει,
548 323 647 369 ἀλλ’
683 325 731 368 ἐν
764 324 842 381 ὅλῃ
873 329 925 382 τῇ
955 326 1080 371 πόλει
1113 331 1244 371 τοῦτο
1276 331 1521 383 μηχανᾶται
1561 327 1728 383 ἐγγενέ-

338 400 444 438 σθαι
475 391 784 448 ξυναρμόττων
813 394 918 445 τούς
947 397 1125 447 πολίτας
1160 401 1312 439 πειθοῖ
1345 413 1389 440 τε
1428 396 1502 439 καὶ
1543 394 1730 454 ἀνάγκῃ,

336 465 478 505 ποιῶν
499 461 783 517 μεταδιδόναι
813 460 1017 518 ἀλλήλοις
1035 468 1113 521 τῆς
1134 463 1366 519 ω’φελείας,
1397 463 1454 520 ἣν
1477 464 1534 508 ἂν
1557 465 1731 509 ἕκαστοι

336 531 388 573 τὸ
430 529 587 572 κοινὸν
629 530 812 574 δυνατοὶ
846 525 969 576 αἷσιν,
999 530 1208 588 ὠφελεῖν,
1257 534 1331 576 καὶ
1371 532 1505 585 αὐτὸς
1534 533 1731 590 ἐμποιῶν

337 596 569 648 τοιούτους
600 597 767 652 ἄνδρας
796 598 842 641 ἐν
875 604 929 656 τῇ
959 599 1106 653 πόλει,
1139 600 1220 656 οὐχ
1251 603 1325 644 ἵνα
1355 600 1467 659 α’φίῃ
1493 602 1734 656 τρέπεσθαι

338 665 424 722 ὅπη
456 666 636 717 ἕκαστος
664 666 892 723 βούλεται,
925 665 1030 711 ἄλλ’
1046 670 1118 712 ἴνα
1137 674 1404 726 καταχρῆται
1423 669 1557 722 αὐτὸς
1582 669 1733 722 αὐτοῖς

337 734 406 778 ἐπὶ
435 733 514 778 τὰν
547 733 790 791 ξύνδεσμον
820 739 895 792 τῆς
923 736 1102 789 πόλεως.

1159 737 1342 795 Ἀληθῆ,
1374 739 1482 795 ε’·φη
1515 739 1732 783 ἐπελαθό-

334 819 422 861 μην
447 802 547 861 γάρ.
586 803 761 857 Σκέψαι
789 810 968 860 τοίνυν,
1001 804 1149 860 εἷπον,
1183 808 1217 851 ὠ
1252 806 1494 862 Γλαύκων,
1534 807 1601 852 ὅτι
1634 806 1732 853 οὐδ’

332 977 649 1033 interpretationem
690 981 790 1015 alteri
833 980 1004 1025 piwaefexo,

335 1036 435 1069 quam
466 1022 652 1069 μέμνημαι
688 1027 768 1061 illud
814 1027 1003 1061 Glauconis

337 1071 376 1106 L.
402 1072 443 1105 V.
468 1083 501 1115 p.
528 1074 606 1106 466.
623 1074 663 1107 A.
690 1074 923 1107 commendare
940 1073 1004 1107 all-

337 1117 392 1150 cui
411 1117 533 1161 possit,
559 1122 596 1151 ut
615 1120 778 1153 Socrates
803 1121 866 1153 hoc
891 1120 1002 1153 dicat:

335 1165 436 1197 semel
458 1169 497 1197 tu
517 1166 745 1206 recordatus,
772 1168 896 1200 iterum
919 1167 1006 1199 obli-

334 1215 390 1244 tus
424 1222 468 1243 es.
500 1211 588 1244 ¹Sed
615 1213 812 1245 utnamlibet
848 1212 1004 1246 adscive-

335 1256 406 1297 ris,
443 1253 557 1289 πάλιν
599 1268 702 1301 snpra
746 1258 1002 1312 interpolatoris

335 1282 471 1347 cap’tum
495 1303 602 1336 fuisse
625 1305 800 1337 fateberis.
827 1301 1003 1343 πολλάκις

333 1359 416 1382 vero
441 1349 626 1382 obtrudere
644 1349 779 1384 Platoni
805 1362 871 1384 non
896 1351 1000 1383 debe-

331 1395 418 1438 bat,
453 1406 557 1439 quum
577 1407 615 1429 ie
650 1408 734 1430 vera
759 1409 823 1430 non
858 1397 1001 1441 amplius

332 1442 385 1474 bis
410 1441 537 1474 dictum
571 1442 605 1475 in
631 1443 863 1486 superioribus
900 1447 1000 1479 esset.

332 1488 414 1522 Non
439 1487 549 1544 magis
582 1489 729 1522 feliciter
754 1489 784 1522 ei
809 1489 843 1522 in
868 1489 1003 1522 nomine

333 1532 519 1577 δυνατὸν,
545 1536 635 1581 quod
661 1534 740 1569 ante
763 1536 878 1569 τοῦτο
903 1528 1006 1578 με’λει

331 1592 514 1626 superesse
549 1583 708 1625 videbat,
753 1594 828 1616 cum
871 1583 1004 1627 reliqua

333 1627 486 1661 oratione
527 1628 753 1663 eonstxuendo
789 1640 844 1663 res
885 1629 1002 1670 cessit,

276 1673 285 1674 ’
331 1686 442 1720 neque
484 1674 519 1707 in
555 1676 734 1709 verborum
776 1676 1000 1720 μηχανᾶται,

276 2410 312 2452 Ε

332 1718 596 1764 ξυναρμόττων
632 1726 667 1755 et
691 1722 898 1767 reliquorum
923 1723 1004 1755 sub-

331 1768 420 1801 iecto
446 1768 643 1802 coniectura
668 1780 743 1802 eum
776 1781 842 1802 non
869 1768 1004 1811 fefellit,

333 1818 372 1851 ut
395 1814 510 1860 paullo
535 1818 614 1859 post
638 1815 829 1859 apparebit.

383 1881 428 1919 ὃν
447 1879 621 1928 ἄμεινον]
654 1884 708 1918 Ita
731 1884 811 1919 Par.
835 1885 876 1918 A.
902 1883 1003 1918 Vind.

334 1931 379 1966 F
403 1934 489 1974 Ang.
514 1932 555 1964 Β.
581 1931 673 1965 Flor.
698 1931 742 1965 R.
775 1935 811 1964 et
845 1942 867 1965 a
897 1943 938 1964 m.
974 1941 1009 1965 5.,

336 1979 423 2014 Ven.
449 1979 490 2011 C.
531 1973 684 2019 ἄμεινον
710 1973 756 2012 ὅν
788 1977 889 2012 vind.
926 1977 1002 2011 ΒΕ.

336 2024 432 2059 Mon.
459 2024 500 2058 C.
547 2023 627 2078 V,³t·
653 2024 698 2057 H.
742 2024 834 2057 Flor.
860 2023 1002 2058 ACTV.

338 2070 462 2104 Stallb.
488 2081 540 2114 pr.
567 2065 722 2112 ἄμεινον
747 2069 832 2104 Ven.
852 2071 893 2103 B.
919 2069 1004 2103 editi

337 2121 417 2150 ante
439 2117 654 2157 Bekkerum3
679 2128 746 2161 qua
769 2116 914 2150 lectione
938 2127 1005 2149 non

335 2163 458 2196 iterum
480 2162 528 2196 uti
541 2162 690 2195 debebat
703 2163 872 2196 Matthiae
889 2173 1005 2206 gram-

335 2212 418 2243 mat.
452 2220 487 2253 p.
514 2210 613 2243 1112.
639 2212 678 2242 ut
701 2209 811 2242 omitti
835 2209 899 2243 hoc
924 2219 1004 2253 par-

334 2255 490 2299 ticipium
524 2266 626 2300 posse
667 2255 817 2288 doceret.
875 2255 1006 2295 Quam-

335 2313 438 2346 quam
469 2301 533 2335 hoc
572 2301 684 2346 ipsum
724 2306 820 2336 recte
851 2304 1006 2336 statuere

335 2347 483 2382 videtur.

383 2402 521 2449 πάλιν]
550 2417 615 2439 om.
643 2404 717 2438 Fic.

338 2461 1004 2545 WQQQQQQQ

380 2522 420 2543 on
570 2521 610 2542 en
763 2520 781 2541 n
873 2535 881 2542 .
957 2520 975 2542 a

337 2557 383 2592 H.
409 2556 500 2589 Flor.
511 2555 684 2589 AGRTV.
709 2555 773 2588 hoc
784 2520 854 2595 {sn
878 2566 1004 2597 omnes,

335 2602 395 2647 qui
419 2602 587 2646 integrum
604 2602 692 2635 hunc
711 2601 820 2634 locum
831 2601 1000 2635 exhibent.

335 2648 414 2684 Nec
438 2648 538 2682 aliter
561 2648 596 2682 in
621 2649 855 2692 supplemento
879 2647 1003 2682 Veneti

338 2696 380 2729 C.
405 2694 570 2739 scriptum
594 2697 666 2735 est,
691 2697 728 2727 et
750 2693 890 2727 Ficinus
916 2706 1001 2749 quo-

337 2752 405 2787 que
430 2741 502 2785 legi
523 2740 648 2792 posuit.
696 2740 816 2785 Itaque
839 2738 1001 2783 νομοθέ-

337 2799 383 2833 τῃ
397 2812 407 2831 ,
446 2787 537 2832 quod
561 2786 597 2820 in
619 2786 774 2820 omnibus
797 2786 1002 2820 editionibus

340 2837 473 2877 exstat,
506 2831 630 2867 1111113111
662 2843 684 2867 a
717 2831 879 2867 librorum
901 2832 1001 2867 testi·

1061 979 1171 1014 monio
1196 978 1433 1014 auctoritatem
1460 979 1575 1015 habet.
1599 981 1645 1014 At
1665 992 1729 1026 per

1061 1038 1099 1060 se
1124 1027 1286 1070 optimum
1311 1029 1376 1059 est.
1424 1027 1548 1070 Neque
1571 1039 1651 1060 vero
1676 1027 1729 1061 al-

1062 1077 1173 1106 tetum
1198 1073 1359 1128 ineptum.
1413 1073 1469 1106 Cf.
1495 1074 1584 1107 Tim.
1610 1085 1642 1117 p.
1669 1076 1725 1107 24.

1061 1120 1109 1152 B:
1136 1116 1178 1152 τὸ
1203 1115 1234 1152 δ’
1257 1118 1304 1152 αὖ
1327 1117 1411 1162 περὶ
1428 1119 1494 1163 τῆς
1510 1118 1728 1174 φρονήσεως

1059 1162 1158 1222 ὁρᾷς
1179 1176 1252 1198 που
1269 1162 1338 1198 τὸν
1358 1177 1379 1198 ν
1377 1163 1516 1221 ’‘ditov
1528 1166 1617 1210 τῇδε
1635 1162 1727 1221 ὅσην

1063 1202 1351 1267 ἐπιμέλειαν
1369 1208 1646 1255 ἐποιήσατο
1668 1209 1728 1245 εὕ-

1059 1255 1141 1297 θύς
1156 1269 1224 1290 κατ
1258 1254 1375 1300 οἷρχὰς
1402 1258 1488 1301 περί
1515 1269 1554 1291 τε
1573 1256 1642 1292 τὸν
1665 1255 1728 1292 κό-

1061 1314 1154 1347 σμον
1173 1299 1326 1336 ἅπαντα
1345 1302 1450 1358 μέχρι
1468 1304 1653 1360 μαντικῆς
1665 1303 1729 1339 καὶ

1062 1350 1232 1405 ἰατρικῆς
1250 1348 1346 1393 πρὸς
1366 1347 1510 1393 νγίειαν
1532 1348 1570 1384 ἐκ
1585 1348 1731 1384 τούτων

1058 1397 1176 1430 θείων
1211 1392 1332 1430 ὄντων
1354 1397 1406 1435 εἰς
1432 1394 1479 1430 τὰ
1492 1394 1731 1451 ἀνθρώπινα

1061 1439 1086 1475 ἅ
1097 1455 1118 1476 ν
1132 1454 1176 1476 εν
1190 1455 1209 1486 ρ
1224 1454 1251 1475 ω
1264 1455 1298 1485 ν,
1326 1438 1397 1476 όσα
1415 1454 1454 1476 τε
1476 1439 1570 1476 ἄλλα
1581 1441 1731 1482 τούτοις

1060 1486 1188 1523 ἕπεται
1211 1487 1441 1533 μαθήματα,
1476 1487 1603 1523 πάντα
1626 1501 1731 1533 κτη-

1064 1546 1083 1569 σ
1096 1533 1153 1578 οἱμ
1167 1546 1181 1568 ε
1192 1547 1213 1568 ν
1228 1547 1246 1568 ο
1261 1547 1287 1574 ς.
1337 1536 1514 1569 simillima
1538 1536 1590 1570 his
1614 1542 1732 1570 nostro

1061 1582 1135 1615 loco
1169 1579 1288 1624 μέλει,
1322 1582 1557 1625 μηχανᾶται,
1600 1581 1731 1624 ξυναρ-

1062 1626 1232 1672 μόττων,
1258 1628 1379 1662 ποιῶν
1407 1625 1734 1668 113110111115.αν’τός

1062 1654 1232 1730 ἐμποιων7
1253 1686 1335 1708 vero
1362 1678 1397 1707 et
1422 1673 1484 1708 ι’νοι
1502 1676 1734 1719 καταχρῆται

1064 1718 1186 1760 αυτὸς
1220 1721 1249 1754 si
1285 1720 1361 1765 quis
1384 1721 1474 1754 iusto
1500 1721 1664 1755 audacius
1689 1722 1732 1755 de

1061 1768 1138 1812 ipsa
1162 1767 1238 1810 lege
1272 1767 1465 1812 praedicari
1500 1772 1659 1809 censeat,
1691 1768 1734 1801 de

1062 1813 1258 1858 legislatore
1305 1813 1397 1848 dicta
1442 1816 1542 1860 putet
1577 1814 1734 1860 enallage

1060 1860 1231 1895 facillima.

1107 1953 1248 1998 τοῦτο]
1286 1953 1363 1987 Hoc
1395 1964 1531 1999 quoque
1556 1952 1599 1986 ob
1623 1952 1730 1987 libro-

1062 2011 1138 2033 rum
1172 1999 1411 2033 auctoritatem
1446 1999 1480 2033 in
1513 1999 1621 2033 locum
1653 2000 1729 2033 vul-

1061 2046 1134 2090 gati
1157 2043 1318 2088 τούτου,
1354 2046 1444 2089 quod
1476 2051 1607 2078 tantum
1641 2045 1727 2081 Lob.

1061 2094 1147 2127 Ven.
1172 2093 1214 2127 B.
1251 2093 1330 2125 vat.
1355 2092 1404 2126 M.
1438 2091 1613 2133 exhibent,
1648 2093 1729 2126 sub-

1061 2138 1266 2172 stituendum
1303 2138 1435 2183 putavi.
1505 2138 1652 2182 Legitur
1692 2138 1729 2172 in

1062 2185 1141 2218 Par.
1179 2185 1218 2218 A.
1269 2184 1366 2218 Vind.
1400 2184 1507 2217 BEF.
1556 2184 1649 2218 Mon.
1686 2184 1727 2219 C.

1063 2232 1148 2264 Ven.
1174 2230 1214 2264 C.
1250 2231 1288 2273 (a
1313 2242 1354 2264 m.
1380 2231 1428 2274 s.)
1460 2232 1546 2274 Aug.
1572 2230 1611 2264 B.
1646 2231 1726 2266 Vat.

1062 2278 1107 2311 H.
1159 2277 1210 2310 De
1235 2277 1315 2310 Par.
1340 2277 1416 2310 DK.
1451 2277 1531 2310 vat.
1557 2277 1598 2310 B.
1624 2287 1729 2321 supra

1062 2324 1189 2357 dictum
1226 2326 1291 2357 est.
1337 2323 1413 2356 Nec
1454 2334 1519 2356 non
1564 2323 1729 2357 accedere

1061 2370 1222 2403 videntur
1256 2369 1350 2402 Flor.
1383 2369 1556 2404 ACRTV.
1603 2369 1726 2414 quibus

1063 2414 1336 2449 Stallbaumius
1326 2427 1362 2448 111
1381 2427 1433 2460 pr.
1458 2416 1510 2459 (in
1529 2426 1597 2448 sec.
1617 2426 1727 2468 neque

1062 2462 1127 2495 hoe
1152 2473 1262 2506 neque
1285 2459 1387 2507 νόμῳ
1413 2462 1727 2495 commemoratione
1785 2461 1790 2462 ⁷

1062 2508 1200 2552 dignum
1237 2497 1404 2552 putavit.)
1438 2505 1560 2541 τούτω
1593 2507 1725 2542 tribuit.

1063 2554 1118 2588 Cf.
1151 2566 1184 2599 p.
1211 2554 1289 2589 538.
1327 2554 1368 2588 C.
1399 2557 1434 2587 et
1469 2553 1602 2587 Timaei
1632 2553 1726 2587 locus

1058 2601 1156 2634 modo
1181 2601 1327 2642 citatus,
1352 2601 1408 2645 qui
1418 2601 1540 2657 paullo
1565 2603 1643 2633 ante
1667 2599 1726 2634 illa

1057 2647 1144 2681 haec
1161 2647 1282 2680 habet·
1306 2644 1362 2686 οἷς
1382 2644 1493 2681 ουδὲν
1513 2641 1600 2680 ἄλλο
1609 2643 1725 2702 πλὴν

1057 2691 1106 2727 τὰ
1136 2691 1221 2737 περὶ
1247 2704 1316 2727 τον
1349 2691 1514 2736 πόλεμον
1544 2688 1621 2726 υπὸ
1653 2691 1724 2726 τοῦ

1058 2737 1178 2782 νόμον
1196 2737 1433 2784 προσετάχθη]
1450 2737 1584 2783 μέλειν.
1608 2738 1724 2772 Etiam

1057 2786 1259 2829 Bemhardy
1302 2791 1393 2829 synt.
1428 2797 1462 2831 p.
1498 2785 1576 2821 150.
1606 2784 1723 2819 τοῦτο

1057 2832 1090 2866 11.
1115 2831 1137 2867 l.
1162 2830 1392 2878 recipiendum
1414 2831 1661 2877 suspicabatur.
