1807 3219
388 185 728 229 CIVITAS
771 181 1078 228 LIB.V.460
1142 245 1145 246 f

1382 182 1440 223 49

55 301 160 354 φοῖς
189 296 516 352 παραδώσουσι.
561 298 741 355 Πολλὴν
771 294 1024 356 ῥᾳστώνην,
1057 292 1166 349 ἔφη,
1197 291 1335 348 λέγεις
1363 295 1439 349 τῆς

52 368 338 419 παιδοποιίας
375 372 470 419 ταῖς
512 371 602 411 τῶν
641 365 855 422 φυλάκων
893 363 1079 421 γυναιξί.

1139 360 1305 416 Πρέπει
1343 361 1437 416 γὰρ,

51 430 108 492 ἦν
149 434 195 480 δ’
235 435 328 492 ἐγώ.
371 435 422 480 τὸ
461 435 503 480 δ’
548 435 702 491 ἐφεξῆς
744 433 988 489 διέλθωμεν
1016 430 1041 475 ὃ
1069 428 1438 486 προθυμούμεθα.

51 504 220 560 ἔφαμεν
257 503 342 560 γάρ
384 503 437 562 δὴ
481 503 523 556 ἐξ
563 502 847 558 ἀκμαζόντων
885 503 977 545 δεῖν
1018 498 1071 543 τὰ
1101 498 1259 554 ἔκγονοι
1287 500 1437 554 γίγνε-

52 578 172 616 σθαι.
228 571 400 629 Ἀληθῆ.
450 566 540 627 ’Ἆρ’
579 567 661 617 οὖν
707 584 779 617 σοι
819 572 1023 624 ξυνδοκεῖ
1062 567 1238 624 μέτριος
1275 565 1435 621 χρόνος
1463 574 1499 616 Ε

52 640 193 698 ἀκμῆς
222 640 275 685 τὰ
306 642 470 685 εἴκοσιν
501 640 571 698 ἔτη
600 640 802 697 γυναικὶ.
845 636 976 694 ἀνδρὶ
1006 636 1053 681 δὲ
1092 635 1146 680 τὰ
1175 633 1438 689 ‘condumam

50 744 209 778 notabilis
243 747 296 779 est
331 743 429 778 medii
459 754 541 778 usus
559 768 570 787 ‚
615 755 716 790 quem

48 791 165 835 tetigit
198 790 398 834 Bernhardy
434 791 456 824 l.
491 803 520 824 c.
560 802 594 835 p.
633 789 712 826 344.

49 849 112 883 pro
137 848 204 880 quo
237 836 471 871 Antiatticista
501 848 536 882 p.
563 838 630 878 99,
658 839 712 872 13.

50 881 226 927 θηλάζειν
250 895 291 916 ex
312 883 397 916 libro
416 883 520 916 tertio
539 882 714 924 Civitatis,

50 929 86 963 in
110 940 176 974 quo
200 941 266 964 non
284 929 429 973 legitur,
453 929 602 962 afferens
627 929 713 962 acti-

49 986 128 1009 vum
152 975 187 1008 in
212 987 273 1009 suo
299 975 415 1009 codice
429 975 598 1008 invenisse
612 975 714 1008 vide—

50 1026 128 1063 tur,
152 1021 218 1055 nisi
242 1023 333 1055 forte
355 1021 592 1054 Atticistarum
610 1032 714 1065 prae-

51 1073 151 1113 cepto
164 1093 174 1109 ‚
199 1078 284 1113 quos
311 1067 507 1100 Lobeckius
526 1067 569 1100 ad
583 1067 710 1110 Phryn.

50 1125 86 1159 p.
121 1114 200 1149 468.
245 1113 287 1147 de
330 1113 491 1156 matribus
524 1110 711 1156 θηλάζειν,

50 1171 126 1193 nnn·
163 1157 398 1203 θηλάζεσθαι
447 1159 713 1204 praedicandum

50 1205 204 1239 docuisse
253 1205 402 1239 ostendit
419 1229 429 1246 ‚
478 1206 567 1238 hunc
606 1209 714 1249 ipsum

48 1251 203 1285 Platonis
226 1251 335 1287 locum
359 1251 517 1295 opposuit
532 1256 567 1284 et
586 1250 636 1284 ita
660 1250 714 1283 in-

48 1297 156 1341 teuigi
205 1297 334 1339 voluit,
381 1301 420 1330 ut
466 1297 494 1329 si
535 1293 713 1340 θηλάζειν

50 1340 239 1386 ἀξιοῦσιν,
273 1340 319 1377 ου’
343 1339 575 1386 θηλάζεσθαι
598 1339 713 1386 λέγειν

48 1389 264 1434 εοῑίρεῐεεοῐς
297 1389 330 1422 id
354 1389 443 1433 quod
475 1389 616 1422 aiteram
641 1388 713 1421 eius

47 1436 213 1480 glossam:
250 1433 425 1479 θηλάζει·
456 1431 540 1468 ἀντὶ
564 1434 632 1468 τοῦ
659 1434 712 1468 δί-

47 1482 139 1516 δωσι
161 1479 294 1525 θηλήν.
322 1478 504 1525 Φρύνιχος
517 1477 711 1525 Μονοτρό·

46 1539 116 1574 περ.
152 1527 362 1572 comparanti
399 1527 506 1571 magis
532 1527 714 1561 verisimile

47 1574 99 1607 fit.
147 1573 200 1607 De
225 1574 434 1608 lactantibus
462 1573 518 1606 hic
543 1573 619 1617 agi,
648 1585 714 1606 non

46 1620 90 1653 de
113 1621 329 1660 lactentibus,
351 1620 459 1654 verba
477 1616 606 1654 αὐτῶν
622 1616 715 1657 ,τού-

46 1677 122 1700 των
146 1666 390 1700 demonstrant.

93 1709 314 1756 ἀγρυπνίας-Ι
334 1708 556 1756 ἀργυπνίαις
576 1711 655 1746 Vat.
667 1711 713 1745 H.

47 1754 272 1802 ἀγρυπνίαις
295 1757 386 1791 Flor.
413 1758 552 1792 ACTV.

93 1802 161 1838 τὸν
190 1800 302 1838 ἄλλον
326 1801 461 1847 πόνον]
489 1803 567 1837 τῶν
593 1798 714 1837 ἄλλων

47 1847 178 1884 πόνων
216 1851 294 1884 Vat.
321 1851 366 1884 H.
402 1850 496 1884 Flor.
521 1850 564 1883 V.
589 1861 716 1895 perpe-

47 1907 132 1930 ram.

94 1941 267 1986 τίτθαις]
291 1943 375 1981 ταῖς
397 1940 546 1981 τίτθαις
571 1942 655 1986 Ang.
671 1942 711 1976 B.

48 1987 141 2022 Flor.
168 1988 210 2021 R.
255 1989 404 2028 τιτθαῖς
436 1989 515 2021 Par.
547 1990 589 2022 A.
627 1992 664 2021 et
693 1999 715 2022 a

49 2045 92 2068 m.
119 2045 169 2079 pr.
196 2033 296 2068 Vind.
323 2035 371 2079 F„
388 2035 575 2077 Bekkerus,
595 2034 714 2068 Astius

48 2080 83 2114 in
106 2084 186 2161 2⁶5&
211 2080 264 2114 ed.
291 2084 326 2114 et
349 2080 472 2115 Stallb.
511 2080 566 2114 cf.
590 2081 666 2114 Vol.
683 2080 711 2114 Ι.

75 2150 84 2160 .
156 2152 165 2169 ,
193 2138 223 2160 a.

49 2138 72 2172 P
96 2173 153 2215 τε]
179 2184 218 2216 γε
241 2171 395 2206 Vind.F.
414 2172 549 2216 Ang.B.
567 2172 658 2206 Flor.
669 2172 712 2206 R.

95 2218 284 2262 τροφοῖς]
333 2218 479 2262 τροφῆς
527 2218 626 2252 Vind.
670 2219 713 2252 E.

49 2263 124 2298 Has
148 2264 285 2297 Ficinus
309 2276 384 2297 cum
414 2265 481 2298 inis
509 2264 714 2310 coniungens

50 2313 110 2344 aut
140 2309 286 2344 Latinae
316 2309 453 2354 linguae
485 2310 601 2355 inopia
624 2322 715 2344 com-

49 2356 167 2402 pulsus
190 2360 323 2388 tantum
346 2356 535 2389 nutricibus
560 2356 684 2399 posuit.

49 2399 713 2492 Βεῖἓὲἵυῖώσῖᾏῗὲῖαἶῖἕῗῖἓῖἕωσιν·

95 2494 200 2536 ταῖς]
235 2493 322 2537 τῆς,
348 2505 422 2538 sup.
450 2495 512 2536 αῖ,
546 2494 646 2528 Vind.
669 2495 710 2529 F.

94 2539 267 2584 γυναιξί]
291 2538 470 2583 γυναιξίν.
496 2540 686 2575 Bekkerus.

97 2582 242 2630 ἐφεξῆς]
268 2582 326 2629 ἐφ’
351 2583 435 2629 ἑξῆς
458 2585 533 2618 Ald.
558 2587 637 2620 Bas.
655 2588 709 2621 ab.

49 2628 94 2666 τὸ
109 2628 162 2666 ’δ’
187 2630 377 2676 ἐφεξῆς-
400 2630 462 2665 καὶ
487 2630 711 2676 φρονήσεως.

49 2687 129 2722 pag.
152 2678 232 2712 461.
266 2679 305 2711 A.
341 2678 513 2722 excerpsit
543 2679 713 2713 Stobaeus

50 2734 150 2756 serm.
178 2724 287 2758 CXV.
312 2735 345 2769 p.
372 2723 451 2759 594.

97 2763 144 2812 ὃς]
170 2763 213 2813 οἷ,
238 2781 312 2814 sup.
335 2770 491 2814 vulgato,
515 2769 599 2803 ven.
624 2770 666 2803 B.

95 2814 425 2860 προθυμούμεθα]
448 2813 712 2859 προμηθούμε-

49 2859 107 2894 &a
131 2861 216 2895 Lob.
242 2862 333 2896 Mon.
364 2863 406 2896 Β.
436 2863 514 2896 vat.
526 2862 605 2896 BM.
628 2862 712 2896 Ven.

121 2919 329 2962 ΡιΑτοΝῐε
362 2921 437 2961 ΟΡ.
469 2920 517 2960 11.

774 743 815 777 C.
842 745 878 776 et
899 741 960 775 int.
985 751 1074 776 vers.
1087 740 1127 773 B.
1153 739 1232 773 Par.
1247 737 1322 771 DK.
1343 736 1437 771 Flor.

771 789 850 823 TU.
895 786 1138 822 Stallbaumius
1173 785 1208 819 in
1239 784 1347 829 prima
1383 783 1436 817 ed.

770 830 1022 878 προύθέμεθα
1056 832 1155 866 Vind.
1191 830 1232 864 F.
1277 832 1365 874 Ang.
1394 830 1435 863 B.

770 882 864 915 Flor.
889 881 932 915 R.
958 880 1055 913 Stob.
1081 878 1171 923 quod
1193 876 1257 910 sibi
1283 888 1350 910 non
1367 876 1438 909 dis-

769 927 899 973 plicere
932 926 1021 959 idem
1049 925 1173 958 Stallb.
1206 922 1243 955 in
1274 934 1342 956 sec.
1382 921 1434 955 ed.

769 972 1022 1007 demonstravit.
1056 971 1205 1015 Vulgata
1228 968 1329 1002 lectio
1353 979 1438 1002 vera

771 1025 806 1053 et
830 1031 851 1053 a
885 1019 1004 1052 Ficino
1038 1029 1105 1051 non
1140 1017 1228 1050 male
1266 1014 1438 1059 explicata

770 1070 840 1099 est:
889 1066 979 1110 quod
1025 1064 1171 1098 maxime
1216 1062 1437 1096 intendimus.

770 1112 933 1146 Socrates
977 1122 1097 1154 magno
1134 1120 1208 1143 cum
1253 1106 1365 1141 studio
1399 1110 1436 1140 et

771 1158 957 1202 cupiditate
981 1157 1067 1190 hanc
1102 1167 1172 1188 rem
1205 1153 1365 1199 exponit,
1399 1156 1438 1186 ut

769 1204 844 1247 ipse
869 1216 902 1248 p.
927 1204 1005 1237 458.
1039 1203 1078 1236 A.
1108 1201 1300 1235 confltetur.
1346 1210 1436 1242 προ-

769 1250 978 1292 θυμεῖσθαι
992 1250 1190 1294 plerumque
1215 1258 1289 1280 cum
1312 1245 1437 1286 verbis,

769 1297 830 1329 sed
862 1295 1032 1328 interdum
1070 1306 1144 1327 cum
1182 1292 1436 1337 pronominibus

770 1342 990 1375 construitur.
1048 1341 1125 1373 vid.
1152 1338 1369 1373 Heindorfius
1393 1337 1438 1371 ad

769 1388 853 1432 Lys.
880 1390 912 1430 §.
941 1389 994 1421 11.
1045 1386 1100 1419 Cf.
1127 1385 1282 1429 Xenoph.
1308 1384 1436 1428 Cyrop.

769 1435 831 1467 VI.
859 1437 900 1475 1,
927 1435 990 1467 19:
1026 1430 1163 1471 πάντες
1197 1428 1437 1473 ἀνιστάμενοι

771 1477 1156 1523 συμπροθυμήσεσθαι
1196 1474 1309 1511 ταῦτ’
1346 1474 1437 1519 ἔφα-

771 1536 849 1560 σαν.
877 1526 975 1568 Apol.
1002 1526 1101 1558 Socr.
1127 1525 1159 1568 §.
1187 1526 1230 1558 9:
1256 1520 1323 1566 ἐγώ
1346 1522 1437 1556 ταῦ-

769 1584 816 1607 τα
842 1569 930 1606 ου’δὲ
955 1569 1258 1615 προθυμήσομαι.

816 1617 892 1662 δὴ]
929 1616 974 1661 δὴ
1001 1613 1053 1661 ἢ,
1099 1616 1130 1650 εὶ
1154 1628 1174 1650 a
1204 1628 1246 1649 m.
1272 1627 1299 1650 s.
1334 1625 1438 1661 super

769 1661 794 1710 ἢ
821 1664 954 1709 posito,
981 1664 1078 1696 Vind.
1107 1663 1145 1696 F.

818 1709 855 1753 ἐξ
882 1707 1147 1753 ἀκμαζόντων]
1187 1704 1311 1750 εξοῖκμ.
1346 1706 1435 1741 Lob.

771 1755 892 1800 ἐξακμ.
941 1756 1040 1791 Vind.
1071 1755 1112 1789 F.
1163 1751 1200 1796 ἐξ
1236 1766 1300 1788 om.
1337 1753 1435 1787 Stob.

770 1804 890 1839 Triuc.

818 1848 920 1893 δεῖν]
946 1860 1010 1882 om.
1034 1846 1121 1881 Lob.
1155 1845 1254 1880 Vind.
1275 1846 1314 1880 B.
1354 1845 1434 1880 vat.

815 1939 983 1985 Ἀληθῆ]
1034 1938 1141 1973 Aldus
1176 1938 1211 1972 et
1241 1937 1436 1983 Stephanus

769 1999 951 2034 perperam
975 1988 1038 2020 hoc
1062 1997 1136 2019 cum
1154 1984 1306 2029 proximo
1322 1984 1436 2028 γίγνε-

772 2036 864 2068 σθαι
898 2033 1107 2067 continuant.
1154 2032 1193 2065 In
1224 2031 1309 2064 Lob.
1342 2030 1435 2063 Mon.

772 2082 812 2115 B.
840 2082 918 2115 Bas,
945 2080 979 2113 b.
1005 2082 1131 2123 puncto
1156 2076 1361 2121 interposito
1380 2087 1438 2109 se-

771 2131 947 2181 paratum,
991 2125 1052 2158 sed
1087 2127 1238 2157 mutatae
1268 2133 1436 2167 personae

769 2172 895 2206 lndicio
910 2198 920 2214 ‚
945 2171 1035 2216 quod
1058 2170 1092 2203 in
1117 2169 1290 2203 codicibus
1313 2168 1435 2213 pleris-

771 2231 837 2264 que
873 2219 1004 2252 duobus
1036 2215 1170 2261 punctis
1195 2215 1261 2259 (:)
1293 2214 1330 2247 in
1362 2213 1436 2247 edi-

771 2265 921 2299 tionibus
946 2264 1164 2307 (quamquam
1188 2261 1224 2295 in
1248 2260 1324 2294 Ald.
1353 2260 1434 2293 Bas.

771 2312 825 2344 ab.
852 2322 918 2344 non
943 2309 1085 2354 ubique)
1111 2308 1227 2341 littera
1249 2306 1436 2340 maiuscula

769 2357 847 2390 fieri
874 2359 982 2397 solet,
1021 2353 1221 2388 destitutum
1246 2356 1311 2387 est.
1358 2352 1435 2386 Duo

769 2406 896 2447 puncta
943 2402 1071 2435 habent
1119 2400 1198 2433 Par.
1244 2401 1286 2433 A.
1334 2397 1434 2431 Vind.

767 2449 905 2483 BDEF.
930 2448 1027 2481 ‘Ven.
1051 2446 1125 2481 BC.
1156 2446 1237 2479 Vat.
1262 2445 1301 2478 B.
1325 2443 1434 2477 maiu-

767 2495 895 2529 sculam
920 2495 1017 2528 Stob.
1043 2494 1123 2526 Bas.
1144 2503 1175 2526 a.
1202 2490 1288 2524 Astii
1313 2501 1433 2523 secun-

767 2542 812 2575 da
849 2546 885 2574 et
908 2539 1127 2574 recentiores.
1184 2536 1310 2581 Neque
1342 2536 1435 2570 Fici-

768 2595 846 2622 num
871 2598 956 2620 vera
980 2583 1153 2619 distinctio
1176 2582 1276 2626 fugit.

813 2633 1004 2676 ξυνδοκεῖ]
1039 2628 1198 2673 ξυνδοκῇ
1232 2628 1324 2662 Flor.
1352 2628 1428 2663 AU.
1459 2625 1494 2666 E

768 2683 804 2714 et
828 2692 847 2713 a
872 2691 913 2712 m.
938 2689 989 2722 pr.
1014 2677 1107 2710 Mon.
1134 2676 1173 2708 B.

816 2725 966 2767 εἴκοσιν]
994 2722 1109 2757 εἴκοσι
1132 2719 1314 2754 Vind.EF.
1337 2720 1432 2755 Flor.

767 2769 1091 2860 AZZI'Jngtffgs.
1117 2813 1172 2846 ab.

813 2859 983 2906 γυναικὶ]
1006 2857 1152 2905 γυναιξὶ
1176 2858 1269 2893 Flor.
1293 2857 1337 2892 T.

1198 2915 1240 2956 D
