1807 3219
421 593 1205 655 ΠΛΑΤῼΝΟΣ

0 683 767 815 ὟΠοΛΙ

876 740 1503 816 ΤΕΙῪΑ

455 1017 704 1059 ΛΟΓΟΣ
755 1017 1147 1060 ΠΕΜΠΤΟΣ.

1 1114 101 1154 Lugd.
109 1102 322 1171 Ἀγαθήν
351 1131 431 1170 μεν
459 1118 613 1160 τοίνυν
653 1116 734 1174 τὴν
771 1114 981 1172 τοιαύτην
1016 1117 1147 1161 πόλιν
1186 1133 1228 1161 τε
1267 1117 1342 1161 καὶ
1371 1121 1497 1161 πολι-
1476 1129 1611 1170 —Steph

21 1160 92 1194 456

109 1185 229 1228 τείαν
258 1183 333 1227 καὶ
363 1182 507 1240 ὀρθήν
535 1188 679 1236 καλῶ,
719 1185 792 1229 καὶ
823 1184 967 1239 ἄνδρα
995 1189 1224 1229 τοιοῦτον·

1270 1202 1408 1238 κακας
1447 1186 1491 1230 δὲ

109 1251 188 1304 τοὶς
217 1250 350 1303 ἄλλοις
377 1252 452 1295 καὶ
482 1251 814 1308 ἡμαρτημένας,
847 1254 963 1308 εἴπερ
996 1252 1107 1308 αὕτη
1138 1251 1277 1310 ὀρθὴ,
1317 1256 1417 1309 περί
1445 1270 1491 1298 τε

109 1319 281 1364 πόλεων
312 1317 548 1376 διοικήσεις
576 1322 651 1364 καὶ
677 1323 777 1377 περὶ
812 1323 1002 1365 ἰδιωτῶν
1042 1326 1185 1378 ψυχῆς
1215 1321 1388 1379 τρόπον
1418 1340 1498 1367 κα-

177 1433 363 1489 Inscriptio
384 1446 392 1466 =
437 1431 635 1468 πλάτωνοσ
673 1437 777 1469 πολι-

107 1480 275 1523 τειῶν,.
287 1477 341 1513 Ε’.
367 1480 454 1514 Lob.
481 1479 576 1513 Vind.
597 1481 640 1514 D.
673 1484 776 1515 πολι-

106 1527 218 1560 τειῶν
247 1523 358 1569 λόγος
390 1538 436 1559 πε
422 1524 568 1569 έμπτος.
611 1527 711 1561 Vind.
734 1529 775 1561 Β.

109 1567 154 1608 Ε.
179 1572 280 1605 Vind.
305 1572 349 1605 Ε.
393 1570 438 1606 Λ’
474 1572 572 1606 Vind.
606 1573 647 1607 F.
680 1571 776 1607 πλοί-

105 1630 226 1658 τωνος
262 1618 460 1652 πολιτειῶν
491 1617 638 1663 πέμπτη
681 1620 774 1653 Μοη.

105 1665 147 1699 Β.
179 1664 272 1698 Flor.
305 1665 350 1698 U.
400 1661 568 1708 πέμπτος
607 1666 696 1699 Flor.
730 1666 773 1700 R.

107 1710 202 1768 βιβλ.
239 1707 268 1744 ε’.
310 1710 404 1744 Flor.
442 1711 482 1743 V.
516 1712 714 1745 πολιτειῶν
745 1708 771 1756 ἢ

107 1755 194 1800 περι
242 1755 391 1791 δικαίου
440 1754 549 1799 λόγος
595 1757 769 1800 πέμπτος.

106 1803 200 1836 Flor.
234 1802 305 1835 AC.
340 1807 376 1836 et
418 1803 615 1848 praeposito
655 1804 772 1838 ΠΛΑ-

113 1848 296 1882 ΤΩΝΟΣ
325 1849 402 1882 Ald.
427 1849 506 1882 Bas.
538 1850 592 1882 ab.
627 1850 771 1883 HOAI—

111 1895 279 1929 ΤΕΙΩΝ
313 1895 579 1929 ΔΙΑΛΟΓΟΣ
606 1893 773 1938 πέμπτος

108 1941 229 1995 steph:
263 1941 307 1974 Ε.
333 1941 513 1974 Bekkerus
536 1946 571 1974 et
593 1942 771 1976 Stallbau-

107 1987 195 2021 mius
218 1986 253 2019 in
274 1986 387 2043 prima
411 1987 464 2019 ed.

20 2037 90 2075 449
153 2030 325 2076 Ἀγαθὴν]
350 2029 508 2088 Ἀγαθὸν
534 2032 638 2066 Vind.¹
657 2033 700 2067 D.

40 2575 44 2577 1
106 2537 303 2584 (ἄνδρα)

151 2078 350 2122 τοιοῦτον]
384 2076 453 2113 τὸν
481 2079 657 2114 τοιοῦτον
689 2080 768 2114 Par.

106 2124 149 2159 A.
183 2125 384 2178 Bekkerus3
429 2125 548 2159 Astius
579 2125 613 2159 in
650 2127 767 2168 tertia,

107 2171 351 2205 Stallbaumius
374 2171 411 2204 in
435 2172 585 2205 secunda
608 2173 767 2215 editione,

106 2222 146 2250 ut
169 2222 278 2250 altera
300 2216 397 2250 huius
424 2218 563 2251 membri
589 2229 671 2263 pars
693 2230 766 2252 ma—

105 2263 158 2307 gis
183 2267 392 2306 exaequetur
414 2263 522 2307 priori
543 2268 579 2297 et
602 2265 766 2298 Socrates

104 2310 214 2342 virum
236 2308 344 2352 ipsum
367 2309 497 2352 pariter
521 2314 624 2355 atque
647 2310 770 2344 civita-

104 2358 174 2388 tem
198 2353 367 2398 superiori
398 2365 552 2388 sermone
586 2356 769 2390 exhibitum

105 2400 213 2444 digito
237 2405 424 2433 monstret·
448 2397 602 2456 α’γαθὴν
622 2400 767 2447 (πόλιν)

105 2446 209 2480 καλῶ
241 2443 311 2501 τὴν
340 2444 533 2503 τοιαύτην
567 2447 675 2482 πόλιν
706 2448 769 2483 καὶ

106 2489 298 2537 (αγαθὸν)
333 2486 454 2536 α’νδρα
494 2491 563 2528 τὸν
594 2495 769 2529 τοιοῦτον

376 2539 424 2572 At
464 2540 584 2573 omisso
622 2541 768 2575 articulo

105 2585 293 2630 quemlibet
316 2584 479 2618 eiusmodi
515 2586 621 2619 virum
645 2587 768 2621 bonum

104 2642 144 2664 se
167 2631 279 2664 dicere
302 2631 451 2664 ostendit
473 2630 574 2672 item,
599 2637 638 2665 ut
660 2633 767 2677 ipsam

102 2677 196 2711 illam
232 2676 432 2711 civitatem:
483 2674 633 2721 α’γαθὴν
666 2680 765 2712 καλῶ

105 2720 174 2766 τὴν
204 2734 383 2778 τοιαυτην
414 2720 524 2757 πόλιν
558 2723 620 2757 καὶ
653 2721 766 2768 (οἷγα-

104 2767 183 2803 θόν
202 2769 322 2823 καλῶ)
349 2765 471 2812 ἄνδρα
489 2771 673 2804 τοιοῦτον.
701 2772 766 2805 Cui

106 2814 283 2849 mutationi
323 2816 482 2850 fortassis
515 2817 592 2851 ideo
640 2818 764 2860 factae,

161 2872 365 2914 Plan-roms
395 2875 466 2915 01».
498 2875 545 2916 ΙΙ.

835 1435 924 1480 quod
949 1435 1064 1480 plures
1089 1435 1251 1469 eiusmodi
1275 1435 1366 1469 viros
1389 1435 1423 1470 in
1449 1436 1497 1470 ci-

1507 1177 1544 1208 Τ.
1558 1178 1596 1208 11.

1509 1221 1577 1256 449

832 1481 941 1515 vitate
972 1482 1029 1515 illa
1062 1483 1137 1514 fore
1167 1482 1306 1515 videbat
1347 1482 1497 1525 (similes
1521 1513 1532 1519 ,,

832 1527 907 1561 aliis
951 1527 994 1561 de
1035 1528 1163 1561 caussis
1205 1529 1316 1561 factos
1362 1529 1436 1562 Vol.
1469 1529 1496 1562 I.

831 1585 911 1618 pag.
937 1575 1002 1616 59,
1026 1574 1059 1607 b.
1094 1576 1182 1615 299,
1206 1575 1239 1607 b.
1272 1575 1360 1615 406,
1385 1575 1417 1608 b.
1443 1587 1495 1620 sq.

831 1620 985 1663 notavi),
1008 1619 1040 1652 h
1065 1620 1086 1653 l.
1113 1620 1238 1653 ordinis
1263 1631 1397 1664 quoque
1416 1632 1496 1655 ver-

831 1666 949 1698 borum
974 1666 1117 1700 mutatio
1142 1666 1323 1699 coniuncta
1355 1672 1391 1699 et
1414 1678 1495 1712 per—

830 1711 1022 1764 spicuitatis
1046 1723 1165 1745 caussa
1190 1707 1312 1754 ἄνδρα
1347 1724 1495 1757 praepo-

829 1758 929 1790 situm
954 1763 1017 1791 est.
1068 1759 1168 1798 Quae
1199 1769 1301 1803 quum
1331 1758 1382 1791 ita
1414 1760 1494 1801 sint,

829 1803 1007 1837 articulum
1032 1804 1182 1837 solitario
1214 1804 1314 1837 unius
1338 1805 1494 1849 quamvis

828 1849 947 1893 optimi
971 1850 1097 1883 codicis
1119 1850 1312 1883 testimonio
1345 1862 1412 1884 non
1436 1862 1494 1884 sa·-

828 1896 873 1928 tis
908 1895 1077 1929 firmatum
1124 1896 1289 1929 existimo.
1368 1896 1493 1940 Neque

827 1942 927 1975 abest
950 1942 1116 1986 suspicio,
1156 1942 1236 1987 quin
1259 1953 1302 1975 ex
1326 1942 1367 1976 L.
1397 1943 1491 1977 VIII.

828 1999 862 2032 p.
877 1988 954 2022 543.
983 1988 1022 2021 C
1048 1988 1107 2021 ubi
1131 1989 1216 2022 haec
1240 1988 1393 2022 Socratis
1413 2000 1492 2022 ver-

827 2034 873 2067 ba
904 2046 925 2067 a
955 2035 1132 2068 Glaucone
1165 2040 1387 2080 repetuntur,
1425 2035 1492 2069 huc

823 2079 1014 2135 irrepserit
1053 2105 1059 2116 =.

870 2122 1148 2180 ημαρτημένας]
1163 2122 1402 2181 ήμαρτημέας
1411 2125 1488 2160 Ald.

870 2170 1029 2217 πόλεων]
1056 2174 1209 2206 civitatis
1232 2174 1338 2217 ipsius
1362 2173 1434 2206 Fic.

869 2219 994 2262 ’ψυχῆς
1041 2215 1193 2261 τρόπον
1232 2216 1487 2263 κατασκευὴν]

825 2271 868 2309 ψ.
889 2277 920 2298 τ.
947 2262 1176 2309 κατασκευή·
1200 2265 1292 2298 Flor.
1313 2266 1356 2299 T.
1383 2266 1488 2299 disci-

822 2312 957 2356 plinam
980 2311 1052 2344 Fic.
1077 2322 1176 2356 quem
1208 2310 1322 2345 Astius
1354 2311 1388 2344 in
1418 2323 1486 2344 sec.

825 2357 879 2390 ed.
906 2369 972 2390 non
997 2357 1146 2390 debebat
1168 2362 1352 2410 propterea
1363 2357 1488 2401 ψυχῆς

825 2414 891 2436 11011
914 2403 1038 2447 legisse
1062 2403 1253 2447 suspicari,
1275 2403 1380 2436 multo
1404 2415 1486 2437 vero

824 2449 932 2483 minus
963 2440 997 2482 id
1020 2449 1218 2483 vocabulum
1251 2454 1289 2483 ut
1318 2460 1486 2493 superva-

826 2507 964 2529 caneum
988 2507 1121 2540 „quum
1153 2493 1292 2538 τρόπος
1322 2495 1389 2529 iam
1414 2507 1486 2528 mo-

823 2553 880 2575 res
904 2547 940 2574 et
975 2541 1142 2585 ingenium
1177 2542 1363 2585 significet,
1394 2541 1485 2574 haud

823 2587 925 2621 dubie
948 2587 1138 2631 glossema“
1161 2587 1392 2632 pronuntiare.
1424 2587 1484 2620 Fi-

824 2633 931 2667 cinum
956 2645 1059 2679 saepe
1083 2632 1228 2667 vidimus
1251 2645 1295 2667 ex
1318 2633 1393 2666 unis
1408 2633 1483 2678 plu-

822 2691 863 2713 ra
885 2681 1022 2720 facere,
1056 2679 1134 2713 alibi
1158 2679 1238 2712 bina
1269 2683 1305 2712 et
1327 2682 1427 2712 terna
1449 2679 1484 2712 in

822 2737 923 2759 unum
968 2725 1192 2768 (ποοῦ-11110105
1237 2724 1337 2758 Plato
1370 2729 1484 2758 autem

821 2783 889 2805 non
911 2772 984 2805 sine
1007 2771 1137 2804 ratione
1169 2771 1335 2817 duplicem
1359 2770 1483 2804 civita-

821 2822 889 2851 tem
913 2817 1187 2862 significaturus,
1218 2829 1321 2863 quum
1339 2816 1482 2850 alteram

1272 2875 1316 2916 A
