1807 3219
406 123 746 167 CIVITAS
788 120 1098 164 LIB.VI.503

1378 126 1460 167 211

72 251 184 291 μενα
220 236 505 291 παρεξιόντος
547 235 620 280 καὶ
670 231 1127 291 παρακαλυπτομένου
1176 237 1259 277 τοῦ
1310 235 1460 291 λόγου,

71 305 386 362 πεφοβημένου
415 309 553 348 κινεῖν
591 303 641 348 τὸ
679 308 765 348 νῦν
794 305 954 385 παρόν.

266 373 487 430 μέμνημαι
517 372 615 429 γάρ
636 371 799 423 ’Όκνος
827 372 939 429 γὰρ,
972 371 1108 427 ἔφην,
1142 387 1174 413 ω
1207 372 1329 426 φίλε,
1363 370 1463 429 ἐγώ,

74 443 211 486 εἰπεῖν
248 443 302 486 τὰ
341 446 428 486 νῦν
465 440 871 498 άποτετολμημένα’

72 373 235 429 λέγεις·

1012 299 1323 358 Ἀληθέστατα,
1360 303 1458 386 ἔφη,
1489 308 1525 351 Β

902 443 1007 484 νῦν
1039 439 1086 483 δὲ
1126 441 1257 482 τοῦτο
1287 439 1368 494 μὲν
1396 455 1464 484 τε-

72 513 308 567 τολμήσθω
339 512 472 554 εἰπεῖν
492 543 504 563 ,
545 509 613 553 ὅτι
640 510 746 562 τούς
766 559 768 564 ,
785 508 1127 566 ἀκριβεστάτους
1157 509 1360 562 φύλακας
1389 525 1467 563 φι-

73 581 301 635 λοσόφους
329 580 398 623 δεῖ
423 581 701 622 καθιστάναι.
748 580 964 635 Εἰρήσθω
994 576 1101 633 γάρ,
1134 576 1231 632 ἔφη.
1283 578 1467 632 Νόησον
1502 602 1506 605 >

75 644 154 703 δὴ,
199 645 258 698 ὥς
294 647 472 699 εἰκότως
511 645 650 704 ὀλίγοι
681 647 856 691 ἔσονταί
883 658 969 691 σοι.
1016 644 1073 703 ἣν
1100 643 1187 701 γάρ
1220 645 1465 700 διήλθομεν

74 716 216 771 φύσιν
245 716 337 759 δεῖν
359 714 574 772 ὑπάρχειν
604 715 776 771 αὐτοῖς,
817 720 878 769 εἰς
908 713 1043 759 ταύτὸ
1073 714 1353 770 ξυμφύεσθαι
1385 711 1465 757 αὐ-

71 787 149 840 τῆς
178 782 233 827 τοὶ
263 783 373 841 μέρη
402 782 598 842 ὀλιγάκις
635 785 798 838 ἐθέλει,
839 785 892 829 τά
921 781 1062 828 πολλοὶ
1095 782 1142 826 δὲ
1173 781 1465 838 διεσπασμένη

74 850 248 907 φύεται.

310 855 440 905 Πῶς,
480 853 590 911 ἔφη,
631 855 790 910 λέγειςς

855 851 1082 911 Εὐμαθεῖς
1123 852 1197 895 καὶ
1243 849 1463 907 μνήμονες
1495 854 1527 896 C

72 921 149 965 καὶ
179 919 350 978 ἀγχίνοι
379 923 451 966 καὶ
478 921 589 975 ὀξεῖς
609 923 682 966 καὶ
706 921 790 966 ὅσα
815 920 924 966 ἄλλα
947 920 1124 971 τούτοις
1147 919 1307 972 ἕπεται,
1340 916 1469 970 οἷσθ’,

111 1041 273 1091 ’Όκνος]
300 1046 353 1080 Ita
377 1058 453 1081 cum
475 1047 615 1093 reliquis
633 1048 744 1083 omni-

73 1092 138 1126 bus
162 1093 257 1136 (nam
283 1094 325 1126 de
349 1094 427 1127 Par.
454 1094 499 1127 K.
525 1102 625 1139 quem
651 1095 744 1128 Bek-

72 1139 177 1172 kerus
201 1138 324 1180 omisit,
348 1140 606 1183 Bipontinorum
630 1144 745 1174 exstat

72 1184 318 1229 testimonium)
342 1186 435 1219 Mon.
460 1185 499 1219 Β.
520 1197 545 1219 a
569 1197 613 1220 ln.
633 1198 686 1231 pr.
708 1191 743 1220 et

73 1231 164 1265 schoi
168 1231 286 1274 iastes,
310 1232 370 1274 qui
395 1227 523 1271 ὄκνος·
546 1229 740 1276 (ἕνάδυσις,

71 1274 281 1332 ευλάβεια,
304 1275 472 1322 άναβολή
505 1278 605 1312 adh.
631 1279 654 1313 l.
680 1280 742 1312 ad-

68 1323 218 1378 scripsit.
258 1318 397 1357 ὅκνουν
428 1335 546 1368 margo
579 1325 658 1359 Par.
693 1325 735 1359 D.

70 1372 127 1411 et,
162 1366 193 1402 ὤ
218 1368 254 1403 in
285 1370 439 1424 margine
473 1370 607 1414 posim,
641 1383 662 1404 a
693 1383 739 1404 111.

68 1426 97 1449 5.
139 1415 232 1449 Μοιι.
275 1416 318 1451 Β.
380 1411 526 1450 co‘uvovv
571 1417 739 1451 editiones

68 1473 197 1496 omnes.
246 1461 302 1496 Cf.
346 1462 387 1496 L.
423 1463 464 1495 V
498 1475 532 1508 p.
567 1464 647 1498 450.
683 1464 738 1497 Dt

65 1504 126 1542 διὸ
149 1505 194 1551 δὴ
227 1506 291 1542 καὶ
317 1503 429 1548 ὄκνος
456 1521 511 1548 τις
537 1506 666 1543 αὐτῶν
697 1505 738 1543 ἅ-

67 1555 242 1589 πτεσθαι.
276 1567 366 1599 quae
401 1555 444 1588 de
468 1556 532 1588 hac
556 1556 675 1589 eadem
700 1567 740 1589 re

68 1600 163 1633 dicta
199 1600 324 1634 nullam
357 1601 604 1635 dubitationem
635 1602 740 1636 relin-

69 1649 201 1690 quunt,
234 1647 317 1691 quin
342 1642 452 1686 ὄκνος
477 1648 658 1693 genuinum
682 1649 738 1682 sit.

67 1691 122 1726 De
156 1692 267 1738 ellipsi
297 1692 497 1738 impeifecti
530 1693 578 1738 ήν
611 1695 740 1728 Schae-

68 1739 168 1772 ferus
197 1738 312 1773 melet.
343 1751 377 1784 p.
414 1739 470 1774 44.
503 1751 546 1784 eg
547 1740 584 1775 it.
644 1741 740 1774 Addo

73 1784 234 1818 Aeschin.
263 1785 340 1820 adv.
367 1785 461 1819 Ctes.
487 1786 521 1830 ἕ.
524 1751 604 1822 g.71
632 1787 740 1820 Bekk.

69 1828 140 1872 νὺξ
170 1826 208 1864 ἐν
235 1829 355 1877 μέσῳ,
389 1831 453 1866 καὶ.
489 1833 660 1876 παρῆμεν
694 1833 740 1878 τῇ

72 1873 250 1933 ὑστεραία
272 1866 323 1916 εἰς
345 1875 414 1922 τὴν
439 1875 642 1935 ἐκκλησίαν.

123 1920 238 1979 ε’φην,
264 1922 292 1956 ω’
314 1923 418 1967 φίλε,
456 1921 540 1968 ἐγώ,
551 1926 564 1969 ]
598 1925 628 1959 ω’
649 1925 741 1982 φίλε

75 1967 170 2026 ε’φην
187 1965 255 2016 ἐγώ
281 1970 383 2005 Vind.
408 1949 448 2004 F.
474 1972 560 2016 Ang.
578 1971 619 2006 Β.
646 1969 740 2015 ε’φην
796 1970 830 2004 Η

73 2013 145 2060 ἐγώ
176 2015 204 2048 ὦ
232 2015 316 2071 φίλε
353 2017 452 2051 Vind.
490 2018 532 2052 Β.
600 2018 742 2052 Comma

74 2065 154 2115 post
176 2059 245 2105 ἐγώ
265 2062 462 2107 Stephanus
481 2067 516 2097 et
534 2064 742 2098 recentiores

76 2108 271 2142 omittentes
303 2120 487 2153 pronomen
519 2110 563 2144 ad
595 2106 742 2144 ὤκνουν

74 2155 251 2196 referunt,
283 2155 374 2199 quod
406 2156 538 2200 longius
571 2157 677 2190 distat
707 2160 743 2190 et

77 2200 179 2234 facile
213 2212 253 2234 eo
295 2203 403 2236 caret.
466 2203 615 2236 Servata
656 2214 741 2236 vero

74 2246 229 2280 codicum
272 2246 419 2281 lectione
464 2249 659 2282 necessario
698 2248 742 2282 ad

75 2290 171 2336 ἔφην
193 2293 408 2326 referendum
426 2297 503 2335 est,
529 2295 585 2328 cui
608 2295 742 2340 aliquo·

75 2338 141 2372 ties
165 2338 317 2372 additum
340 2339 384 2372 ad
407 2351 440 2384 p.
463 2340 542 2375 496.
558 2342 600 2374 Α.
626 2344 741 2374 osten-

75 2384 120 2419 di.
167 2384 293 2429 Neque
316 2385 540 2430 interpositus
563 2387 741 2421 vocativus

70 2430 175 2464 ullam
211 2430 432 2465 offensionem
463 2433 577 2466 habet.
639 2434 739 2467 Conf.

71 2476 292 2511 Heindorfius
337 2481 372 2511 et
412 2478 658 2513 Stallbaumius
697 2479 742 2514 ad

69 2522 244 2558 Phaedon.
268 2535 304 2568 p.
328 2525 385 2558 78.
411 2526 454 2558 Α.

117 2567 165 2602 τὰ
189 2569 284 2625 νῦν]
311 2570 430 2604 τανῦν
456 2569 555 2605 Vind.
580 2571 620 2604 F.

71 2612 225 2695 ΙἮμεν]
245 2614 313 2659 μὲν
342 2613 388 2660 δή
414 2616 504 2651 idem
528 2622 563 2651 et
585 2617 672 2662 Ang.
697 2618 738 2652 Β.

117 2672 156 2694 οι·

119 2705 370 2752 καθιστάναι]
397 2705 631 2743 καθεστάναι
653 2709 739 2743 Lob.

50 2754 150 2790 *Van
174 2754 215 2787 Β.
244 2754 325 2788 Bas.
352 2755 385 2788 b.
434 2755 474 2788 Id
499 2755 743 2789 Stallbamnius

71 2799 108 2834 in
140 2809 206 2834 sec.
243 2800 397 2847 recepit,
442 2801 525 2847 quia
559 2801 743 2836 absurdum

800 1047 846 1082 sit
869 1047 984 1081 dicere
1016 1056 1097 1087 eos,
1132 1045 1192 1090 qui
1225 1043 1292 1078 sint
1325 1042 1468 1088 diligen-

799 1093 924 1128 tissimi
957 1092 1106 1126 civitatis
1148 1091 1325 1131 custodes,
1370 1090 1468 1123 reddi

800 1144 962 1184 oporteie
993 1138 1224 1182 philosophos.
1271 1137 1318 1169 At
1348 1147 1468 1170 sensus

799 1186 961 1240 vulgatae
985 1185 1075 1219 idem
1100 1187 1155 1217 est
1177 1187 1281 1239 atque
1305 1182 1334 1215 si
1359 1183 1465 1216 dixis-

799 1236 853 1265 set
879 1227 938 1265 ότι
959 1229 1027 1265 τὸν
1053 1242 1144 1268 τους
1172 1226 1468 1283 ἀκριβεστάτους

800 1275 972 1321 φύλακας
1016 1272 1246 1310 καθιστάναι
1288 1272 1469 1329 μέλλοντα

800 1290 1033 1368 φιλοσόφους
1053 1322 1113 1356 δεῖ
1131 1318 1373 1356 καθιστάναι.
1409 1321 1467 1354 Fi-

797 1371 891 1403 cinus
914 1380 1051 1414 quoque
1074 1368 1183 1401 minus
1202 1371 1363 1401 accurate
1382 1367 1469 1401 haec

795 1416 1046 1461 interpretatus
1078 1417 1151 1447 est·
1203 1415 1277 1448 Nos
1312 1425 1393 1447 vero
1432 1415 1469 1447 in

792 1462 995 1508 praesentia
1024 1461 1063 1494 id
1092 1472 1245 1494 asserere
1267 1461 1469 1502 audeamus,

796 1509 888 1553 quod
914 1508 1070 1541 custodes
1096 1507 1357 1551 diligentissimi
1377 1507 1468 1551 opti-

795 1555 844 1589 mi
863 1566 933 1587 esse
954 1555 1076 1587 debent
1095 1553 1302 1609 philosophi.

844 1612 896 1640 ως
914 1597 1065 1638 εἰκότως
1086 1597 1205 1642 ὀλίγοι
1226 1597 1375 1632 ε’σονταί
1393 1598 1465 1642 σοι]

798 1659 902 1700 quam
920 1647 1027 1701 pauci
1049 1646 1139 1679 tales
1163 1650 1263 1678 erunt
1286 1644 1358 1678 Fic.

844 1689 893 1737 ἣν
914 1690 1008 1736 γὰρ]
1048 1690 1083 1725 εἰ
1107 1703 1177 1735 γαρ
1211 1690 1310 1725 Vind.
1340 1691 1384 1723 F.
1418 1686 1468 1734 ἣν

798 1737 869 1783 ψὰρ
905 1737 949 1782 δὴ
989 1736 1468 1781 Vind.E.(F10r.ACT.)

799 1796 875 1819 culn
900 1784 1001 1818 editis
1027 1788 1107 1817 ante
1130 1783 1339 1817 Bekkerum.

846 1830 912 1875 εἰς]
940 1827 996 1869 οἷς
1015 1829 1068 1870 εἰς
1093 1830 1177 1863 Lob.
1201 1828 1304 1863 de.
1319 1830 1362 1863 Β.
1387 1828 1468 1863 vat.

797 1877 990 1968 ΒΒῐιξιιῗτῆς]
1027 1918 1160 1961 αὐτοῖς
1195 1921 1283 1965 Ang.
1308 1921 1349 1955 B.
1387 1921 1468 1955 Vat.

844 2011 990 2057 ἐθέλει]
1018 2010 1162 2047 ἐθέλειν
1187 2012 1287 2045 Vind.
1310 2012 1355 2046 F.

845 2057 894 2095 τά
914 2058 1047 2104 πολλὰ]
1060 2056 1229 2094 ταπολλά
1244 2058 1328 2092 Lob.
1343 2058 1467 2114 Steph.

856 2103 1142 2150 διεσπασμένη]
1216 2104 1465 2148 διεσπαρμενη

800 2154 901 2189 Vind.
938 2153 980 2186 Ε.
1029 2152 1282 2195 διεσπασμένα
1314 2152 1401 2195 Ang.
1427 2151 1468 2184 B.

799 2201 897 2234 Flor.
922 2200 966 2234 T.
993 2199 1113 2243 Steph.
1151 2201 1226 2232 Ast.
1265 2198 1388 2232 Stallb.
1413 2208 1467 2241 pr.

799 2246 875 2289 „In
899 2246 1058 2290 piaeced.
1084 2244 1165 2278 edit.
1197 2240 1469 2287 διεσπασμένη·

799 2293 943 2327 alteram
968 2295 1082 2326 autem
1105 2290 1287 2324 lectionem
1312 2289 1469 2334 agnoscit

799 2342 835 2372 et
858 2339 961 2372 Ficf‘
992 2337 1112 2382 Steph.
1146 2349 1181 2381 p.
1208 2336 1263 2371 24.
1302 2336 1466 2380 (partes)

799 2386 994 2419 disiunctae
1021 2383 1265 2437 (nascuntur)
1295 2382 1371 2415 Fic.
1419 2381 1471 2415 Ut

798 2431 854 2465 hic
884 2440 1022 2474 φυσιν,
1066 2429 1117 2463 ita
1148 2426 1300 2483 μονάδα
1335 2427 1468 2461 Phileb.

797 2489 877 2522 pag.
905 2477 958 2512 15
990 2478 1032 2511 B.
1066 2471 1339 2517 διεσπασμένην
1372 2472 1469 2508 dicit.

801 2523 965 2557 Ceterum
1012 2518 1285 2564 διεσπασμένα,
1334 2519 1363 2553 si
1405 2531 1469 2563 per

799 2569 936 2603 codices
968 2568 1138 2610 licuisset,
1186 2566 1272 2601 ferri
1312 2566 1469 2611 potuisse

799 2618 956 2670 apparet.

847 2659 996 2705 φύεται]
1025 2659 1200 2704 φαίνεται
1222 2657 1316 2691 Μοιι.
1327 2657 1367 2691 Β.
1387 2657 1467 2691 Par.

799 2707 876 2742 DK.
902 2719 969 2741 sec.
996 2706 1105 2740 Bekk.
1129 2706 1223 2740 Flor.
1249 2704 1295 2738 U.

846 2752 909 2788 καὶ
927 2749 999 2788 ὅσα
1020 2748 1114 2787 ἄλλα
1142 2762 1294 2791 τουτοις
1323 2746 1464 2795 επεται]
1498 2747 1531 2790 C,

801 2813 866 2835 om.
892 2800 965 2835 Fic.

1197 2855 1282 2896 ΟΞ
