1807 3219
463 112 801 155 CIVITAS
845 111 968 154 LIB.

998 110 1072 153 VI.
1095 115 1164 150 505
1441 111 1525 151 217

141 230 256 284 κροῦ
287 224 423 279 ἀξίοις
451 226 540 268 πᾶν
569 223 1125 281 ποιεῖν-συντεινομένους,
1157 218 1276 272 ὅπως
1307 219 1375 263 ὅτι
1405 218 1528 276 ἄκρι-
1556 221 1592 262 Ε

143 297 329 353 βὲστατα
357 295 432 339 καὶ
461 294 760 350 καθαρώτατα
790 293 897 346 ἕξει,
928 295 1017 336 τῶν
1049 291 1094 335 δὲ
1124 290 1337 347 μεγίστων
1368 287 1426 346 μή
1457 304 1532 344 με-

143 368 294 423 γίστας
323 362 478 417 ἀξιοῦν
508 361 622 407 εἶναι
650 363 728 407 καὶ
757 361 836 414 τὰς
867 361 1112 417 ἆκριβείαςς
1141 358 1229 401 Καὶ
1266 356 1405 413 μάλα,
1435 357 1535 414 ἔφη,

150 434 277 487 ἄξιον
309 432 357 477 τὸ
392 431 626 489 διανόημα.
657 431 682 475 ὃ
705 431 855 487 μέντοι
885 429 1091 487 μέγιστον
1123 425 1308 483 μάθημα
1337 426 1412 469 καὶ
1434 425 1536 480 περὶ

147 503 216 548 ὅτι
247 500 356 546 αὐτὸ
385 499 540 557 λέγεις,
573 502 656 544 οἴει
685 497 764 543 τιν’
797 498 854 542 ἄν
885 510 953 548 σε,
986 498 1095 554 ἔφη,
1125 494 1304 552 ἀφεῖναι
1338 493 1396 551 μὴ
1428 494 1536 550 ἐρω-

145 569 361 628 τήσαντα,
394 570 436 612 τί
466 569 608 620 gemm,-
655 567 720 612 Οὐ
751 567 894 620 πάνυ,
926 560 980 622 ἦν
1011 563 1054 609 δ’
1085 562 1189 621 ἐγώ·

1236 559 1346 606 ἀλλὰ
1375 563 1448 605 καὶ
1479 560 1535 605 σύ

145 637 296 694 ἐρώτα.
334 636 506 689 πάντως
543 636 650 681 αὐτὸ
693 635 777 681 οὐκ
816 633 1012 691 ὀλιγάκις
1049 631 1267 690 ἀκήκοας,
1318 633 1403 673 νῦν
1434 629 1479 674 δὲ
1508 628 1539 686 ἦ

147 705 233 750 οὐκ
262 705 428 757 ἐννοεῖς
456 704 484 763 ἢ
514 703 573 750 αὖ
605 708 764 763 διανοῇ
794 704 890 761 ἐμοὶ
922 701 1156 758 πράγματα
1185 699 1389 756 παρέχειν
1420 697 1539 743 ἀντι-
1563 706 1632 742 505

145 772 492 832 λαμβανόμενος.
532 772 657 831 οἶμαι
699 774 746 818 δὲ
783 777 917 817 τοῦτο
960 775 1152 828 μᾶλλον,
1200 767 1394 812 ἐπεϊὸτι
1430 784 1481 824 γε
1511 767 1539 824 ἡ

147 846 229 887 τοῦ
259 841 434 900 ἀγαθοῦ
475 843 570 888 ἰδέα
609 843 814 900 μέγιστον
845 839 1056 898 μάθημα,
1092 836 1302 889 πολλάκις
1333 835 1537 893 ἀκήκοας,

149 1012 299 1059 νόημα]
334 1013 398 1050 καὶ
425 1013 508 1059 μάλ’
539 1013 610 1061 ἔφη
641 1012 678 1050 ἅ.
707 1013 750 1050 τὸ
779 1015 812 1049 δ.

151 1061 253 1095 Vind.
289 1062 360 1097 BF.
401 1062 490 1108 Ang.
522 1063 563 1096 B.
618 1063 815 1097 Ridiculum

146 1119 291 1153 prorsus
314 1108 388 1142 Fic.
419 1109 494 1149 Ea,
520 1112 558 1142 ut
581 1109 736 1150 videtur,
760 1109 815 1141 in-

147 1153 394 1199 terpretatione
405 1155 537 1188 seducti
546 1155 673 1197 Astius,
682 1154 817 1188 Schlei-

148 1200 388 1241 ermacherus,
424 1201 669 1234 Stallbaumius
709 1202 816 1234 verba

145 1242 258 1290 ἄξιον
283 1243 327 1281 τὸ
361 1244 547 1290 διανόημα
571 1247 738 1280 eiicienda
762 1246 815 1279 vel

147 1293 371 1338 improbanda
394 1293 452 1326 vel
476 1293 678 1337 corrigenda
697 1293 816 1326 existi-

147 1342 303 1381 marunt3
344 1339 403 1384 qui
434 1339 464 1372 si
496 1339 708 1373 Adimantum
731 1339 817 1372 haec

148 1397 216 1419 non
237 1388 308 1419 tam
331 1385 537 1430 respondere
556 1385 732 1430 quaerenti
756 1396 818 1418 an-

148 1443 193 1466 ne
233 1431 412 1465 ridiculum
452 1431 545 1465 istud
584 1432 629 1465 sit
668 1431 817 1472 Socrati,

149 1489 252 1523 quam
286 1478 494 1511 contrarium
525 1477 712 1522 postulanti
744 1477 817 1511 suf-

148 1523 280 1568 fragari
315 1523 538 1565 statuissent,
568 1524 715 1565 nullam,
743 1523 819 1568 opi—

150 1581 225 1611 nor,
237 1569 462 1604 offensionem
476 1571 699 1615 accepissent.
714 1570 819 1602 Certe

150 1616 390 1650 maximarum-
407 1628 522 1650 rerum
546 1615 818 1650 accuratissimas

150 1663 228 1696 fieri
252 1661 379 1695 debere
403 1663 658 1707 explanationes
681 1666 819 1695 senten-

151 1709 203 1742 tia
235 1708 382 1753 sapienti
413 1720 479 1742 non
511 1709 648 1764 indigna
671 1709 818 1742 videtur.

152 1754 289 1789 Nomen
311 1765 393 1788 vero
419 1752 606 1799 διανόημα
629 1755 718 1788 inter
740 1755 821 1787 Pla—

873 1018 926 1049 est
956 1015 992 1048 in
1025 972 1183 1056 Aeschyli
1211 1012 1324 1045 Prom.
1349 1010 1439 1044 333:
1475 1006 1540 1042 καὶ

872 1061 943 1095 νῦν
964 1059 1096 1102 ἔασον,
1120 1055 1215 1114 μηδέ
1241 1068 1299 1091 σοι
1327 1052 1539 1100 μελησάτω·

872 1104 1023 1145 πάντως
1041 1118 1110 1150 γαρ
1141 1117 1184 1139 ου
1207 1104 1343 1142 πείσεις
1372 1114 1442 1136 νιν.
1491 1101 1542 1135 Et

872 1153 963 1187 inest
992 1154 1028 1186 in
1071 1150 1225 1185 Socratis
1262 1149 1375 1184 verbis
1411 1147 1542 1182 ironica

874 1210 1041 1241 caussae,
1067 1210 1127 1231 cur
1151 1198 1366 1239 interrogare
1390 1206 1466 1228 eum
1489 1194 1542 1226 iu-

875 1247 983 1286 beat,
1008 1244 1223 1289 significatio.
1259 1242 1304 1276 Ei
1329 1253 1410 1275 vero
1436 1240 1542 1274 solum

873 1289 1025 1330 πάντως
1073 1290 1234 1324 sufficere
1291 1286 1445 1332 exempla
1499 1286 1542 1320 ab

873 1338 1074 1371 Heindorfio
1108 1337 1151 1370 ad
1192 1336 1339 1370 Theaet.
1377 1336 1408 1375 ἓ.
1444 1334 1477 1368 3.
1521 1343 1543 1365 a

874 1384 1050 1417 Riickerto
1076 1384 1117 1417 ad
1143 1383 1262 1427 Symp.
1297 1392 1377 1425 pag
1405 1382 1437 1413 8.
1464 1382 1500 1411 et
1524 1390 1546 1411 a

875 1430 1099 1463 Stallbaumio
1148 1429 1191 1461 ad
1236 1430 1268 1461 h.
1303 1428 1324 1461 Ι.
1371 1426 1546 1469 adscripta

863 1476 1007 1509 docent.
1035 1475 1201 1508 Similiter
1224 1474 1411 1527 Aeschylus
1432 1472 1545 1504 Proin.

876 1522 982 1557 1050.
1013 1533 1165 1561 παντως
1193 1518 1255 1564 ἐμὲ
1287 1517 1318 1564 γ’
1345 1531 1390 1552 ov
1423 1519 1546 1552 θανα-

875 1565 996 1602 τώσει.

923 1637 993 1671 νῦν
1021 1632 1062 1669 δὲ
1087 1655 1134 1660 —
1158 1631 1324 1678 ἀκήκοας
1364 1634 1442 1669 505.
1479 1633 1545 1676 Α.]

878 1695 944 1717 om.
972 1682 1070 1715 Vind.
1095 1682 1138 1715 B.
1166 1682 1245 1715 Vat.
1271 1681 1322 1715 M.

923 1748 948 1797 ἢ
974 1749 1066 1796 ου’κ]
1100 1747 1123 1795 ἢ
1151 1763 1216 1784 om.
1246 1749 1347 1784 Vind.
1374 1750 1418 1783 E.
1451 1748 1546 1782 Mon.

152 1800 269 1835 tonlca
321 1802 467 1834 relatum
524 1812 586 1846 sup
590 1813 629 1835 ΓΘ.
674 1801 742 1836 vld
734 1811 821 1834 lmus
877 1799 906 1834 B

153 1858 189 1892 p.
213 1846 292 1882 496.
318 1847 358 1880 A.

201 1890 395 1937 μέγιστον]
421 1890 599 1938 μα’γιστον
623 1893 723 1928 Vind.
748 1893 789 1928 B.

202 1960 287 2005 περὶ
317 1957 400 2007 ὅτι]
435 1959 580 2008 περιότι
602 1963 705 1997 Vind.
730 1963 775 1997 F.
802 1975 823 1997 a

155 2019 200 2042 m.
225 2019 278 2053 pr.

205 2055 298 2100 οἴει]
323 2067 388 2090 om.
412 2054 493 2088 Vat.
518 2055 563 2089 H.
590 2054 676 2090 οἴου
700 2056 779 2089 Bas.
789 2056 824 2089 b.

205 2121 298 2168 τιν’]
331 2120 400 2158 τίν’
430 2124 533 2158 Vind.
557 2125 599 2158 B.
632 2124 709 2157 Ald.
744 2125 824 2158 Bas.

159 2171 215 2205 ab.
238 2169 345 2214 τίνα,
370 2181 457 2204 am.
483 2182 509 2204 5.
534 2167 641 2214 τινὰ,
666 2171 767 2204 Vind.
780 2171 826 2207 F.

207 2235 279 2284 ἂν]
306 2252 370 2274 om.
395 2239 497 2273 Vind.
521 2240 567 2274 F.
590 2240 678 2284 Ang.
702 2240 744 2273 B.

204 2309 266 2354 σε]
304 2321 367 2342 om.
391 2309 478 2353 Ang.
501 2309 540 2342 B.
576 2321 648 2343 sese
677 2310 826 2354 aliquem

159 2360 398 2390 contentarum
419 2355 492 2389 Fic.

204 2399 281 2446 μὴ]
305 2397 374 2445 μὲν
397 2401 489 2435 Flor.
516 2401 556 2435 C.

206 2468 457 2515 ἐρωτήσαντα]
483 2466 700 2514 ἑρωτήσατα
724 2468 825 2505 Vind.

192 2543 302 2597 ’ἀλλὰ
324 2563 337 2607 ]
386 2559 485 2596 Ἀλλὰ
537 2562 612 2596 Ald.
659 2561 738 2596 Bas.
755 2562 827 2596 ·ab.

160 2609 281 2654 Steph.

210 2676 355 2723 ἐρώτα]
383 2674 505 2722 ἐρώτα
531 2677 603 2712 Ald.
628 2678 707 2711 Bas.
735 2677 790 2711 ab.

213 2745 389 2792 πάντως]
416 2746 515 2780 Vind.
542 2747 583 2780 F.
607 2747 668 2780 int.
695 2758 782 2780 vers.
808 2758 829 2780 a

164 2806 207 2827 m.
233 2805 260 2828 s.
292 2792 365 2838 γὰρ
401 2793 513 2835 addit.
555 2794 645 2838 quod
678 2792 828 2827 additum

923 1841 949 1888 ἢ
977 1836 1049 1888 αὖ]
1083 1845 1138 1877 vel
1166 1844 1282 1886 potins
1308 1842 1384 1875 Fic.
1429 1834 1479 1875 αὖ
1504 1841 1547 1874 ad

880 1892 1014 1926 initimn
1037 1890 1115 1923 libri
1140 1891 1181 1924 V.
1207 1891 1341 1934 spectat
1364 1891 1399 1921 et
1423 1888 1465 1921 ad
1495 1888 1547 1921 in-

879 1938 1004 1972 iectam
1046 1938 1089 1971 ab
1137 1936 1255 1968 eodem
1287 1935 1464 1968 Adimanto
1506 1934 1548 1966 de

881 1995 1022 2018 uxorum
1047 1982 1280 2016 conununione
1316 1981 1548 2026 quaestionem

881 2029 1166 2086 operosissimam,
1189 2039 1256 2071 quo
1281 2028 1355 2061 loco
1385 2028 1549 2060 Socrates

880 2078 987 2111 verbo
1023 2072 1345 2119 ἐπιλαμβάνεσθαι
1368 2084 1449 2107 usus
1474 2077 1551 2107 erat

881 2135 915 2169 p.
941 2123 1020 2157 450.
1046 2122 1086 2156 A.

930 2191 1088 2236 διανοῇ]
1117 2190 1273 2232 διανοεῖ,
1303 2200 1378 2234 sup.
1408 2200 1429 2222 a
1451 2199 1496 2221 m.
1521 2199 1550 2221 5.

881 2237 930 2282 ἦ,
956 2238 1055 2271 Vind.
1079 2237 1121 2270 F.
1158 2236 1304 2270 διανοεῖ
1326 2235 1549 2269 recentiores.

931 2303 1327 2351 αντιλαμβανόμενος.]
1370 2301 1547 2347 οἷντιλαμ-
1575 2304 1641 2339 505

883 2351 1112 2399 βανόμενος.·
1138 2352 1236 2386 Vind.
1262 2353 1307 2385 E.

931 2420 1039 2467 ἰδέα]
1068 2419 1170 2456 εἰδέα
1194 2421 1296 2455 Vind.
1321 2420 1362 2453 F.
1389 2431 1410 2453 a
1432 2430 1476 2452 m.
1500 2430 1552 2464 pr.

931 2489 1124 2536 μέγιστον]
1151 2486 1297 2534 μέγιστο
1322 2488 1397 2522 Ald.

932 2558 1108 2599 πολλάκις
1146 2555 1335 2614 ἀκήκοας]
1373 2553 1553 2595 πολλάκις

886 2619 952 2663 μεν
989 2604 1131 2645 αυτοὺς
1164 2600 1239 2648 ἤδη
1269 2615 1333 2637 και
1351 2600 1554 2659 πρότερον

888 2651 1089 2710 ἀκηκοέναι
1109 2650 1245 2707 φησὶν,
1271 2662 1323 2689 ως
1344 2645 1418 2705 ἄρα
1437 2645 1552 2682 τοῦτό

886 2697 964 2734 ἐστι
983 2696 1027 2733 τὸ
1050 2695 1214 2742 αγαθὸν,
1242 2708 1286 2730 ov
1307 2693 1432 2729 πάντα
1454 2692 1549 2738 ἐφίε-

887 2758 958 2826 vocis.
1006 2745 1147 2779 Proclus
1171 2743 1206 2777 in
1231 2743 1306 2777 Civ.
1332 2755 1366 2787 p.
1391 2741 1471 2783 425,
1494 2743 1550 2775 20

887 2804 906 2827 a
