1807 3219
240 148 296 187 24

693 144 1163 188 PLATONIS

241 255 437 310 ἰατρικὸν
466 256 545 311 μὲν
575 257 648 299 καὶ
677 252 875 311 ἰατρικόν
914 256 995 312 τήν
1032 258 1175 313 ψυχὴν
1213 252 1320 302 ὄντα
1355 257 1435 314 τὴν
1481 259 1619 318 αὐτὴν

242 321 380 378 φύσιν
409 323 519 379 ἔχειν
547 324 760 380 ἐλέγομεν.
790 323 819 380 ἢ
849 323 930 368 οὐκ
961 325 1065 375 οἴει,·

1108 326 1285 383 ’Έγωγε
1330 324 1545 382 Ἰατρικὸν
1575 331 1624 372 δὲ’

241 391 316 434 καὶ
342 394 595 437 τεκτονικὸν
624 392 783 449 ἄλληνς
816 391 1003 443 Πάντως
1025 408 1124 437 που.
1159 394 1358 446 Οὐκοῦν,
1380 389 1437 450 ἦν
1457 393 1498 437 δ’
1523 395 1621 451 ἐγώ,

206 466 209 469 ”
241 460 315 503 καὶ
345 461 394 503 τὸ
426 465 515 504 τῶν
545 459 723 516 ἀνδρῶν
753 461 827 504 καὶ
855 460 904 505 τὸ
934 464 1023 504 τῶν
1051 466 1276 516 γυναικῶν
1302 462 1429 518 γένος
1446 460 1522 504 ἐὰν
1543 462 1623 525 μὲν

241 526 352 581 πρὸς
381 527 533 585 τέχνην
561 530 659 573 τινὰ
685 528 725 585 ἢ
743 528 848 573 ἄλλο
877 528 1139 586 ἐπιτήδευμα
1164 530 1380 586 διαφέρον
1400 530 1623 586 φαίνηται,

242 599 376 639 τοῦτο
406 597 459 654 δή
491 595 692 655 φήσομεν
721 596 906 656 ἑκατέρῳ
937 599 1027 642 δεῖν
1058 595 1336 642 ἀποδιδόναι·
1369 596 1446 642 {dv
1466 598 1512 642 δὲ
1541 597 1624 642 αὕ-

289 744 456 802 ἰατρικὸν
478 744 543 791 μὲν
561 747 625 781 καὶ
644 745 811 793 ἰατρικὸν
835 747 903 792 τὴν

242 790 369 836 ψυχὴν
409 789 523 838 ὄντα]
566 794 664 829 Haec
699 806 835 848 quoque
868 795 904 828 in

241 838 377 882 optimis
400 839 517 880 libris,
561 852 647 885 quos
684 841 783 886 sequi
815 841 904 874 sole-

242 895 333 926 111115,
359 885 479 919 leviter
503 891 667 931 corrupta
690 897 757 921 non
782 886 845 920 nisi
869 887 905 920 in

242 929 336 964 Mon.
361 931 400 964 B.
436 931 529 965 F.lor
553 933 598 966 U.
634 934 704 974 ita,
735 937 774 966 ut
797 932 906 965 edidi-

243 987 315 1009 mus
336 1002 347 1017 ,
389 977 567 1021 leguntur.
615 978 650 1012 in
682 979 759 1012 Par.
798 978 909 1013 ADK.

243 1021 343 1055 Vind.
371 1022 446 1057 EF
471 1023 557 1057 Ven.
584 1023 624 1057 C.
650 1025 737 1068 Aug.
761 1025 802 1059 B.
827 1025 908 1057 Vat.

243 1067 289 1103 H.
315 1069 409 1104 Flor.
433 1069 608 1103 ACRTV.
641 1074 678 1103 et
711 1071 793 1105 Gal.
826 1071 906 1103 Bas.

242 1114 403 1159 scriptum
447 1119 501 1148 est
545 1114 732 1171 ἰατρικὸν
746 1114 787 1159 μὲ
784 1128 811 1149 ν
846 1115 909 1149 καὶ

245 1159 413 1204 ἰατρικὴν
450 1159 519 1204 τὴν
550 1160 676 1206 ψυχὴν
713 1158 829 1204 ὄντα,
873 1162 908 1194 111

245 1206 332 1240 Lob.
379 1207 478 1240 Vind.
506 1207 544 1239 B.
579 1212 614 1240 et
648 1219 668 1241 a
703 1220 745 1241 m.
779 1219 830 1252 pr.

246 1253 329 1285 Ven.
358 1252 398 1286 B.
438 1253 517 1285 Vat.
544 1245 593 1286 Μ.
639 1251 807 1297 ἰατρικὸν
842 1250 908 1296 μὶν

245 1296 316 1342 τὴν
350 1296 476 1342 ψυχὴν
502 1294 598 1333 ὄντα
630 1301 735 1333 101110
769 1305 910 1345 quarto—

246 1356 312 1389 que
331 1346 496 1378 νο(31)1110
513 1345 649 1388 omisso,
673 1345 762 1390 quod
780 1351 911 1379 utrum-

246 1402 313 1434 que
345 1391 444 1423 Vind.
481 1391 524 1426 D.
571 1391 604 1425 in
639 1403 705 1437 quo
740 1389 910 1435 ἰατρικὸν

246 1437 346 1470 finem
371 1440 406 1470 et
427 1448 494 1480 μεν
517 1437 648 1471 initium
670 1448 791 1472 versus
815 1437 911 1478 facit,

247 1482 297 1515 ita
321 1482 353 1515 in
378 1483 531 1538 margine
555 1484 700 1540 positum
725 1485 850 1538 habet,
872 1488 912 1516 ut

248 1526 434 1584 ἰατρικὸν,
450 1529 513 1563 καὶ
550 1528 720 1574 ἰατρικὴν
754 1526 819 1573 μὲν
841 1527 912 1573 τὴν

247 1572 372 1618 ψυχὴν
413 1569 507 1609 ὄντα
548 1576 710 1629 deinceps
751 1575 913 1609 exhibere

246 1621 424 1662 videatur3
433 1621 597 1677 denique
622 1621 659 1655 in
683 1623 762 1655 Vat.
787 1623 827 1655 Β.
855 1621 911 1655 ἰα-

245 1664 373 1710 τρικὸν
405 1663 471 1710 μὲν
504 1666 573 1711 τὴν
615 1667 741 1712 ψυχὴν
783 1666 912 1712 ἔχοντα

247 1717 385 1747 exstare
407 1713 586 1747 Bekkerus
611 1714 770 1748 ostendit.
815 1714 914 1754 Qua——

248 1771 336 1799 rum>
369 1758 515 1793 omnium
562 1760 743 1794 lectionum
790 1761 915 1793 nullam

250 1806 461 1850 probabilem
485 1817 560 1839 esse
593 1810 748 1850 apparet.
796 1807 915 1850 Longe

248 1851 348 1885 aliter
383 1857 579 1895 comparata
611 1853 672 1886 illa
707 1857 777 1894 est,
814 1864 913 1898 quam

254 1897 419 1931 editiones
455 1901 534 1932 ante
566 1898 758 1933 Bekkerum
783 1902 819 1932 et
842 1900 916 1932 Ga-

253 1943 348 1977 lenus
382 1943 510 2001 Kuhnii
552 1944 697 1978 habent:
747 1942 915 1988 ἰατρικὸν

252 1987 319 2033 μὲν
358 1988 422 2023 καὶ
463 1989 634 2034 ἰατρικὴν
679 1990 749 2035 τὴν
792 1989 916 2034 ψυχὴν

254 2034 409 2079 ἔχοντα,
435 2047 558 2079 quam,
582 2037 611 2071 si
634 2048 697 2081 pei
721 2037 853 2071 codices
877 2036 919 2069 li-

254 2082 399 2124 cuisset,
431 2081 577 2116 libenter
602 2083 837 2124 retinuissem,
861 2089 919 2116 ut-

254 2133 336 2173 pote
368 2127 412 2161 ad
447 2129 703 2173 significandum
740 2129 921 2162 discrimen

255 2174 339 2207 illud
364 2173 544 2218 exiguum,
590 2175 679 2221 quod
710 2175 800 2209 inter
837 2175 921 2208 duos

258 2221 375 2254 eadem
400 2226 522 2255 natura
543 2222 717 2267 praeditos
738 2225 841 2266 atque
860 2232 922 2274 pro

258 2268 410 2311 exemplo
436 2267 533 2300 huius
562 2268 670 2313 ipsius
702 2266 924 2313 aequalitatis

258 2314 497 2358 proponendos
542 2314 757 2347 intercedere
796 2318 924 2368 potest,

261 2359 497 2404 aptissimam,
543 2360 708 2414 siquidem
756 2356 925 2403 ἰατρικὸν

262 2417 337 2438 011111
368 2405 590 2450 interpretari
622 2405 723 2447 licet,
765 2406 825 2450 qui
857 2404 926 2438 arti

262 2450 434 2493 medicae,
458 2464 557 2496 quam
583 2432 738 2493 exercet
769 2451 925 2485 idoneam

262 2497 407 2530 indolem
431 2498 556 2540 habet,
582 2496 749 2542 ἰατρικὴν
767 2496 836 2541 τὴν
853 2503 925 2540 ψυ-

263 2540 333 2586 χὴν
359 2540 489 2586 ἔχοντα
522 2556 605 2578 vero
641 2556 738 2585 eum,
775 2544 835 2588 qui
867 2542 929 2577 tali

263 2588 400 2632 ingenio
432 2594 504 2631 est,
540 2590 693 2635 quamvis·
723 2596 830 2623 arteni
864 2600 929 2622 11011

267 2638 438 2668 exerceat.
488 2616 558 2669 Sed
581 2637 669 2670 idem
701 2636 790 2669 inter
815 2635 930 2690 ἰατρι-

268 2678 337 2714 κὸν
361 2685 397 2714 et
421 2679 588 2726 ἰατρικὸν
610 2681 678 2726 τὴν
695 2680 819 2726 ψυχὴν
839 2677 930 2716 ὄντα

268 2726 448 2761 discrimen
493 2728 601 2761 statui
648 2740 748 2773 posse
784 2728 931 2769 videtur,

270 2784 336 2806 non
360 2784 427 2818 quo
461 2772 627 2818 ἰατρικὸς
650 2774 716 2808 3113
747 2774 798 2808 5111
821 2779 932 2819 parte,

271 2830 371 2865 quam
395 2819 526 2864 animo⁷
552 2826 652 2865 aptus
672 2820 713 2854 ad
733 2831 772 2854 31
774 2825 840 2854 tem
863 2831 931 2853 1110-

864 1207 908 1242 D.
968 1212 1003 1241 et
1036 1212 1181 1246 natura,

961 749 1072 782 dicam
1105 749 1168 790 sit,
1203 752 1262 782 aut
1293 760 1359 782 non
1382 748 1534 794 quolibet
1559 748 1625 782 alio

961 795 1052 828 vitae
1076 804 1202 838 genere
1226 799 1411 840 occupatus
1447 805 1523 828 esse
1545 805 1628 849 pos-

962 840 1030 882 sit3
1076 841 1136 874 sed
1168 844 1281 874 tamen
1319 852 1420 885 quum
1458 838 1627 884 ἰατρικὸν

963 886 1130 932 appellari
1154 886 1298 931 aliquem
1324 887 1495 928 audimus,
1520 886 1627 920 medi—

964 944 1038 966 cum
1069 933 1144 966 fere
1186 932 1320 966 laudari
1353 938 1529 975 putamus,
1562 944 1630 966 11011

964 979 1097 1012 fabrum
1118 979 1261 1011 aliumve
1277 978 1442 1011 altificem
1461 978 1628 1011 describi·
1619 1003 1630 1018 ‚

965 1036 1064 1079 quum
1088 1036 1170 1057 vero
1206 1024 1358 1079 componi
1390 1036 1464 1057 cum
1499 1036 1538 1057 eo
1574 1024 1630 1057 ἰα-

966 1068 1094 1113 τρικὸν
1132 1066 1201 1113 τὴν
1234 1067 1359 1113 ψυχὴν
1403 1066 1497 1105 ὄντα
1535 1069 1632 1104 vide-

966 1127 1061 1157 mus,
1094 1115 1159 1149 hoe
1190 1115 1263 1160 ipso
1297 1116 1525 1150 additamento
1560 1128 1631 1149 mo-

966 1173 1100 1203 nemur,
1145 1164 1183 1201 111
1218 1162 1305 1195 hunc
1339 1164 1474 1196 nonnisi
1498 1162 1631 1206 ingenio

1227 1209 1369 1241 alterum
1402 1208 1504 1242 etiam
1537 1209 1630 1242 facto

968 1259 1003 1287 et
1027 1253 1160 1287 actione
1178 1251 1332 1287 idoneum
1350 1254 1540 1298 praedicari
1559 1259 1631 1287 sta—

968 1304 1119 1333 tuamus.
1163 1299 1223 1332 Sic
1246 1300 1446 1343 optimorum
1479 1300 1633 1333 codicum

966 1345 1146 1379 lectionem
1170 1357 1236 1378 una
1266 1346 1448 1380 secundum
1473 1346 1566 1393 Mon.
1592 1347 1632 1379 B.

968 1392 1058 1425 Flor.
1085 1391 1129 1425 U.
1166 1396 1297 1425 mutata
1326 1388 1456 1426 litteia
1501 1391 1634 1427 servari

967 1449 1070 1482 posse
1116 1449 1246 1471 censeo.
1304 1438 1487 1471 Bekkerus
1520 1440 1632 1483 paullo
1669 1477 1671 1479 ¹

969 1483 1103 1527 longius
1135 1494 1336 1528 progressus
1369 1485 1481 1521 Ficini
1514 1488 1633 1518 aucto-

968 1529 1074 1563 ritate
1097 1532 1266 1564 medicam
1290 1530 1342 1573 (ct
1371 1532 1540 1565 hominem
1568 1532 1634 1564 ha-

972 1578 1104 1610 bentem
1127 1577 1277 1609 animum
1299 1577 1491 1610 medicinae
1508 1578 1635 1610 studiis

970 1623 1107 1666 aptum)
1132 1622 1389 1677 interpretantis
1412 1621 1554 1679 ἰατρὸν
1554 1620 1636 1678 μὲν

970 1667 1033 1702 καὶ
1068 1666 1235 1711 ἰατρικὸν
1273 1666 1342 1711 τὴν
1382 1667 1508 1713 ψυχὴν
1541 1664 1636 1703 ὄντα

972 1714 1099 1756 edidit,
1137 1725 1235 1758 quem
1259 1714 1294 1747 in
1318 1719 1464 1770 utraque
1489 1708 1637 1748 editione

971 1741 1116 1802 tacitus,
1147 1759 1244 1804 quasi
1268 1759 1433 1804 ἰατρὸν’
1424 1773 1459 1794 111
1484 1761 1638 1794 omnibus

973 1806 1146 1840 codicibus
1163 1806 1435 1852 editionibusque
1454 1807 1639 1851 legeretur,

971 1856 1109 1886 secutus
1151 1857 1205 1885 est
1243 1853 1485 1886 Stallbaumius
1525 1858 1563 1886 et
1602 1853 1638 1887 111

971 1899 1076 1932 tertia
1112 1910 1176 1932 sua
1208 1898 1332 1932 Astius.
1383 1897 1516 1942 ἰατρὸν
1547 1900 1639 1933 haud

973 1944 1077 1978 dubie
1112 1945 1215 1978 talem
1248 1945 1463 1990 intelligebat
1502 1946 1639 1979 Bekke-

973 2002 1052 2032 rus,
1077 1992 1212 2035 qualem
1243 1991 1520 2046 Thrasymachus
1551 1991 1639 2025 libro

974 2037 1082 2090 plimo
1110 2037 1315 2092 praetexuit,
1339 2035 1408 2071 τὸν
1424 2037 1476 2083 τῷ
1495 2034 1621 2082 ακριβε
1626 2040 1645 2071 ἴ

977 2080 1071 2127 λόγῳ
1098 2080 1230 2126 ἰατρὸν
1256 2078 1368 2126 ὄντα,
1395 2095 1459 2116 non
1483 2084 1542 2128 qui
1564 2084 1639 2117 vul-

977 2140 1020 2187 {3⁷⁰
1045 2128 1326 2184 (1101111101-,01105
1350 2109 1482 2162 1111111100
1506 2141 1640 2183 semper

979 2172 1172 2218 ιατρικούς
1196 2172 1266 2218 τὴν
1290 2173 1414 2218 ψυχὴν
1447 2186 1523 2209 esse
1554 2177 1640 2209 satis

978 2225 1121 2254 constat.
1170 2221 1247 2254 Nec
1288 2232 1354 2254 non
1394 2222 1642 2256 concedendum

978 2271 1032 2300 est
1074 2277 1156 2299 vero
1191 2266 1321 2300 medico
1353 2267 1467 2301 futuro
1499 2269 1643 2303 maxime

979 2323 1064 2357 opus
1088 2323 1164 2346 esse
1188 2317 1311 2346 11311113
1334 2314 1471 2355 03(10111,
1497 2326 1565 2357 qua
1583 2314 1643 2359 qui

979 2358 1156 2413 praeditus
1184 2363 1259 2402 est,
1289 2357 1456 2404 ἰατρικὸς
1479 2360 1548 2404 τὴν
1570 2367 1642 2405 ψυ-
1657 2358 1660 2364 ’

979 2402 1048 2448 χὴν
1074 2404 1218 2438 dicatm.
1266 2406 1337 2439 Sed
1372 2406 1568 2448 Platonem,
1602 2407 1645 2440 de

982 2452 1046 2484 hoc
1071 2451 1101 2484 51
1126 2451 1315 2495 cogitaret,
1363 2453 1454 2486 nulla
1486 2453 1556 2486 eius
1593 2453 1642 2486 rei

981 2497 1230 2541 significatione
1254 2499 1348 2531 facta
1377 2498 1470 2536 velut
1493 2499 1535 2532 de
1557 2499 1644 2531 rnul-

984 2544 1031 2577 tis
1055 2555 1157 2576 unum
1190 2543 1423 2588 appellandum
1459 2556 1534 2578 eum
1563 2557 1644 2578 cen-

983 2590 1092 2622 suisse
1125 2601 1242 2634 parum
1279 2589 1460 2623 v·e1isimile
1490 2590 1645 2631 videtum

985 2647 1097 2678 neque
1137 2647 1216 2689 vero
1248 2636 1369 2669 deinde
1404 2634 1571 2691 ἰατρικὸν
1604 2634 1643 2670 δὲ·

986 2681 1147 2721 dixisset,
1190 2681 1219 2714 51
1251 2680 1383 2725 ἰατρὸν
1415 2679 1480 2724 μὲν
1505 2694 1645 2735 praece—

986 2727 1091 2760 der.et
1139 2727 1294 2761 Eicinum
1319 2731 1430 2761 autem
1466 2740 1532 2762 non
1555 2729 1645 2772 opti-

988 2785 1041 2806 mo
1073 2773 1188 2807 codice
1217 2774 1251 2807 in
1286 2773 1338 2807 his
1384 2774 1516 2818 quidem
1550 2774 1645 2807 libris

989 2830 1083 2853 usum
1135 2831 1235 2864 quum
1283 2831 1387 2864 saepe
1425 2820 1525 2866 alibi,
1573 2826 1645 2855 tum
