1807 3219
456 138 797 183 CIVITAS
844 137 968 181 LIB.
998 137 1053 194 V.
1082 138 1151 177 477

1423 142 1508 182 125

113 250 194 309 μέν
220 267 261 295 τι.
292 249 429 304 δόξαν
457 250 594 306 εἶναι,
635 255 742 303 Πῶς
773 250 860 308 γὰρ
892 249 974 300 οὕς
1014 247 1215 304 Πότερον
1253 246 1389 306 ἄλλην
1427 249 1507 294 δύ-

111 337 249 376 ναμιν
279 320 536 378 ἐπιστήμης,
565 320 595 378 ἢ
622 320 704 378 τήν
736 318 900 376 mimim-
934 317 1108 374 Ἄλλην.
1153 314 1242 361 Ἐπ’
1272 317 1388 376 ἄλλῳ
1421 319 1509 375 ἄρά

115 389 314 432 τέτακται
344 389 450 443 δόξα
479 390 552 434 καὶ
579 389 641 434 ἐπ’
673 389 789 448 ἄλλῳ
820 385 1058 444 ἐπιστήμη,
1100 385 1213 429 κατὰ
1249 385 1330 442 τήν
1368 385 1508 430 δύνα-

115 475 192 513 μιν
222 457 403 514 ἑκατέρα
433 458 513 516 τὴν
543 457 692 516 αὐτῆς.

114 608 246 649 partem
270 605 456 640 tentamina
478 606 698 651 persuadent,
723 604 783 651 qui

113 651 146 685 si
169 651 292 685 nullam
315 651 361 685 ibi
386 653 540 686 lacunam
564 653 781 693 invenissent,

112 708 180 731 non
213 697 293 731 illuc
335 698 545 743 potissimum
588 698 649 732 alii
690 678 781 732 aliud

111 744 336 802 supplementi
360 756 481 778 caussa
505 745 738 779 coniecissent.

157 786 230 845 ἦν]
255 785 304 845 ἣν
329 790 428 823 Vind.
454 790 494 826 F.
520 802 540 824 a
563 803 606 824 ιιι.
632 803 685 836 pr.

159 832 240 891 δ’]
255 833 294 870 δὲ
319 835 405 870 Lob.
434 837 531 870 Vind.
558 837 631 872 BD.

146 878 195 924 ἐξ
216 879 420 938 ἀνάγκης]
438 880 779 925 εξοῖν.1,ο1).ἒξαν.

111 928 212 964 Vind.
236 928 309 962 BF.
335 926 372 970 ἐξ
397 925 493 973 ἀνάγ
495 941 538 974 κη
564 930 666 964 Vind.
694 931 738 964 E.

160 972 221 1008 ἐπὶ
241 972 306 1019 μὴ]
331 974 388 1009 Ita
414 975 493 1010 Par.
504 976 544 1008 Α.
571 976 656 1010 Lob.
679 976 781 1010 Vind.

110 1020 186 1054 BF.
223 1021 301 1054 Vat.
324 1021 407 1055 BM.
442 1022 528 1056 Ven.
553 1021 595 1055 C.
628 1023 715 1067 Ang.
740 1023 781 1056 B.

109 1065 207 1100 Flor.
240 1067 284 1100 R.
340 1067 479 1121 Reliqui
523 1067 659 1102 codices
705 1081 781 1103 cum

111 1111 317 1146 editionibus
349 1113 401 1160 τῷ
445 1113 683 1159 interpositum
718 1115 781 1149 ha-

109 1157 212 1212 bent,
254 1159 346 1204 quod
379 1171 445 1193 ιιοιι
478 1160 587 1204 magis
619 1172 781 1195 necessa-

108 1203 218 1245 rIum,
241 1216 343 1260 quam
367 1205 495 1250 paullo
500 1210 586 1240 ante
608 1205 644 1240 in
666 1207 781 1241 verbis

105 1248 155 1294 μὴ
188 1246 257 1285 ὀν
256 1247 310 1285 δὲ
325 1251 492 1307 ,μηδαμῇ
532 1255 612 1297 post
637 1250 681 1287 τὸ
714 1250 780 1298 μὲν

105 1297 300 1337 παντελῶς
322 1309 379 1331 ον.

153 1338 261 1387 οντι]
290 1339 384 1378 ὄντα
407 1343 501 1378 Flor.
525 1343 571 1381 R.

150 1388 233 1444 τῷ]
261 1387 305 1424 τὸ
331 1390 432 1424 Vind.
456 1390 502 1424 E.

104 1423 406 1517 w33f⁷31523
440 1435 778 1519 3331·133·

103 1527 197 1561 Mon.
222 1528 264 1562 B.
288 1527 384 1564 Flor.
396 1528 572 1564 ACTUV.
598 1531 675 1564 Ald.
694 1531 776 1566 Bas.

103 1574 159 1608 ab.
182 1570 329 1607 τούτων
355 1574 453 1608 Vind.
478 1575 585 1610 BDF.
608 1577 704 1611 Flor.
731 1579 774 1614 R.

101 1623 159 1660 et,
184 1623 223 1652 ut
245 1619 406 1661 videtur,
438 1621 519 1655 Par.
544 1622 588 1656 D.
620 1623 708 1668 Ang.
733 1624 774 1659 B.

103 1677 180 1699 cum
201 1666 323 1699 Ficino
337 1691 347 1708 ‚
381 1666 557 1711 Stephano
582 1672 617 1704 et
640 1669 750 1704 Astio.

149 1712 212 1755 τι]
239 1724 306 1746 om.
330 1713 419 1756 Ang.
442 1713 485 1747 B.

107 1757 240 1838 Bffioel]
266 1771 331 1793 om.
356 1758 446 1793 Lob.
468 1759 570 1795 Vind.
593 1760 667 1796 BD.
691 1761 773 1796 vat.

81 1880 82 1883 ,
150 1848 215 1892 τε]
241 1862 307 1884 om.
333 1849 432 1884 Vind.
455 1850 530 1885 BD.

152 1895 213 1939 τι]
255 1899 335 1940 post
369 1892 414 1930 ὂν
448 1896 577 1931 habent
606 1893 759 1942 Ang.B

106 1941 202 1975 Flor.
232 1942 276 1976 R.
318 1941 420 1978 Vind.
452 1943 498 1976 F.
531 1943 631 1989 isque
667 1944 705 1979 τί
739 1948 776 1979 et

105 1987 170 2022 int.
193 1999 284 2021 vers.
312 1999 333 2022 a
355 1999 399 2021 m.
426 1999 453 2021 5.
479 1989 641 2026 additum.

152 2031 349 2078 τυγχάνει]
375 2032 550 2078 τυγχάνοι
574 2036 674 2072 Vind.
699 2037 773 2073 BD.

103 2079 184 2114 Par.
208 2080 255 2113 K.
278 2091 347 2114 sec.
372 2081 484 2115 Bekk.

149 2126 350 2170 τοιοῦτον]
375 2127 528 2161 τοιοῦτο
554 2127 642 2162 Lob.
669 2128 772 2162 Vind.

101 2171 176 2206 BD.
203 2173 282 2207 Vat.
305 2172 387 2206 ΒΜ.
434 2172 628 2216 τοιοῦτος,
659 2174 772 2209 deleto

101 2229 165 2262 per
188 2217 310 2252 lineam
342 2218 508 2253 directam
532 2231 574 2262 ς,
608 2220 704 2255 Mon.
728 2222 770 2255 Β.

101 2263 245 2308 Signum
259 2263 497 2309 interrogandi
508 2265 690 2300 Bekkerus
707 2278 772 2312 po-

100 2311 181 2343 suit.

140 2349 209 2399 Ἆρ’
225 2354 237 2399 ]
263 2350 323 2399 ἄρ’
349 2355 451 2390 Vind.
475 2356 519 2390 F.

146 2400 323 2446 λέγομεν]
347 2406 428 2447 post
452 2415 488 2436 τι
512 2402 601 2437 idem
624 2406 661 2438 et
676 2403 770 2440 Flor.

144 2488 262 2537 αλλην
285 2511 329 2518 -
357 2489 427 2536 τήν
455 2490 602 2539 αυτήν]
628 2497 772 2531 eandem

93 2558 140 2565 —-
161 2540 340 2573 diversam
362 2538 439 2572 Fic.

142 2583 241 2619 κατὰ
259 2581 328 2629 τήν
350 2581 548 2628 δύναμιν
534 2583 700 2633 εκατέρα
701 2585 770 2631 τὴν

96 2627 240 2676 σκυτῆς]
282 2630 395 2687 Vulgo
419 2635 500 2666 ante
521 2631 610 2665 Astii
633 2628 770 2668 secund.

96 2677 276 2733 legebatur
299 2675 397 2711 κατὰ
402 2675 489 2733 τὴν
502 2674 637 2734 αυτ-ἠν
656 2676 769 2713 δύνα-

95 2734 178 2766 μιν,
203 2719 228 2768 ἢ
253 2721 350 2758 κατὰ
370 2720 441 2777 τὴν
461 2720 583 2768 αὐτὴν
609 2722 771 2769 δύναμιν

97 2766 256 2814 ἑκατέρα
283 2766 354 2814 τήν
382 2765 525 2814 αὐτῆς,
552 2772 770 2816 quemadmo-

97 2814 177 2850 dum
219 2815 384 2862 scriptum
422 2819 477 2852 est
518 2816 556 2852 in
590 2817 691 2856 Vind.
722 2818 768 2854 E.

757 455 921 507 Οὕτως.

763 1925 772 1934 .
831 1897 914 1938 bat,

981 453 1162 499 Ου’κοῦν
1187 454 1397 512 ἐπιστήμη
1428 455 1510 513 μὲν

841 603 920 637 vat.
946 603 990 637 H.
1017 602 1132 647 (Flor.
1152 601 1316 640 ACRTV
1319 605 1346 649 .)
1367 604 1510 640 lectum-

839 661 906 694 que
930 661 951 683 a
974 649 1112 683 Ficino:
1146 651 1204 683 vcl
1230 653 1414 685 secundum
1444 664 1510 695 po-

838 697 984 730 tentiam
1020 696 1185 737 eandem,
1227 698 1282 731 vel
1326 699 1510 731 secundnm

837 743 982 776 eandem
999 747 1146 786 utraque
1171 742 1224 775 sm·
1247 744 1354 788 ipsius
1382 749 1509 787 poten-

835 789 936 822 tiam.
984 787 1100 821 Astius
1124 787 1158 820 in
1190 788 1270 822 Par.
1294 789 1338 823 K.
1364 794 1400 823 et
1426 790 1507 823 Bas.

834 833 868 867 b.
894 838 1041 890 quatuor
1065 834 1206 877 priora,
1239 835 1273 868 in
1306 836 1371 869 hac
1406 836 1508 870 etiam

838 880 992 934 quintum
1013 875 1036 923 ἢ
1058 886 1093 913 et
1109 881 1436 937 antepenultimum
1423 893 1505 916 εκα-

838 924 928 981 τέρα
953 926 1063 960 omitti
1086 926 1204 960 videns
1228 925 1324 961 κατὰ
1344 926 1432 983 τὴν
1437 924 1504 962 ocv'-

837 970 907 1017 τὴν
926 970 1085 1015 δύναμιν
1108 970 1264 1016 ἑκατέρα
1292 971 1362 1018 τὴν
1385 970 1506 1018 αυτῆς

837 1019 969 1061 edidit,
1002 1030 1104 1064 quam
1135 1019 1339 1064 scripturam
1363 1020 1502 1054 Bekke-

836 1076 895 1098 rus
920 1071 956 1099 et
982 1065 1222 1099 Stallbaumius
1245 1066 1324 1100 Par.
1343 1066 1383 1100 A.
1408 1066 1502 1100 Mon.

837 1111 879 1145 B.
903 1111 996 1145 Flor.
1021 1111 1066 1145 U.
1093 1111 1301 1145 auctoritate
1334 1113 1505 1147 firmatam

836 1161 1032 1191 tenuerunt.
1090 1158 1202 1191 Recte
1248 1158 1339 1192 haud
1386 1159 1504 1202 dubie,

837 1204 929 1249 quod
972 1204 1015 1238 ad
1049 1203 1189 1248 priora,
1238 1204 1357 1238 Astius
1392 1207 1502 1239 locum

838 1250 1025 1292 constituit,
1050 1255 1085 1283 et
1100 1250 1208 1284 verba
1227 1248 1324 1284 κατὰ
1345 1249 1416 1295 τὴν
1436 1248 1504 1285 ocv’-

836 1294 906 1340 τὴν
928 1294 1088 1339 δύναμιν
1108 1296 1210 1331 etiam
1230 1299 1262 1330 in
1282 1297 1423 1353 reliquis
1443 1309 1505 1331 ιιο-

836 1354 912 1375 vem
958 1342 1148 1384 codicibus
1196 1343 1252 1387 qui
1290 1356 1314 1387 η
1355 1344 1505 1378 retinent

837 1388 942 1432 (Ven.
966 1388 1006 1421 B.
1031 1390 1116 1422 haec
1140 1389 1250 1422 omnia
1278 1389 1411 1434 omisit)
1443 1391 1506 1424 de-

834 1439 941 1476 sunt,
965 1434 1024 1468 sed
1050 1435 1216 1479 quomodo
1241 1436 1394 1480 potentia
1417 1437 1505 1470 utri-

833 1480 925 1514 usvis
950 1480 1092 1535 propria
1116 1482 1237 1514 eadem
1274 1482 1341 1515 dici
1375 1486 1411 1515 et
1434 1480 1505 1526 τὴν

834 1523 956 1571 αὐτὴν
987 1524 1148 1569 δύναμιν
1181 1527 1285 1560 scribi
1320 1540 1339 1561 a
1363 1528 1506 1563 Platone

832 1573 1006 1618 potuerit,
1029 1584 1141 1618 neque
1165 1573 1284 1607 Astius
1310 1574 1424 1608 docuit
1444 1587 1506 1609 ne-

833 1631 901 1664 que
921 1619 1028 1663 alius,
1055 1619 1196 1673 opinor,
1222 1619 1371 1655 docebit.
1418 1621 1506 1655 Per-

832 1671 1047 1721 opportune.
1068 1665 1174 1709 igitur
1213 1665 1363 1710 accidit,
1414 1668 1505 1712 quod

832 1709 955 1755 αὐτὴν
987 1722 1009 1746 a
1036 1711 1138 1744 Vind.
1173 1711 1214 1745 F.
1247 1713 1364 1754 abest,
1415 1714 1506 1759 quod

832 1761 933 1791 etiam
947 1757 989 1790 de
1004 1757 1201 1791 coniectura
1221 1758 1399 1793 delendum
1415 1764 1504 1802 erat,

830 1808 952 1849 utpote
977 1815 1019 1837 ex
1038 1810 1160 1837 vetere
1179 1805 1396 1848 glossemate,
1417 1817 1502 1850 qua-

831 1851 864 1883 le
895 1850 1038 1894 vulgata
1072 1855 1154 1883 ante
1185 1850 1321 1884 Astium
1360 1852 1502 1886 exhibe-—

964 1904 1150 1949 superstes.
1220 1896 1374 1930 Fuerant
1413 1898 1502 1933 enim

831 1942 891 1987 qui
915 1942 1002 1976 male
1025 1942 1176 1987 repetita
1194 1943 1336 1977 nominis
1355 1941 1502 1988 ἐπιστή-

830 2000 881 2032 μη
906 1988 1022 2023 littera
1046 1993 1198 2023 extrema
1221 1994 1257 2022 et
1280 1991 1502 2047 responsione

831 2035 1019 2068 Glauconis
1055 2035 1186 2069 inducti
1228 2035 1280 2068 his
1319 2036 1433 2070 verbis
1461 2033 1499 2093 ἢ

829 2078 925 2114 κατὰ
954 2079 1025 2125 τὴν
1052 2078 1212 2124 δύναμιν
1241 2078 1399 2125 ἑκατέρα
1429 2080 1500 2127 τὴν

832 2123 952 2170 αυτῆς
1009 2127 1152 2161 alteram
1209 2128 1501 2174 interrogationis

829 2177 962 2218 paltem
994 2173 1160 2207 contineri
1184 2177 1377 2207 statuentes
1405 2175 1500 2220 prio-

829 2231 901 2253 rem
937 2219 1166 2275 supplendam
1190 2224 1352 2274 putarent
1395 2228 1498 2275 atque

827 2265 877 2299 ita
900 2264 994 2298 κατὰ
1014 2263 1085 2309 τὴν
1116 2261 1258 2322 αὐτὴν
1274 2263 1434 2310 δύναμιν
1463 2266 1501 2301 in

828 2311 982 2355 margine
1015 2316 1094 2357 post
1128 2309 1308 2367 ἐπιστήμη
1347 2313 1502 2358 interpo-

829 2357 960 2399 larent,
993 2358 1083 2392 unde
1108 2355 1232 2401 αὐτὴν
1257 2359 1360 2392 etiam
1385 2359 1420 2392 in
1443 2370 1502 2393 eos

829 2403 966 2438 codices
990 2403 1208 2448 immigravit,
1233 2404 1290 2449 qui
1313 2400 1342 2448 ἢ
1362 2417 1428 2439 ιιοιι
1445 2417 1503 2439 re·-

829 2454 1005 2495 ceperunt.
1053 2450 1151 2485 Unus
1177 2454 1290 2484 autem
1324 2450 1408 2493 ifle,
1444 2450 1503 2496 qui

828 2497 873 2531 ab
909 2496 974 2530 hoc
1016 2507 1135 2530 errore
1167 2496 1321 2530 immunis
1367 2497 1503 2540 mansit,

827 2554 896 2576 non
921 2543 1027 2576 solum
1050 2537 1074 2586 ἢ
1101 2553 1175 2576 cum
1190 2542 1405 2598 plerisque,
1442 2522 1503 2577 sed

827 2588 931 2622 etiam
964 2587 1027 2622 καὶ
1066 2594 1145 2633 post
1183 2583 1208 2632 ἢ
1255 2588 1345 2622 inter
1380 2600 1501 2624 versus

827 2633 981 2669 additum
1003 2635 1119 2676 habet,
1145 2633 1236 2679 quod
1259 2634 1295 2668 in
1318 2636 1429 2669 locum
1448 2636 1502 2669 vi-

827 2681 907 2714 tiosi
929 2676 956 2724 ἢ
988 2680 1260 2714 substituendum
1299 2681 1399 2715 alicui
1436 2693 1501 2737 po-

826 2729 920 2760 terat
952 2726 1073 2760 videri.
1129 2726 1291 2760 Ceterum
1332 2739 1396 2772 pro
1429 2725 1502 2771 τὴν

825 2776 906 2817 post
945 2769 1102 2816 ἑκατέρα
1146 2772 1234 2807 Lob.
1281 2773 1386 2807 Vind.
1421 2773 1497 2807 BD.

826 2819 907 2855 vat.
930 2818 1010 2854 ΒΜ.
1047 2818 1139 2864 τῆς,
1163 2830 1226 2866 pro
1254 2814 1377 2865 αυτῆς
1409 2818 1498 2854 Lob.
