1807 3219
304 118 385 158 176
746 110 1223 154 PLATONIS

309 225 565 282 Φιλόσοφον
602 224 827 281 μὲνῆᾶρα,
862 218 920 280 ἦν
949 222 990 268 δ’
1023 223 1126 280 ἐγώ,
1168 225 1340 279 πλῆθος
1370 220 1594 267 ἀδύνατον
1622 222 1682 268 εἶ-

300 312 386 338 ναι.
440 292 695 337 Ἀδύνατονῑ·
716 301 725 323 ‘'-
754 293 842 335 Καὶ
872 292 976 344 τούς
1009 283 1370 349 φιλοσοφοῦντας
1399 290 1485 346 ἄρα
1510 285 1682 350 ἀνάγιιη

302 354 514 418 ψέγεσθαι
556 359 636 404 ὑπ’
680 358 840 404 αὐτῶν.
893 359 1092 416 Ἀνάγκη.
1152 359 1239 402 Καὶ
1286 358 1374 403 ὑπὸ
1411 358 1581 403 τούτων
1629 362 1683 417 δή

298 435 389 474 τῶν
418 431 627 482 ἰδιωτῶν,
661 428 762 472 ὅσοι
789 433 1160 484 προσομιλοῦντες
1191 428 1301 485 ὄχλῳ
1331 426 1686 489 ἄρὲσκειν·αὐτῷ

300 500 582 554 ἐπιθυμοῦσι.
627 502 806 554 ΚΔΔῆλον.
860 495 934 541 Ἐκ
965 497 1018 553 δὴ
1055 496 1224 540 τούτων
1266 499 1366 559 τίνα
1405 497 1513 554 ὁρᾷς
1544 509 1686 554 σωτη-

302 569 403 622 ρίαν
434 567 669 624 φιλοσόφῳ
700 567 855 623 φύσει,
902 563 1003 610 ὥστ’
1037 565 1083 608 ἐν
1114 569 1174 621 τῷ
1204 564 1508 622 ἐπιτηδεύματι
1538 568 1686 619 μείνα-

303 647 385 678 σαν
427 634 539 689 πρός
579 636 700 686 τέλος
739 636 903 684 ἐλθεῖν;
942 631 1083 677 ἐννόει
1125 633 1165 676 δ’
1209 634 1256 677 ἐκ
1294 639 1383 677 τῶν
1425 634 1686 689 ἔμπροσθεν.

241 742 244 743 ⁷
303 703 576 759 ὡμολόγηται
614 706 698 760 γὰρ
738 703 790 760 δή
830 702 935 760 ἡμῖν
975 700 1186 756 εὐμάθεια
1227 702 1301 745 καὶ
1330 700 1475 758 μνήμη
1505 704 1579 746 καὶ
1609 701 1688 747 οἶν-

304 774 404 826 δρία
434 773 507 816 καὶ
536 773 879 828 μεγαλοπρέπεια
908 768 1067 826 ταύτης
1097 767 1210 813 εἶναι
1239 773 1314 825 τῆς
1344 764 1528 825 φύσεως.
1580 773 1686 816 Ναί.

306 838 487 883 Οὐκοῦν
528 839 666 891 εὐθύς
704 839 751 883 ἐν
790 843 926 883 πᾶσιν
966 837 989 883 ὁ
1031 841 1234 887 τοιοῦτος
1270 841 1444 892 πρῶτος
1481 840 1598 884 ἔσται
1642 841 1688 885 ἐν

305 907 487 960 ἅπασιν,
530 907 672 959 ἄλλως
700 924 743 952 τε
773 908 846 952 καὶ
876 907 952 954 ἐὰν
991 906 1039 951 τὸ
1073 909 1197 962 σῶμα
1227 909 1322 962 φυῇ
1350 908 1607 965 προσφερής
1635 913 1690 967 τῇ

355 1079 590 1126 Φιλόσοφον]
629 1078 848 1129 φιλοσόφων
873 1081 974 1115 Vind.

307 1128 350 1176 Ε.
400 1130 515 1164 Verba
552 1126 760 1172 φιλόσοφον
797 1140 864 1171 μεν
892 1124 976 1171 οὖν,

307 1170 356 1218 ἦν
378 1171 433 1207 δ’
468 1171 536 1218 ἐγώ
557 1200 566 1216 ,
598 1175 746 1218 πλῆθος
784 1172 974 1207 οὲδύνατον

307 1218 481 1264 γενέσθαι
530 1221 603 1253 sine
651 1220 799 1254 auctoris
842 1221 974 1254 nomine

310 1267 425 1312 posuit
452 1267 607 1300 Clemens
632 1267 684 1300 Al.
712 1268 840 1301 Strom.
865 1267 905 1301 L.
934 1267 973 1299 V.

310 1324 344 1357 p.
372 1314 460 1354 655,
488 1315 541 1347 11.
589 1313 767 1346 Bekkerus
793 1316 828 1345 et
849 1313 973 1346 Stallb.

308 1360 392 1392 haec
417 1363 452 1391 et
476 1359 630 1404 proxime
648 1358 828 1412 sequentia
849 1359 972 1392 Socra-

308 1410 377 1438 tem
412 1405 677 1459 interrogantem
711 1402 874 1446 faciunt,
918 1405 975 1438 illa

308 1463 393 1484 vero
424 1464 487 1485 και
514 1448 592 1485 υπὸ
623 1448 766 1484 τούτων
791 1456 859 1485 etc.
891 1462 976 1496 quo-

308 1508 383 1530 rum
431 1501 555 1530 tamen*
582 1497 678 1530 ratio
714 1497 832 1530 eadem
853 1522 863 1538 ,
910 1508 976 1530 non

309 1544 403 1578 item.
474 1543 559 1577 Mihi
594 1547 736 1587 propter
776 1554 842 1584 μεν
888 1543 974 1576 haec

310 1590 422 1623 onmia
457 1590 674 1623 affirmationi
704 1589 883 1637 propriora
926 1589 977 1622 vi-

313 1637 445 1669 dentur.
473 1635 631 1668 Ceterum
657 1638 735 1679 post
759 1638 854 1667 εἰναι
876 1636 978 1668 etiam

313 1682 400 1716 Lob.
425 1681 699 1725 interrogationis
727 1684 838 1714 notam
864 1681 977 1715 habet.

360 1745 436 1793 ἄρα
462 1746 623 1793 ἀνάγκη]
650 1746 708 1784 οἷν.
732 1745 807 1795 ἄρα
826 1748 979 1786 Vind.F.

314 1796 401 1841 Ang.
425 1798 465 1831 B.
491 1797 582 1829 Flor.
606 1797 649 1830 R.

360 1863 572 1909 ψέγεσθαι]
595 1862 808 1909 ψεύδεσθαι
829 1864 909 1899 Par.
933 1864 980 1900 K.

317 1924 385 1947 sec.
411 1913 522 1947 Bekk.

345 1978 426 2026 stin?
446 1978 597 2024 αὐτῶν]
621 1976 686 2013 ὑπ’
708 1976 827 2014 αὐτοῦ
846 1980 927 2013 Bas.
945 1981 979 2013 b.

319 2029 367 2062 ab·
380 2040 417 2061 eo
443 2029 509 2071 (sc.
529 2027 649 2071 vulgo)
675 2026 746 2060 Fic.
796 2027 851 2061 Cf.
871 2027 982 2060 Bern-

319 2074 426 2118 hardy
450 2078 539 2117 synt.
563 2085 598 2117 p.
622 2074 701 2107 288.

363 2139 541 2187 Ἀναγκη.]
567 2140 630 2175 καὶ
653 2137 795 2185 ἀνάγκη
816 2140 916 2176 Vind.
936 2139 982 2176 F.

359 2207 493 2267 αυτῷ]
521 2207 613 2244 av'td
639 2210 738 2246 Vind
753 2210 792 2244 F.
818 2221 838 2244 a
860 2222 904 2243 m.
929 2221 982 2256 pr.

318 2254 439 2291 αυτοῦ
465 2257 556 2290 Flor.
583 2257 655 2291 AC.

354 2324 591 2369 ἐπιθυμοῦσι.
593 2327 605 2369 ]
618 2323 876 2369 ἐπιθυμοῦσιν.
891 2325 982 2358 Bek-

317 2373 433 2407 kerus.
470 2372 611 2405 Ficinus
637 2373 721 2406 hanc
739 2372 891 2406 Socratis
915 2369 982 2415 ῥῆ-

320 2429 377 2452 σιν
400 2419 452 2451 ita
475 2419 666 2452 contraxit:
693 2420 740 2452 Et
759 2431 781 2452 a
799 2420 982 2463 quibusque

317 2467 445 2510 populo
460 2467 597 2508 placere
617 2466 817 2499 volentibus.

369 2530 527 2577 ανδρίοι]
573 2529 666 2577 ἄνδρ
670 2532 728 2567 είοι
759 2533 843 2567 Lob.
879 2532 982 2569 Vind.

321 2580 485 2679 ξ.4ἷὲ“>11οι“.
486 2579 680 2659 BACRTV.
712 2579 914 2646 Stallbauin.
945 2581 985 2613 ut

369 2668 531 2716 ταύτης]
557 2669 689 2716 ταύτη-
698 2645 799 2707 Viiid.
823 2640 868 2707 Ε,

345 2737 552 2821 ι)φύσεως.]
590 2737 761 2783 φύσεωςς
796 2741 873 2775 Ald.
903 2741 984 2776 Bas.

324 2798 345 2821 a
370 2811 379 2821 ,
541 2808 543 2810 .
592 2810 595 2813 μ
720 2812 723 2814 .

1079 1093 1118 1114 εν
1149 1081 1288 1126 πᾶσιν]
1339 1082 1435 1126 apud
1465 1093 1577 1116 omnes
1616 1082 1689 1116 Fic.

1029 1128 1149 1161 Potius
1181 1129 1271 1161 inter
1304 1140 1416 1162 omues
1448 1139 1495 1162 sc.
1519 1128 1689 1177 aequales.

1029 1175 1138 1207 Recte
1167 1186 1248 1207 vero
1285 1174 1347 1207 hoc
1371 1174 1588 1208 masculinum
1614 1186 1691 1208 esse

1029 1221 1149 1253 statuit
1178 1220 1339 1261 Ficinus,
1374 1220 1464 1264 quod
1498 1220 1691 1265 circumpo-

1029 1268 1094 1299 sita
1114 1262 1232 1305 εὕθὺς
1251 1270 1285 1299 et
1304 1263 1324 1300 ὁ
1347 1266 1517 1305 τοιοῦτος
1534 1270 1692 1310 arguunt,

1029 1324 1171 1356 quorum
1196 1313 1290 1365 prius
1313 1312 1416 1345 etiam
1436 1313 1582 1346 ineuntis
1596 1316 1691 1347 aeta-

1029 1359 1073 1391 tis
1109 1358 1392 1401 significationem
1437 1359 1607 1399 continet,
1654 1364 1692 1393 ut

1032 1410 1215 1448 propterea
1255 1416 1339 1448 opus
1384 1416 1449 1439 non
1491 1405 1536 1438 sit
1573 1405 1692 1439 Geerii

1033 1451 1228 1483 coniectura
1252 1451 1354 1485 diatr.
1378 1451 1412 1484 in
1437 1451 1590 1496 politices
1604 1452 1692 1485 Plat.

1031 1496 1196 1541 principia
1220 1509 1250 1538 p.
1270 1497 1324 1530 58.
1349 1498 1475 1531 παισὶν
1496 1508 1558 1542 pro
1578 1497 1694 1530 πᾶσιν

1033 1542 1256 1586 requirentis,
1295 1543 1385 1587 quod
1408 1543 1524 1577 Astius
1555 1543 1588 1577 in
1624 1555 1692 1578 see.

1034 1588 1157 1628 edidit,
1181 1588 1214 1620 in
1238 1590 1353 1629 tentia,
1377 1593 1415 1623 ut
1439 1589 1694 1632 Stallbaumius‚

1034 1634 1210 1679 probabile
1235 1635 1299 1668 sibi
1325 1615 1432 1669 videri
1450 1635 1610 1677 ostendit,
1633 1635 1696 1669 ad-

1035 1680 1108 1713 dita
1136 1685 1247 1713 tamen
1282 1681 1390 1715 attera
1415 1682 1610 1715 coniectura
1635 1693 1695 1715 ευ-

1035 1724 1112 1765 θὺς
1133 1723 1170 1759 ἐκ
1187 1725 1334 1766 παιδός.
1382 1728 1506 1785 Neque
1523 1739 1604 1761 vero
1623 1739 1696 1761 am-

1035 1772 1184 1816 biguitas
1220 1774 1262 1806 ob
1302 1785 1448 1819 sequens
1483 1772 1522 1808 ἐν
1555 1769 1696 1807 οἱπασιν

1036 1819 1176 1862 vulgato
1207 1820 1422 1862 adversania,
1453 1820 1552 1854 immo
1575 1820 1698 1859 minor,

1036 1876 1137 1910 quam
1170 1865 1204 1898 in
1237 1866 1356 1899 Geerii
1386 1866 1530 1900 lectione
1561 1872 1635 1907 est,
1667 1866 1697 1900 si

1035 1910 1150 1944 πᾶσιν
1196 1912 1412 1945 masculinum
1458 1924 1534 1946 esse
1568 1915 1698 1945 certum

1037 1961 1101 1991 est.
1147 1957 1311 1991 Similiter
1342 1959 1456 1992 πᾶσιν
1489 1963 1526 1992 et
1557 1954 1697 1992 ἅπασιν

1038 2004 1080 2036 ad
1104 2002 1257 2037 diversas
1282 2015 1336 2037 res
1359 2010 1517 2049 spectare
1540 2004 1699 2037 videntur

1037 2048 1592 2105 Leg.1..1111.p.723.c=v‹*›
1613 2046 1698 2103 μέν·

1037 2106 1096 2128 τοι
1118 2092 1284 2138 μεγάλων
1304 2093 1389 2139 πέρι
1414 2093 1618 2139 λεγομένων
1636 2091 1698 2129 νό-

1037 2153 1116 2184 μων
1136 2140 1199 2174 uoci
1222 2143 1382 2186 σμικρῶν
1400 2143 1434 2176 εἰ
1451 2140 1589 2185 ὁμοίως
1608 2144 1697 2197 προ-

1040 2184 1273 2241 οιμιάζεσθαι
1290 2186 1603 2244 προστάττοιμεν,
1630 2184 1699 2221 οὐκ
1722 2215 1729 2218 ,

1039 2228 1087 2266 ὃὶν
1116 2230 1244 2277 ὀρθῶς
1281 2232 1456 2289 λέγοιμεν.
1501 2231 1588 2268 ονδε
1627 2245 1699 2278 γαρ

1038 2276 1205 2334 ᾄσματος
1229 2277 1319 2313 οὐδὲ
1338 2278 1449 2324 λόγου
1471 2277 1614 2320 παντὸς
1642 2280 1703 2314 δεῖ

1038 2322 1081 2359 τὸ
1098 2326 1272 2359 τοιοῦτον
1298 2327 1414 2380 δρᾷν,
1439 2327 1563 2360 καίτοι
1581 2323 1700 2382 πέφυ-

1036 2369 1078 2406 κέ
1092 2383 1140 2427 γε
1163 2369 1258 2405 εἶναι
1280 2373 1415 2417 πᾶσιν,
1440 2370 1522 2406 ἀλλ’
1548 2369 1592 2406 οὐ
1614 2384 1698 2416 χρη-

1038 2415 1144 2452 στέον
1168 2429 1318 2453 απασιν.
1343 2431 1392 2453 sc.
1413 2419 1635 2463 προοιμίοις.

1088 2483 1108 2521 ὁ
1121 2487 1349 2528 τοιοῦτος-
1359 2479 1511 2533 ἅπασιν]
1526 2499 1589 2522 om.
1597 2486 1700 2522 Vind.

1039 2533 1080 2566 B.
1106 2535 1186 2568 Vat.
1210 2534 1260 2569 Μ.

1086 2593 1256 2648 πρῶτος]
1299 2605 1378 2647 post
1408 2599 1509 2636 ε’σται
1541 2601 1621 2635 Par.
1654 2600 1699 2635 K.

1040 2649 1183 2683 Antiatt.
1208 2649 1316 2682 Bekk.
1340 2661 1395 2683 an.
1418 2661 1498 2694 pag.-
1524 2649 1609 2689 111,
1634 2648 1700 2681 16.

1041 2692 1232 2738 πρώτους·
1257 2706 1347 2735 τους
1373 2692 1562 2751 ἀρίστους.
1598 2673 1699 2726 ’Πλά-

1041 2753 1115 2774 των
1144 2742 1340 2788 Πολιτείᾳ,
1373 2738 1573 2786 Ηρόδοτος
1601 2736 1700 2783 πρώ-

1040 2798 1102 2832 τῳ.
