1807 3219
480 161 820 205 CIVITAS
860 160 984 203 LIB.
1015 161 1070 201 V.
1100 163 1166 198 457

142 272 190 317 τὸ
224 273 271 317 δὲ
300 271 517 328 βλαβερόν
554 273 748 330 αἰσχρόν.

810 271 1072 318 Παντάπασι
1112 271 1191 326 μὲν
1232 264 1327 314 οὖν.

1478 160 1538 200 35

1390 271 1537 313 Τοῦτο

144 342 223 399 μὲν
252 344 404 386 τοίνυν
431 343 481 385 ἓν
522 341 666 396 ὥσπερ
706 346 827 398 κῦμα
863 346 1017 399 φῶμεν
1058 337 1315 396 διαφεύγειν
1343 341 1429 383 τοῦ
1456 353 1539 395 γυ-·

143 413 342 459 ναικείου
370 411 471 465 πέρι
507 411 649 468 νόμου
678 413 900 469 λέγοντες,
940 410 1049 455 ὥστε
1079 407 1137 466 μή
1169 406 1421 451 παντάπασι
1450 424 1536 451 κα-

143 484 448 536 τακλυσθῆναι
475 480 701 532 τιθέντας,
740 480 799 532 ὡς
838 483 906 524 δεῖ
931 483 1060 536 κοινῇ
1089 476 1235 521 πάντα
1264 474 1535 533 ἐπιτηδεύειν

143 548 253 601 τούς
279 564 325 593 τε
356 547 560 604 φύλακας
588 548 693 606 ἡμῖν
722 550 795 593 καὶ
821 549 898 599 τὰς
928 548 1195 604 φυλακίδας,
1227 543 1337 589 ἄλλα
1367 561 1427 602 πη
1456 544 1536 589 τὸν
1564 550 1596 592 C

143 617 279 674 λόγον
313 615 450 663 αὐτὸν
481 618 598 679 αὐτῷ
629 616 964 675 ὁμολογεῖσθαι,
1010 616 1070 669 ὥς
1099 613 1267 660 δυνατά
1297 630 1342 658 τε
1370 614 1444 658 καὶ
1475 611 1532 658 ὠ-

142 777 196 802 ev-
220 765 262 800 L.
286 767 366 802 XV.
390 780 425 822 p.
451 767 532 804 465.
553 769 703 803 fortasse
720 768 810 802 hunc

141 812 252 846 locum
274 814 472 870 respicienti
497 812 517 849 ὁ
545 812 583 857 ἐξ
607 812 726 858 αὐτῆς
743 815 810 870 τῆς

143 857 383 905 δικαιοσύνης
406 859 475 895 τὸν
498 860 646 904 καρπὸν
663 862 729 906 τῆς
750 857 809 895 εύ-

146 904 343 950 δαιμονίας
367 904 594 952 δρεπόιιενος
618 907 753 942 dicitur.

191 995 324 1044 οὐδὲν]
350 995 438 1034 ου’δε
462 1000 579 1034 Astius
603 1000 640 1034 in
662 1011 730 1034 sec.
754 999 808 1033 ed.

143 1044 275 1078 Euseb.
298 1046 432 1080 Theod.
458 1052 613 1101 excepto
619 1058 686 1080 uno
707 1046 810 1080 Ursi-

143 1091 180 1124 ni
204 1091 339 1135 codice,
368 1092 403 1125 in
427 1105 495 1148 quo
531 1089 664 1136 οὐδὲν,
700 1097 736 1126 et
759 1093 807 1126 al-

98 1170 100 1173 ,
143 1142 243 1179 tero,
274 1138 310 1193 ἰίι
343 1150 411 1183 quo
447 1136 516 1172 οὐκ
541 1144 626 1173 erat.
676 1132 809 1183 ὦνδεν,

141 1193 217 1229 sup.
243 1180 313 1228 ου’,
338 1184 440 1218 Vind.
466 1185 508 1219 F.

188 1249 239 1293 ὥς
264 1250 411 1298 εὀικεν]
435 1265 500 1288 om.
523 1253 596 1288 Fic.

187 1321 296 1368 γελᾷ]
319 1323 428 1367 γελῶι
448 1323 535 1357 Lob.
565 1323 650 1356 Ven.
664 1322 705 1356 C.
727 1323 807 1357 Vat.

141 1366 192 1401 M.
224 1374 261 1401 et
295 1380 316 1403 a
350 1381 394 1404 m.
417 1381 468 1415 pr.
500 1370 540 1403 Β.
589 1369 681 1414 γελῶ
704 1369 808 1403 etiam

142 1414 243 1447 Vind.
268 1415 309 1448 Β.
337 1427 357 1451 a
380 1428 424 1449 m.
449 1427 502 1461 pr.
527 1416 687 1450 habuisse
709 1416 808 1449 vide-

141 1464 222 1502 tur3
256 1466 351 1495 certe
375 1462 400 1495 ἆ
424 1462 458 1495 in
483 1475 522 1496 eo
549 1474 570 1496 a
594 1461 808 1496 correctione

141 1511 206 1539 est.
245 1503 418 1543 εὐκτικὸν
441 1508 568 1552 τρίτου
600 1519 807 1554 προσωπου

139 1552 218 1587 τῶν
242 1551 380 1589 ἑνικῶν
396 1566 514 1600 margo
540 1555 626 1589 Lob.

187 1641 278 1679 οὐδ’
304 1641 380 1690 ότι]
405 1643 497 1681 οὐδὲ
510 1645 547 1680 τὶ
570 1647 668 1680 Stob.
686 1646 807 1682 Trinc.

142 1687 232 1725 ούδε
256 1691 295 1726 τί
318 1693 417 1727 Stob.
441 1694 549 1727 Gesn.
567 1693 680 1728 Gaisf.
704 1689 808 1738 (οὐδ’

144 1733 206 1772 ὅτι
229 1750 347 1783 margo
371 1741 478 1773 Gesn.
486 1740 504 1784 )

186 1803 364 1842 κάλλιστα
396 1827 445 1834 --
478 1804 705 1842 Παντάπασι
742 1819 810 1851 μεν

142 1846 246 1898 ουν.]
282 1854 454 1900 excerpsit
494 1855 666 1888 Stobaeus
708 1854 810 1888 etiam

142 1910 243 1934 serm.
266 1899 296 1934 I.
348 1902 437 1935 2.4.
470 1905 575 1946 atque
605 1900 655 1933 ibi
686 1897 809 1934 καλλι-

141 1954 233 1979 στον
255 1945 292 1979 in
316 1946 369 1980 ed.
394 1946 511 1980 Trinc.
540 1951 575 1980 et
593 1947 700 1981 Gesn.
723 1944 810 1981 καλ-

142 1993 249 2026 λιστα
277 2004 361 2027 vero
393 1992 429 2026 in
459 1993 532 2027 cod
560 1994 602 2026 A.
629 1997 664 2026 et
696 1993 731 2027 in
756 1993 809 2027 ed.

142 2037 354 2093 Gaisfordii„
379 2051 479 2073 serm.
501 2043 614 2074 autem
637 2039 805 2073 XXXXI.

140 2081 295 2119 κάλλιον
325 2085 363 2119 in
398 2086 471 2119 cod.
501 2086 541 2119 A.
583 2083 742 2129 μάλιστα
771 2086 808 2119 in

141 2131 218 2165 cod.
241 2132 281 2165 Β.
317 2131 454 2176 legitur.
500 2131 640 2166 Ficinus
670 2143 733 2178 pro
765 2144 806 2167 eo

141 2178 226 2212 scite
249 2177 350 2212 dixit.

189 2243 263 2290 δὴ]
289 2258 355 2281 om.
384 2248 465 2281 Vat.
490 2248 538 2281 H.

187 2311 402 2360 λελέξεται]
449 2313 592 2358 λε’ξεται
636 2316 725 2359 Aug.
765 2315 806 2349 Β.

141 2360 236 2394 Flor.
260 2361 303 2395 R.
330 2366 367 2395 et
389 2373 410 2395 a
432 2373 476 2395 ιιι.
493 2374 546 2407 pr.
571 2362 721 2395 VindAE‘.
747 2362 807 2407 qui

139 2412 301 2452 quartam
332 2407 496 2451 syllabam
526 2420 550 2443 a.
581 2419 625 2442 m.
649 2420 717 2442 sec.
741 2407 804 2442 int.

137 2464 230 2487 vers.
263 2454 494 2498 praepositam
525 2455 640 2488 habet.
686 2452 806 2489 διαλέ-

138 2498 378 2580 ξεὲιίινῖἰιιό.
412 2500 457 2535 Ε.
509 2501 585 2536 Vat.
617 2501 662 2534 H.
710 2501 804 2536 Flor.

140 2612 232 2694 Βτὸ
256 2612 347 2659 μὲν]
373 2613 470 2661 prius
491 2614 554 2649 int.
588 2626 679 2650 vers.
705 2615 804 2651 Vind.

187 2726 426 2774 διαφεύγειν]
455 2734 614 2764 enatasse
637 2729 711 2764 Fic.

121 2812 124 2815 ⁴
186 2795 297 2843 πέρι]
330 2797 388 2832 Ita
418 2797 600 2832 Bekkerus
622 2799 805 2834 secundum

140 2842 219 2878 Par.
245 2844 286 2881 A.
319 2844 401 2880 Vat.
425 2844 467 2878 B.
511 2845 597 2879 Ven.
625 2845 696 2879 Bc.
740 2857 804 2892 pro

867 861 938 894 Sed
975 859 1071 892 Vind.
1108 859 1148 893 B.
1192 869 1267 891 cum
1308 857 1409 890 editis
1454 862 1535 889 ante

866 906 1062 940 Bekkerum
1087 910 1122 938 et
1149 903 1371 938 Stallbaumio
1405 903 1439 936 in
1464 914 1534 935 sec.

867 953 920 986 ed.
954 950 1039 995 περὶ
1073 951 1239 992 exhibet,
1275 949 1398 993 quod,
1431 960 1535 994 quum

864 998 1076 1042 γυναικείου
1100 1009 1217 1031 sonum
1241 996 1391 1037 habeat,
1423 995 1535 1028 minus

866 1050 982 1090 aptum
1015 1043 1160 1077 videtur.
1210 1042 1309 1076 Conf.
1335 1040 1535 1076 Buttmanni

865 1102 1005 1136 gramm.
1030 1090 1077 1124 II.
1102 1102 1136 1135 p.
1159 1090 1242 1125 301.

911 1158 1098 1205 λέγοντες]
1124 1155 1269 1202 λέγοντι
1292 1156 1394 1192 Vind.
1420 1156 1464 1191 Ε.

911 1227 1060 1273 πάντα]
1086 1225 1232 1268 πάντας
1255 1226 1345 1262 Lob.
1373 1225 1472 1260 Vind.
1493 1225 1535 1260 Β.

868 1276 946 1310 Vat.
975 1276 1022 1309 Μ.

910 1333 976 1377 τε]
999 1332 1061 1366 int.
1087 1343 1176 1366 vers.
1202 1330 1307 1365 Vind.
1329 1330 1374 1365 D.

912 1387 1039 1436 αὐτῷ]
1066 1386 1127 1424 αὐ.
1152 1389 1239 1423 Lob.
1269 1388 1369 1423 vind.
1394 1387 1499 1422 BDF.
1563 1389 1595 1433 c,

912 1456 1194 1503 ὁμολογεῖσθαι]
1214 1457 1271 1491 Ita
1283 1458 1362 1491 Par.
1375 1458 1417 1491 A.
1432 1457 1533 1491 vind.

863 1506 938 1540 EF.
965 1513 1001 1540 et.
1020 1506 1080 1539 int.
1103 1515 1192 1538 vers.
1214 1504 1256 1537 D.
1283 1504 1419 1538 Ven.B.
1446 1506 1533 1549 Ang.

862 1553 904 1587 B.
934 1552 1010 1586 vat.
1039 1552 1084 1585 H.
1108 1551 1203 1584 Flor.
1227 1550 1402 1584 ACRTV.
1438 1546 1534 1593 ὠμο-

863 1599 1057 1642 λογεῒσθαι
1082 1598 1162 1631 Vat.
1186 1596 1226 1631 B.
1270 1593 1536 1641 (ὁμολογῆσθαι

864 1645 966 1679 Vind.
990 1645 1033 1678 D.
1069 1655 1144 1678 curn
1178 1643 1322 1688 reliquis
1357 1643 1531 1677 codicibus

864 1691 1137 1745 editionibusque
1180 1689 1346 1723 omnibus.
1421 1692 1450 1722 F
1452 1689 1535 1729 τιειιι

864 1738 946 1771 Par.
967 1739 1005 1770 A.
1032 1749 1061 1770 ω
1088 1747 1193 1780 super
1218 1731 1238 1770 ὁ
1266 1740 1301 1769 et
1323 1748 1347 1779 η
1373 1746 1476 1780 super
1501 1737 1535 1769 εῖ

865 1785 991 1825 habet,
1025 1788 1061 1816 et
1093 1782 1234 1815 Ficinus
1268 1783 1459 1826 perfectum
1483 1781 1535 1815 le-

866 1831 940 1874 git:
965 1831 1067 1864 immo
1086 1840 1168 1862 vero
1185 1829 1320 1863 sibimet
1340 1829 1454 1862 oratio
1471 1840 1534 1862 πο-

866 1883 942 1911 stra
976 1876 1172 1915 consonuit,
1197 1875 1288 1919 quod
1309 1875 1472 1908 videlicet
1500 1878 1535 1908 et

862 1923 1045 1975 possibilia
1061 1927 1095 1956 ct
1115 1921 1217 1955 utilia
1230 1922 1355 1963 fer-ret.
1380 1931 1445 1953 nec
1467 1931 1533 1953 non

866 1968 1098 2003 necessarium
1131 1968 1245 2007 foret,
1288 1966 1316 1999 si
1349 1977 1468 2000 sensus
1502 1965 1534 2000 is

867 2020 986 2056 esset,
1057 2025 1158 2059 quem
1203 2012 1535 2046 Schleiermacherus

863 2061 1037 2096 ostendit.
1067 2060 1216 2094 sondern
1246 2060 1327 2094 dass
1355 2060 1411 2093 die
1437 2059 1535 2093 Rede

863 2109 1163 2162 gewissermassen
1213 2107 1280 2148 szir
1321 2105 1394 2139 sich
1431 2105 1534 2139 selbst

865 2154 1035 2200 Zeugniss
1066 2152 1234 2197 abgelegt
1263 2151 1347 2192 hat,
1379 2152 1461 2185 dass
1485 2151 1536 2184 sie

862 2200 1052 2246 miigliches
1069 2199 1142 2232 und
1160 2198 1350 2231 natzliches
1359 2199 1533 2243 vertragt

863 2248 992 2280 Verum
1036 2243 1218 2278 testimonii
1265 2243 1470 2288 significatio
1512 2254 1534 2276 a

863 2294 969 2327 verbo
988 2287 1255 2335 ὁμολογεῖσθαι
1272 2289 1385 2323 aliena
1405 2293 1535 2323 etsen-

863 2350 921 2374 sus
945 2338 1001 2372 hic
1025 2342 1100 2379 est,
1124 2337 1184 2370 sed
1200 2336 1451 2381 quodammodo
1469 2335 1535 2369 sibi

864 2389 997 2419 constet
1016 2395 1126 2418 sermo
1153 2388 1268 2416 noster
1291 2387 1325 2416 et
1353 2392 1432 2415 vere
1460 2387 1534 2415 tum

859 2443 961 2477 posse
976 2431 1041 2464 illa
1061 2429 1167 2473 fleri,
1198 2434 1272 2462 tum
1295 2428 1431 2462 utiliter
1448 2428 1535 2471 fieri

863 2478 1047 2521 affirmare
1063 2473 1414 2519 videatur.1taque
1431 2484 1535 2518 prae-

861 2535 941 2558 sens
966 2521 1176 2576 aptissimum
1202 2523 1265 2553 est.
1306 2520 1361 2553 Cf.
1382 2519 1429 2553 L.
1447 2518 1533 2553 1111.

863 2569 998 2613 p434.
1025 2568 1076 2602 Ε.
1101 2562 1174 2600 κᾶν
1197 2577 1264 2610 μεν
1275 2561 1528 2622 ὁμολογῆται.

860 2616 947 2659 Leg.
973 2615 1015 2648 V.
1040 2614 1120 2649 746.
1153 2612 1207 2645 C·
1243 2609 1288 2646 τὸ
1328 2608 1531 2655 ὁμολογού·

860 2672 973 2705 μενον
1008 2656 1105 2694 αὐτὸ
1151 2653 1269 2704 αυτῷ.
1338 2657 1533 2691 Infinitivus

861 2712 974 2741 autem
1011 2717 1077 2739 non
1113 2716 1134 2739 a
1169 2693 1320 2749 φῶμεν,
1362 2707 1405 2738 ut
1425 2702 1533 2737 Stall-

860 2752 1016 2787 baumius
1049 2754 1222 2792 autumat,
1267 2750 1328 2784 sed
1360 2750 1403 2784 ab
1437 2745 1533 2783 ὥστε

860 2799 1007 2852 pendet,
1040 2808 1142 2844 quum
1167 2793 1260 2832 ἀλλὰ
1285 2795 1460 2842 negationi
1483 2794 1531 2829 sit

860 2844 1065 2892 oppositum.

1263 2899 1296 2941 G
1316 2904 1340 2938 2
