1807 3219
319 117 404 156 3⁰0

766 114 1241 160 PLATONIS

317 224 367 268 τὸ
384 224 479 280 ἑξῆς
497 223 710 294 ἐλοὲίῖομεν
728 221 781 282 τῇ
798 229 1048 284 γεωμετρίᾳ.
1073 233 1178 281 Πῶς
1200 233 1428 286 λαβόντες,·
1452 232 1550 288 ἔφη.
1571 233 1696 276 Meto?

317 292 544 346 ἐπίπεδον,
577 294 632 348 ἠν
663 292 709 336 δ’
740 294 847 349 ἐγώ,
891 295 938 338 ἐν
966 302 1188 355 περιφορᾷ
1219 297 1272 341 ὃν
1299 298 1384 354 ἤδη
1414 301 1588 355 στερεὸν
1617 305 1766 344 λα-486

253 369 289 409 Β
316 360 487 417 βάντες,
530 362 636 415 πρὶν
675 359 782 404 αὐτὸ
822 361 928 406 καθ’
962 364 1068 408 αὐτὸ
1107 369 1280 422 λαβεῖν·

1341 365 1489 421 ὀρθῶς
1528 369 1574 412 δὲ
1615 369 1698 425 ἔχει

315 429 412 486 ἑξῆς
433 428 538 485 μετὰ
570 428 778 484 δευτέραν
807 430 943 487 αὔξην
971 435 1122 490 τρίτην
1141 433 1395 490 λαμβανειν.
1427 435 1516 478 ἔστι
1539 435 1586 478 δέ
1607 453 1696 480 που

313 501 444 541 τοῦτο
476 498 573 552 περὶ
602 497 683 553 τήν
715 502 803 541 τῶν
831 499 980 555 κύβων
1013 501 1149 558 αὔξην
1185 503 1257 546 καὶ
1288 504 1336 547 τὸ
1370 502 1544 560 βαθους
1572 506 1694 559 μετέ-

312 582 404 622 χον.
453 565 576 610 ’Ἐστι
613 566 698 622 γάρ
726 598 737 616 ,
776 567 879 623 ἔφη·

940 566 1049 612 ἀλλὰ
1087 569 1224 613 ταῦτά
1262 588 1341 626 γε,
1380 574 1413 614 ὠ
1445 571 1692 627 Σώκρατες,

315 636 440 678 δοκεῖ
467 634 591 678 οὔπω
622 632 848 690 εὑρῆσθαι.
884 638 1021 680 Διττὰ
1048 639 1154 693 γὰρ,
1186 633 1243 695 ἦν
1274 638 1318 683 δ’
1344 640 1450 695 ἐγω,
1481 639 1536 683 τὰ
1566 642 1693 684 αἴτια·

310 702 379 747 ὅτι
408 720 454 747 τε
484 703 666 759 οὐδεμία
687 703 849 754 πόλις’
833 707 1012 760 εντίμως
1033 706 1145 750 αὐτοὶ
1167 707 1263 763 ἔχει,
1293 706 1492 758 ἀσθενῶς
1514 711 1695 764 ζητεῖται

308 771 470 827 χαλεπὰ
501 770 632 823 ὄντα,
673 771 905 816 ἐπιστατου
935 790 979 816 τε
1012 774 1188 818 δέονται
1218 777 1262 819 οἱ
1292 779 1540 831 ζητοῦντες,
1586 775 1692 820 ἄνευ

309 841 363 883 Οὑ
395 857 478 883 Ουκ
509 856 565 882 αν
595 856 792 895 erOLev

837 839 890 884 ὃν
917 846 1095 896 πρῶτον
1134 843 1214 899 μὲν
1245 843 1450 899 γενέσθαι
1488 842 1690 898 χαλεπόν,

247 912 279 953 C
311 908 454 952 ἔπειτα
483 908 558 952 καὶ
584 909 854 965 γενομένου,
901 909 960 962 ὠς
991 915 1076 955 νῦν
1107 911 1212 968 ἔχει,
1258 910 1341 956 οὐκ
1372 911 1427 955 ἂν
1463 914 1690 956 πείθοιντο

352 1032 394 1069 τὸ
408 1032 504 1078 ἑξῆς]
519 1033 757 1078 τοεξῆςνίηᾶ.
767 1036 809 1069 Ε.
833 1034 875 1071 τὸ
889 1034 973 1081 ἑξῆς
1022 1064 1026 1065 .

306 1081 404 1114 Vind.
430 1081 473 1114 F.

306 1126 658 1217 Ιητῖοζεῗῇῗτεῗζθ]
681 1127 782 1217 Ἰξῗίέῒ
803 1128 973 1220 gizors'iipgr

306 1230 331 1251 α
353 1219 528 1274 scriptum.

352 1262 413 1308 ἐν]
452 1265 540 1298 Huic
571 1265 606 1298 in
643 1266 735 1298 Mon.
762 1266 801 1299 Β.
837 1278 880 1299 το
905 1267 967 1302 int.

303 1322 392 1344 vers.
418 1322 505 1344 am.
532 1322 558 1344 s.
587 1312 832 1367 praescriptum
856 1316 919 1346 est.

348 1354 437 1390 καθ·
459 1353 577 1411 αυτό]
604 1356 775 1392 καθαυτὸ
804 1358 903 1392 Vind.
922 1359 967 1393 F.

302 1401 474 1436 καθαυτό
498 1400 540 1437 τὸ
567 1404 666 1437 Vind.
692 1404 736 1437 E.

239 1445 275 1486 B
347 1446 416 1482 δὲ’
405 1460 475 1492 εχει
498 1447 601 1493 ἑξῆς]
629 1447 675 1493 δή
700 1448 769 1493 ἔχει
793 1451 893 1485 Vind.
920 1452 963 1505 Ε.

301 1515 346 1520 -—
371 1495 531 1529 Alcinous
562 1496 647 1539 isag.
673 1509 702 1530 c.
728 1498 770 1531 7:
807 1496 870 1530 καὶ
894 1495 966 1541 μήν

297 1537 326 1585 ἥ
348 1553 387 1585 γε
414 1551 474 1575 στε
477 1542 671 1585 ρεομετρίοι
696 1543 746 1586 (v.
774 1539 800 1586 ἤ
817 1555 855 1576 τε
862 1555 915 1597 ᾖε
920 1556 964 1576 ω-

298 1588 449 1643 μετρία)
471 1586 752 1642 χρησιμωτάτη·
779 1586 870 1631 ,uersi
895 1602 964 1633 γαρ

297 1631 366 1689 τήν
387 1632 564 1676 δευτέραν
578 1630 731 1677 αὔξησιν
751 1616 965 1675 ἀκόλουθος

296 1676 319 1723 ἡ
340 1677 418 1713 κατ’
422 1677 559 1737 αὐτήν
577 1681 722 1725 θεωρια
744 1682 871 1725 τρίτην
897 1678 964 1715 αὔ-

297 1724 431 1770 ξησιν’
420 1724 563 1770 ἔχουσα.

346 1773 483 1815 τοῦτο]
513 1786 578 1808 orn.
606 1772 704 1807 Vind.
716 1774 790 1807 EF.
821 1775 907 1818 Aug.
920 1775 962 1808 B.

298 1819 391 1852 Flor.
415 1819 556 1853 ACRT.

345 1862 516 1910 βάθους]
547 1863 671 1910 βάθος
693 1865 779 1899 Lob.
805 1866 960 1901 Vind.F.

298 1912 378 1946 vat.
403 1911 480 1944 ΒΜ.
506 1912 600 1944 Flor.
628 1913 703 1945 RT.

346 1957 450 1991 δοκεῖ
473 1953 601 2002 οὔπω]
652 1958 707 1991 Ita
738 1958 817 1991 Par.
851 1958 957 1993 ΑΒΚ.

293 2002 378 2036 Loh.
422 2004 514 2037 Mon.
539 2005 579 2037 B.
626 2004 704 2037 Vat.
731 2005 771 2038 B.
804 2005 890 2038 Veu.
917 2006 957 2038 C.

295 2049 386 2082 Flor.
413 2050 490 2083 UV.
519 2046 625 2083 οὔπω
648 2050 769 2090 δοκεῖς
793 2051 894 2086 vind.
914 2051 956 2084 E.

295 2091 402 2129 οὔπω
433 2095 538 2129 δοκεῖ
568 2096 691 2141 reliqui
725 2102 760 2130 et
793 2097 958 2131 editiones

294 2145 373 2175 ante
396 2142 600 2175 Bekkerum.

342 2183 402 2222 ὅτι
428 2189 488 2232 τε]
528 2184 587 2221 ὅτι
620 2200 684 2224 om.
719 2190 804 2232 Aug.
830 2189 869 2221 B.
919 2200 959 2222 τε

294 2246 359 2268 om.
386 2233 471 2267 Lob.
504 2233 594 2269 Flor.
624 2236 666 2269 V.
699 2235 779 2270 vat.
803 2235 843 2268 Β.
870 2239 905 2268 et
937 2246 958 2269 a

293 2291 335 2312 111.
362 2291 413 2322 pr.
440 2280 487 2313 M.

338 2323 528 2369 οἷσθενῶς]
559 2322 729 2365 ἀσθενῶς
746 2337 784 2360 τε
808 2327 955 2362 Mon.B.

290 2373 369 2405 Par.
401 2372 476 2405 DK.
502 2372 597 2405 Flor.
624 2373 668 2406 U.
693 2373 770 2406 Fic.
808 2373 860 2416 (et
881 2386 955 2407 cum

289 2420 433 2452 inventu
465 2419 630 2462 difficilia
656 2420 746 2457 sint,
771 2420 867 2452 haud
895 2431 954 2452 ar—

289 2466 411 2498 denter
430 2470 639 2508 quaeruntur
648 2465 678 2508 ε)
699 2465 774 2499 Ald.
799 2466 880 2498 Bas.
898 2467 952 2499 ab.

291 2510 411 2554 steph.
437 2512 511 2543 Ast..

337 2558 512 2599 ζητεῖται]
538 2557 676 2599 ζητεῖτε
702 2557 785 2590 Lob
803 2556 883 2591 Vat.
903 2557 951 2591 M.

289 2608 343 2643 et,
368 2614 441 2646 sup.
468 2614 526 2644 αι,
552 2603 592 2635 Β.

337 2645 536 2682 ἐπιστάτου
553 2649 615 2692 τε]
650 2661 688 2682 τε
714 2662 778 2683 om.
808 2650 886 2683 Par.
913 2651 953 2684 A.

292 2705 312 2727 a
337 2706 379 2727 m.
405 2706 460 2738 pr.
506 2694 546 2726 In
571 2694 656 2728 Lob.
682 2696 753 2728 eius
777 2696 849 2728 loco
876 2702 956 2729 ante

290 2741 532 2773 correctionem
566 2737 605 2774 δὲ
641 2745 725 2774 erat.
772 2742 890 2776 Astius
920 2742 954 2776 in

289 2789 368 2820 tert.
393 2797 431 2829 γε
456 2798 519 2830 pro
543 2798 583 2820 eo
608 2787 759 2833 requirit.

1028 1084 1069 1117 Β
1077 1032 1189 1117 {³533
1212 1031 1373 1118 {⁰534}ss
1387 1037 1489 1117 “3222
1502 1037 1578 1116 ΕΞ·
1597 1038 1688 1117 ἕξε-

1029 1141 1056 1163 s.
1082 1129 1203 1163 Stallb.
1228 1141 1280 1174 p.

1075 1171 1151 1218 ὃν]
1167 1175 1221 1208 ων
1244 1175 1344 1209 Vind.
1373 1176 1412 1209 E.

1073 1221 1246 1266 πρῶτον]
1274 1219 1437 1265 τρόπον,
1465 1221 1501 1254 in
1524 1232 1567 1254 m.
1590 1220 1688 1264 πρῶ-

1025 1279 1110 1310 τον,
1135 1268 1214 1301 Par.
1240 1268 1282 1301 D.

1070 1325 1107 1358 γε
1093 1311 1289 1357 νοαένου]
1315 1310 1536 1356 γενομένους
1559 1312 1640 1345 Bas.
1653 1313 1687 1345 b.

1072 1360 1106 1393 εἰ
1122 1358 1162 1393 δὲ
1186 1379 1232 1384 --
1252 1359 1471 1403 πείθοιντο]
1503 1371 1564 1392 om.
1593 1358 1686 1392 Mon.
1701 1351 1732 1393 C

1068 1452 1360 1495 ξυνεπιστατοῖ]
1431 1450 1687 1492 ξυνεπίστατοι

1024 1499 1121 1532 vind.
1149 1498 1189 1533 F.
1230 1498 1492 1540 ξυνεπίσταται
1515 1497 1615 1530 Vind.
1639 1497 1683 1530 E.

1023 1544 1277 1586 ξυνεπιστατεῑ
1300 1544 1386 1578 Lob.
1412 1544 1491 1577 Vat.
1517 1542 1565 1576 Μ.
1591 1542 1684 1577 Flor-

1068 1637 1154 1681 καὶ]
1186 1637 1225 1670 In
1259 1637 1350 1670 Mon.
1376 1637 1414 1669 Β.
1442 1647 1463 1669 a
1494 1647 1537 1669 m.
1569 1647 1595 1669 s.
1624 1646 1683 1669 τοι

1021 1683 1082 1717 int.
1107 1695 1198 1716 vers.
1223 1683 1372 1716 additum
1398 1688 1460 1715 est.

1066 1729 1243 1786 ξυνεχῶς]
1279 1739 1356 1784 συν.
1382 1728 1479 1762 Vind.
1504 1727 1544 1760 F.

1068 1773 1249 1819 ἐντόνως]
1283 1772 1444 1813 ευτόνως
1473 1773 1573 1806 Vind.
1610 1773 1680 1806 EF.

1019 1822 1114 1855 Flor.
1140 1822 1215 1855 RT.
1241 1824 1276 1854 et
1299 1833 1374 1854 cum
1392 1832 1414 1854 ν
1433 1831 1535 1864 super
1551 1830 1574 1852 υ
1594 1820 1681 1861 Aug.

1018 1868 1060 1900 Β.
1095 1865 1263 1911 εμπόνως
1294 1867 1388 1901 Μοῐι.
1421 1866 1462 1899 Β.
1497 1866 1576 1898 Par.
1601 1865 1677 1898 DK.

1018 1924 1086 1946 sec.
1115 1914 1223 1946 Bekk.
1249 1914 1344 1946 Flor.
1370 1913 1414 1947 U.

1064 1957 1158 2003 ἔχει]
1192 1958 1268 2003 ἔχοι
1290 1959 1384 1993 Μοῐι.
1409 1959 1448 1992 Β.
1480 1957 1577 1990 Flor.
1600 1956 1679 1990 UV.

1013 2006 1136 2039 Stanb.
1160 2018 1214 2061 pr.

1061 2052 1134 2085 νῦν
1160 2049 1262 2095 υπὸ]
1297 2049 1406 2093 Vulgo
1438 2048 1589 2082 additum
1611 2045 1677 2090 μὲν

1015 2098 1167 2143 quamvis
1213 2099 1338 2130 bonum
1379 2095 1563 2128 secundum
1598 2094 1677 2127 Par.

1014 2144 1121 2177 ΑΒΚ.
1147 2144 1216 2187 (de
1246 2154 1312 2187 quo
1345 2141 1517 2186 Bipontini
1541 2140 1675 2180 tacent)

1016 2190 1103 2223 Lob.
1128 2190 1220 2223 Mon.
1248 2189 1285 2222 Β.
1311 2189 1398 2222 V.en
1424 2187 1464 2220 C
1490 2186 1580 2219 F.10r
1595 2186 1674 2220 UV.

1015 2236 1273 2270 etVat.1x1.a
1303 2246 1345 2267 m.
1369 2245 1423 2278 pr.
1448 2233 1564 2273 omisi,
1597 2232 1674 2276 qui-

1014 2283 1077 2315 bus
1109 2282 1206 2315 libris
1238 2282 1302 2314 hoc
1332 2281 1449 2313 eodem
1472 2279 1548 2311 iure
1571 2278 1675 2311 debe-

1012 2332 1080 2368 tur,
1104 2340 1182 2381 quo
1182 2321 1392 2382 obsequium
1415 2325 1451 2358 in
1447 2320 1672 2379 eslans—(A)

1012 2374 1116 2408 δοκεῖ
1145 2370 1250 2408 οὔπω
1278 2373 1354 2416 (Β.)
1381 2378 1415 2405 et
1439 2381 1529 2404 ανευ
1551 2369 1595 2403 οὐ
1629 2381 1673 2403 ne

1012 2432 1032 2453 a
1045 2421 1204 2453 Bekkero
1221 2419 1357 2474 quidem
1371 2423 1550 2460 negatum3
1569 2427 1672 2471 prae-

1011 2467 1128 2499 sertim
1161 2478 1262 2512 quum
1294 2463 1360 2508 μὲν
1393 2464 1436 2497 ob
1462 2472 1606 2506 sequens
1630 2459 1670 2495 δὲ

1010 2512 1158 2546 librariis
1191 2510 1417 2545 necessarium
1457 2507 1567 2541 videri
1607 2519 1669 2552 po-

1012 2559 1117 2592 tuerit
1140 2565 1176 2592 et
1199 2558 1278 2591 alibi
1303 2569 1371 2590 non
1393 2554 1495 2588 semel
1517 2553 1605 2586 mte1
1609 2565 1667 2598 po

1012 2605 1119 2638 latum
1149 2604 1351 2649 reperiatur.
1407 2601 1505 2634 Conf.
1541 2599 1615 2633 Vol.
1639 2600 1666 2633 l.

1013 2663 1046 2695 p.
1075 2653 1161 2692 162,
1187 2663 1217 2683 a.
1242 2661 1274 2682 11.
1300 2649 1496 2686 7.εί’.18-ὲ,
1519 2657 1549 2678 a.
1576 2657 1609 2679 n.
1637 2649 1666 2680 1.

1057 2699 1121 2730 κο)
1125 2694 1300 2738 ουόμενα]
1320 2689 1570 2734 κουλουόμενα
1581 2691 1664 2724 Lob.

1010 2741 1226 2786 κωλυόμενοι
1259 2741 1358 2774 xind.
1394 2739 1469 2773 EF.
1514 2737 1597 2776 Ana,
1625 2737 1663 2770 B.

1011 2795 1045 2822 et
1066 2801 1087 2823 a
1111 2801 1152 2823 m.
1176 2800 1229 2832 pr.
1254 2789 1338 2822 Ven.
1364 2787 1405 2820 B.
1452 2783 1545 2818 Idem
1570 2782 1666 2817 Fici-
