1807 3219
482 156 818 199 CIVITAS
863 154 1099 197 LlB.VlI.
1130 155 1195 193 541
1441 156 1525 197 353

145 263 299 322 ἠθῶν,
330 264 359 309 ἃ
388 266 461 310 καὶ
492 268 537 309 οἶ
561 272 693 326 γονῆς
722 269 893 325 ἔχουσι,
931 264 1185 321 θρέψωνται
1214 262 1262 307 ἐν
1294 267 1386 316 τοῖς
1416 275 1521 318 σφε-

144 334 287 389 τέροις
331 333 512 390 τρόποις
549 337 623 379 καὶ
661 336 842 392 νόμοις,
891 330 1022 379 οὖσιν
1052 334 1163 384 οἵοις
1202 331 1522 389 διεληλύθαμεν

143 402 264 457 τότε,
294 403 369 447 καὶ
399 402 515 447 οὕτω
544 403 719 460 τάχιστά
748 421 794 448 τε
824 404 899 448 καὶ
944 403 1081 460 ῥᾷστα
1110 399 1241 445 πόλιν
1269 416 1314 443 τε
1342 399 1418 444 καὶ
1440 415 1522 444 πο-

143 472 333 524 λιτείαν,
359 469 423 527 ,ἢν
450 469 674 527 ἐλέγομεν,
713 475 992 517 καταστᾶσαν
1021 467 1158 525 αὐτήν
1185 484 1230 511 τε
1259 466 1522 524 εὐδαιμονή-

143 550 237 584 σειν
263 539 338 584 καὶ
366 539 416 583 τὸ
445 538 598 591 ἔθνος,
628 540 675 583 ἐν
695 543 728 599 ᾠ
753 540 810 584 ἂν
839 539 1086 596 ἐγγένηται,
1114 542 1291 581 πλεῖστα
1321 535 1521 594 ὀνήσεινς

144 606 270 651 Πολύ
297 605 347 664 γ’,
378 607 483 663 {W
520 607 596 650 καὶ
624 606 683 660 (ὃς
711 608 768 653 οἶν
794 607 990 665 γένοιτο,
1030 610 1147 664 εἴπερ
1177 606 1283 651 ποτὲ
1312 608 1519 663 γίγνοιτο,
1545 613 1580 654 Β

143 677 289 728 δοκεῖς
314 691 413 732 μοι,
457 691 492 719 ω
523 673 772 733 Σώκρατες,
812 679 862 721 εὐ
891 677 1120 735 εἰρηκέναι.

75 851 141 888 541
189 846 259 881 νῦν
274 844 402 893 ἠθῶν]
420 844 598 892 συνήθων
608 848 705 882 Stob.
733 847 804 882 νῦν

144 905 210 928 om.
233 893 313 928 Bas.
330 893 365 928 b.

190 935 238 984 ἃ]
273 937 337 974 καὶ
364 934 389 973 οὶ
423 939 516 976 Mon.
539 941 581 974 B.
615 939 692 973 Par.
727 939 804 974 DK.

141 997 211 1020 sec.
234 986 345 1020 Bekk.

189 1031 226 1065 οὶ
247 1032 384 1076 γονῆς]
410 1031 464 1066 Ita
489 1031 567 1066 Par.
592 1033 631 1066 A.
657 1034 692 1064 et
716 1043 736 1066 a
760 1043 802 1064 m.

139 1089 195 1159 gr.
219 1078 303 1111 Ven.
317 1079 358 1111 C.
382 1078 497 1111 Astius
521 1078 556 1112 in
580 1089 649 1112 sec.
668 1080 702 1110 et
723 1082 801 1110 tert.

173 1123 319 1157 ekkerus
343 1129 378 1158 et
397 1124 432 1156 in
456 1135 524 1158 sec.
545 1123 802 1159 Stallbaumius.

142 1169 180 1204 οἱ
199 1172 321 1214 γονεῖς
355 1169 453 1204 Vind.
486 1170 594 1204 BEF.
633 1169 726 1203 Mon.
761 1169 800 1203 C.

140 1217 228 1260 Ang.
253 1216 294 1249 B.
328 1217 408 1251 Vat.
430 1216 476 1249 H.
509 1216 602 1250 Flo'r.
630 1215 801 1249 ACRTV.

140 1262 239 1296 Stob.
265 1265 301 1297 et
330 1261 570 1296 Stallbaumius
592 1263 628 1295 in
650 1273 702 1306 pr.
735 1273 783 1305 pa

140 1313 255 1343 rentes
273 1308 350 1343 Fic.
369 1307 539 1352 οἰκογενῆ
548 1307 641 1341 Μοη.
655 1309 694 1340 Β.
709 1307 799 1341 Flor.

141 1353 186 1388 U.
212 1353 410 1397 οἰκογενεῖς
427 1353 552 1399 reliqui
571 1354 704 1387 codices
729 1353 798 1387 edi-

140 1399 237 1445 tique
259 1404 340 1434 ante
361 1399 451 1434 Astii
474 1411 541 1433 sec.
567 1400 622 1433 cui
646 1400 800 1433 desectus

140 1445 274 1480 articuli
305 1449 341 1480 et
371 1446 561 1480 Atticorum
592 1445 800 1480 consuetudo

141 1490 364 1546 οἰκότριβας
379 1492 513 1536 potius,
537 1503 638 1536 quarn
662 1491 765 1535 οἰκον
768 1502 800 1524 ε-

139 1540 217 1577 νεῖς
239 1538 442 1579 dicentium,
472 1537 515 1571 de
538 1549 606 1582 qua
629 1549 667 1571 ie
689 1537 800 1581 Phry-

139 1583 258 1618 nichus
279 1584 366 1618 Lob.
391 1595 466 1628 pag
491 1585 570 1618 201.
595 1586 631 1616 et
652 1582 802 1616 Bekkeii

138 1629 398 1675 lexicographus
421 1629 540 1665 anecd.
574 1630 799 1674 p.286,16.

140 1676 337 1711 conferendi
359 1680 459 1717 sunt,
490 1675 634 1720 denique
658 1676 721 1708 hoc
745 1686 800 1707 re-

139 1728 291 1768 pugnat,
335 1722 427 1767 quod
458 1733 584 1756 vernae
618 1733 683 1754 non
713 1720 800 1754 tanti

141 1773 240 1812 sunt,
274 1771 313 1802 ut
336 1779 450 1802 eorum
473 1767 682 1811 potissimum
706 1778 802 1800 men—

142 1815 190 1849 tio
218 1794 374 1849 facienda
403 1813 516 1847 fuerit.
563 1813 616 1847 De
639 1814 800 1848 termina-

139 1861 233 1896 tione
254 1861 333 1895 vide
356 1860 432 1894 Vol.
457 1860 484 1894 Ι.
508 1872 543 1906 p.
571 1861 653 1901 157,
676 1871 708 1893 a.

187 1927 328 1974 ε’χουσι]
365 1926 468 1973 ε’χωσι
491 1928 577 1962 Lob.
601 1928 680 1963 Vat.
704 1928 752 1961 Μ.

183 1996 429 2044 θρέψωνται]
461 1994 674 2041 θρέψονται
696 1996 798 2032 vind.

139 2046 214 2081 EF.
256 2045 351 2079 Mon.
374 2045 413 2078 B.
461 2044 540 2077 Pa1.
563 2043 608 2076 K.
649 2044 734 2086 Ang.
757 2043 799 2077 B.

139 2092 233 2125 Flor.
242 2091 352 2125 ART.
375 2090 473 2124 Stob.
498 2101 573 2123 cum
596 2089 697 2123 editis
720 2091 800 2122 ante

139 2138 343 2172 Bekkerum.

186 2203 400 2250 σφετέροις]
445 2201 687 2248 σαφεστέροις
720 2203 799 2238 Vat.

138 2253 178 2288 Β.
203 2253 288 2287 ven.
311 2252 353 2286 B.

184 2318 363 2365 τρόποις]
411 2316 582 2363 τρόποισι
622 2319 722 2353 vind.
758 2318 800 2351 F.

140 2369 227 2412 Ang.
259 2367 301 2401 Β.
334 2365 427 2400 Flor.
455 2366 498 2399 R.
546 2365 646 2400 Conf.
670 2364 745 2399 Vol.
769 2365 798 2398 I.

139 2426 175 2458 p.
197 2414 288 2455 223,
312 2423 344 2446 a.

187 2480 309 2525 οἵοις]
334 2475 402 2520 οὓς
423 2480 523 2514 Stob.

186 2548 250 2584 καὶ
273 2544 394 2591 οὕτω]
430 2547 540 2592 Vulgo
563 2547 649 2582 haec
670 2551 796 2593 puncto

139 2597 184 2630 ab
207 2593 483 2630 antecedentibus
505 2593 666 2628 dirimunt
689 2595 795 2638 (Ste—

140 2642 271 2695 phanus
305 2640 390 2675 adeo
411 2641 457 2673 K
457 2635 491 2673 11²
518 2634 618 2673 ου’τω
639 2640 796 2686 scripsit)

140 2687 262 2740 quibus
295 2691 409 2721 tamen
442 2697 508 2720 non
538 2685 659 2727 aliter,
695 2698 794 2731 quam

140 2733 323 2786 superiora
353 2728 447 2766 ὅταν
487 2730 524 2765 οἱ
555 2743 607 2771 ως
641 2729 796 2776 ἅληθως

139 2779 206 2813 sibi
227 2778 388 2832 proximis
415 2777 549 2812 adiecta
571 2781 660 2813 sunt.
706 2779 796 2812 Pen-

140 2825 223 2860 dent
243 2825 350 2869 enim,
374 2826 414 2858 ut
435 2823 517 2866 dixi,
540 2835 562 2858 a
583 2823 795 2870 ξυγχωρεῖτε

210 2883 417 2925 Pam-oms
447 2883 524 2924 01³.
553 2881 602 2922 ΙΙ.

1188 674 1368 721 Οὐκοῦν
1409 674 1522 732 ἅδην

861 850 897 881 et
920 847 1062 882 alteram
1093 847 1367 893 interrogationis
1390 850 1521 892 partem

861 893 1053 937 continent,
1078 895 1131 929 cui
1156 894 1287 928 Glauco
1310 893 1451 935 deinde,
1483 898 1522 926 ut

860 951 923 984 par
955 944 1027 983 est,
1062 940 1257 995 respondet.
1312 940 1435 984 Itaque
1465 939 1521 973 hic

860 997 989 1021 comma
1022 991 1058 1020 et
1088 991 1168 1032 post
1203 983 1351 1030 ὀνήσειν
1373 985 1523 1018 interro»
1578 1016 1592 1020 -

860 1032 1004 1075 gationis
1027 1032 1157 1075 signum
1180 1032 1520 1066 seci.F1c1nushunc

859 1077 968 1112 locum
991 1078 1039 1112 ita
1062 1078 1298 1124 interpolavit:
1331 1080 1443 1122 Atque
1467 1078 1520 1111 ita

858 1125 1031 1158 celerrime
1056 1130 1158 1169 atque
1176 1125 1348 1167 facillime
1367 1136 1410 1157 ea
1435 1124 1519 1157 civi—

858 1176 915 1205 tas
941 1176 973 1204 et
1001 1182 1055 1204 res
1077 1172 1217 1215 publica
1245 1171 1391 1209 orietur,
1416 1181 1519 1214 quam

857 1228 964 1260 snpra
980 1217 1145 1257 diximus,
1173 1218 1204 1250 si
1223 1217 1360 1261 quando
1380 1217 1519 1249 exstit&

787 1281 800 1286 -
857 1263 931 1304 rit,
966 1263 1104 1297 beatam
1120 1264 1223 1305 fore,
1256 1267 1290 1296 et
1320 1274 1430 1306 genus
1456 1262 1518 1294 ho-

857 1309 1005 1349 minum,
1054 1310 1091 1342 in
1120 1321 1185 1353 quo
1218 1309 1359 1342 condita
1389 1308 1518 1350 fuerit,

853 1355 1040 1399 plurimum
1062 1356 1274 1389 iuvaturam.

902 1400 964 1454 τε]
993 1412 1058 1436 om.
1082 1401 1160 1435 vat.
1188 1400 1233 1455 ῌ.

902 1441 950 1490 ἣν
977 1442 1043 1479 ἕλε’·
1035 1442 1211 1501 ,ομεν]
1197 1443 1246 1490 ἢν
1265 1443 1415 1489 λέγομεν
1439 1445 1518 1478 Vat

855 1491 901 1526 H.
944 1488 1040 1529 εἶναι
1066 1459 1220 1536 λέγομεν
1250 1491 1340 1525 Mon.
1373 1492 1414 1524 B.
1447 1491 1520 1533 (bic.
1570 1510 1573 1513 ν

855 1538 1029 1582 adscripto
1054 1539 1088 1571 in
1124 1550 1167 1572 1n.
1200 1550 1220 1572 a
1253 1549 1296 1572 m.
1321 1549 1347 1571 5.
1384 1549 1433 1581 ην
1463 1534 1518 1579 ἔλ)

857 1586 892 1616 et
914 1583 1006 1617 Flor.
1032 1584 1076 1619 U.
1100 1584 1191 1630 quod
1214 1583 1457 1617 Stallbaumius
1481 1583 1516 1616 in

856 1640 908 1674 pr.
941 1630 1081 1675 recepit.
1137 1630 1193 1664 Ita
1232 1628 1401 1663 laboranti
1421 1655 1432 1670 ,
1478 1634 1518 1662 ut

855 1675 1035 1709 videbatur
1054 1701 1064 1717 ‚
1113 1679 1305 1709 structurae
1343 1678 1518 1709 corrector

857 1720 914 1754 ille
931 1722 1154 1755 succurrebat
1174 1726 1209 1755 et
1223 1717 1317 1755 εἶναι
1339 1733 1402 1766 pro
1425 1718 1516 1762 ἐξεῖ-

857 1778 920 1801 ναι
944 1767 1052 1812 accipi
1076 1768 1235 1809 volebat,
1260 1779 1361 1812 quam
1385 1767 1515 1811 signifi-

857 1813 1022 1846 cationem
1057 1813 1152 1847 Crat.
1189 1825 1223 1859 p.
1247 1813 1326 1849 429.
1352 1813 1394 1846 D.
1431 1816 1517 1846 extr.

855 1865 892 1892 et
923 1858 1005 1892 alibi
1038 1859 1140 1893 babet
1160 1885 1170 1899 ‚
1212 1860 1272 1893 sed
1304 1871 1445 1901 vereor,
1480 1864 1519 1893 ut

855 1916 999 1950 usquam
1023 1917 1096 1939 cum
1119 1905 1284 1940 infinitivo
1307 1905 1425 1940 futuri.

855 1997 883 2031 B
902 1951 1154 1996 καταστᾶσαν]
1168 1950 1403 1986 καταστάσαν
1421 1951 1515 1986 Mon.

902 2040 1109 2087 {Wfi'vqtoct‚
1138 2043 1321 2088 πλεῖστα]
1365 2041 1515 2087 γένηται

854 2090 1008 2124 πλείονα
1030 2089 1114 2123 Lob.
1140 2092 1220 2124 Vat.
1244 2091 1293 2123 M.

903 2132 1068 2190 ὀνήσειν]
1094 2131 1238 2179 ὃνησειν
1262 2137 1354 2170 Mon.
1379 2137 1421 2170 B.

903 2179 1028 2226 Πολύ]
1063 2180 1190 2216 Πολύν
1213 2184 1293 2216 Bas.
1319 2183 1352 2217 b.

902 2227 989 2282 και]
1013 2226 1087 2283 Koch
1112 2228 1186 2263 Ald.
1211 2230 1290 2262 Bas.
1313 2230 1368 2262 ab.
1394 2229 1513 2274 Stepb.
1538 2226 1573 2266 Β

903 2270 974 2328 ως]
1001 2270 1086 2317 (3σῇ
1107 2274 1208 2308 Vind.
1230 2275 1271 2309 F.
1300 2278 1385 2319 Aug.
1410 2276 1451 2310 B.

900 2317 1067 2364 γένοιτο]
1098 2317 1271 2365 γήνοιτο,
1297 2333 1318 2355 a
1341 2333 1384 2356 m.
1410 2333 1437 2355 s.
1462 2321 1513 2366 γί-

854 2378 998 2410 γνοιτο,
1022 2367 1115 2400 Mon.
1138 2367 1181 2402 B.

899 2412 1082 2469 γίγνοιτο]
1107 2412 1277 2457 γένοιτο
1276 2411 1373 2445 vind.
1399 2412 1443 2446 Ε.

902 2470 943 2493 εν
973 2456 1187 2513 εἰρηκέναι]
1236 2458 1276 2492 εὐ
1317 2454 1513 2501 ευρηκέναι

854 2504 954 2540 Vind.
966 2505 1008 2538 Ε.
1032 2501 1228 2549 εὑρηκέναι
1245 2504 1346 2539 Vind.
1358 2504 1398 2538 F.
1415 2503 1510 2537 Flor.

854 2550 896 2585 R.
924 2552 1139 2586 adinvenisse
1157 2552 1233 2585 Fic.

898 2592 948 2631 ἅδ
951 2598 1017 2642 ην]
1052 2597 1108 2630 Ita
1131 2597 1209 2631 Par.
1233 2596 1273 2629 A.
1297 2595 1384 2628 Lob.
1408 2593 1508 2627 vind.

850 2642 894 2676 F.
941 2644 1020 2678 Vat.
1066 2643 1140 2676 BH.
1187 2643 1272 2677 Ven.
1320 2642 1361 2675 B.
1415 2640 1508 2674 Flor.

852 2689 1022 2725 ACRTV.
1048 2685 1121 2733 ἄδη
1125 2701 1145 2722 ν
1170 2689 1252 2721 ven.
1279 2686 1318 2720 C.
1343 2686 1443 2721 Vind.
1467 2687 1506 2719 B.

850 2731 926 2779 ὀὶδη
929 2748 951 2769 ν
974 2736 1068 2770 Mon.
1093 2736 1133 2769 C.
1180 2729 1301 2776 α’δὸην
1330 2732 1451 2776 reliqui
1475 2736 1507 2763 et

850 2781 1013 2816 editiones
1045 2785 1125 2816 ante
1156 2780 1360 2813 Bekkerum.
1409 2777 1506 2811 Conf.

853 2827 1185 2875 volmlp49‚b.

1288 2881 1322 2922 Z
