1807 3219
430 161 771 207 CIVITAS
810 161 934 206 LIB.
964 162 1019 204 V.
1048 163 1118 201 472

1397 163 1484 204 105

95 292 156 334 μοι
185 275 347 326 ἱκανῶς
379 271 572 326 ἀποδοὺς
601 275 659 330 μή
701 275 774 333 ἔχῃ
807 274 1052 327 ἀποδεῖξαι,
1098 289 1158 324 ως
1185 273 1260 316 καὶ
1294 270 1486 316 δυνατὸν

94 343 301 426 γενέσθαι
328 347 534 386 τοιοῦτον
563 341 728 398 ἄνδρας
766 343 848 387 Μὰ
877 342 952 387 Δί’
987 340 1070 387 οὐκ
1100 340 1237 398 ἔγωγ’,
1270 341 1369 398 ἒᾛφη
1432 342 1486 384 Τί

97 414 206 465 οὐνς
237 410 293 456 οὐ
321 411 396 455 καὶ
424 412 568 467 ἡμεῖς,
598 412 768 469 φαμὲν,
800 411 1080 468 παράδειγμα
1104 411 1344 465 ἐποιοῦμεν
1366 407 1482 467 λόγῳ
1514 417 1550 457 Ε

97 481 267 538 ἀγαθῆς
295 479 484 531 πόλεωςς
533 479 664 525 Πάνυ
693 497 753 537 γε.
789 476 949 526 ‘Htvdv
977 497 1020 524 τι
1055 474 1140 523 οὖν
1183 480 1266 522 οἴει
1295 478 1409 535 ἡμᾶς
1439 480 1488 521 εὐ

97 550 238 606 λέγειν
266 548 430 594 τούτου
465 547 615 601 ἕνεκα,
647 549 725 592 ἐὰν
754 548 812 606 μὴ
844 548 1008 605 ἔχωμεν
1036 547 1287 599 ἀποδεῖξαι,
1318 545 1379 598 ὠς
1410 549 1490 591 δυ·-

97 618 235 664 νατὸν
263 616 381 662 οὕτω
410 615 541 662 πόλιν
569 618 765 674 οἰκῆσαι,
797 616 856 669 ὦς
894 618 1084 673 {Mysum
1110 615 1194 661 Ου’
1225 618 1359 673 δῆτα,
1392 616 1489 672 ἔφη.

103 687 166 732 Τὸ
194 685 274 743 μὲν
300 686 456 730 τοίνυν
485 683 675 742 ἀληθὲς,
704 681 761 744 ἦν
790 684 831 730 δ’
864 684 969 742 ἐγώ,
1001 684 1140 729 οὕτω·
1190 686 1227 729 εἰ
1257 685 1304 729 δὲ
1334 683 1388 740 δὴ
1418 685 1494 728 καὶ

97 758 228 801 τοῦτο
256 755 605 814 προθυμηθῆναι
634 756 702 800 δεῖ
729 754 813 814 σήν
840 753 993 813 χάριν,
1023 753 1271 807 ἀποδεῖξαι,
1316 756 1375 810 πῆ
1405 752 1490 810 μοί-

149 905 254 953 Οἴει]
282 904 355 942 οἷ’ἐι
378 905 498 952 Steph.

146 972 218 1021 ἂν]
239 976 325 1021 ‘post
348 969 421 1011 οὖν
444 973 541 1010 vind.
561 974 603 1010 F.
628 974 765 1020 Ang.B.

97 1022 192 1058 Flor.
215 1023 261 1058 R.

146 1089 243 1137 οἷον]
272 1088 358 1126 οἷαν
384 1090 486 1128 Vind.
503 1091 546 1125 E.
573 1087 653 1130 οἷος
668 1090 764 1125 Mon.

99 1138 142 1172 B.
166 1139 258 1172 Flor.
269 1138 315 1172 U.
336 1141 372 1172 et
389 1138 553 1175 editiones
572 1141 652 1171 ante
672 1137 767 1171 Bek—

98 1183 219 1226 kerum
242 1187 279 1218 et
299 1185 335 1218 in
357 1195 412 1228 pr.
432 1183 688 1224 Stallbaumius‚
713 1183 770 1218 cui

100 1230 291 1275 elegantius
330 1229 525 1264 videbatur.
598 1229 770 1263 Νο111111111

99 1277 286 1311 masculino
317 1276 470 1310 iunctum
502 1275 678 1319 inelegans
702 1287 770 1309 non

99 1323 267 1366 dixerim,
308 1322 369 1356 sed
399 1321 482 1356 mihi
513 1333 651 1376 quoque
686 1319 770 1356 οἷον

99 1369 210 1403 minus
233 1369 371 1424 placere
394 1369 525 1412 fateor,
560 1368 643 1415 quia
665 1380 771 1414 prae-

101 1416 195 1450 cedit
217 1413 479 1460 παραδειγμα,
513 1415 556 1450 ad
589 1416 681 1460 quod
713 1426 770 1448 re-

99 1462 186 1497 ferri
215 1473 282 1496 non
311 1464 431 1507 potest
462 1465 498 1497 01
530 1465 644 1496 tamen
678 1462 770 1495 refe-

100 1509 244 1543 rendum
265 1507 413 1543 videtur.
439 1509 511 1543 Sed
536 1508 671 1543 codices
696 1519 770 1541 ser-

100 1555 177 1589 vari
199 1556 359 1589 neutrum
380 1555 512 1590 iubent.
555 1555 661 1588 Certe
678 1554 772 1588 Bek-

101 1601 208 1636 kerus
231 1601 266 1635 in
289 1600 516 1642 00111111.οἷος
539 1601 597 1635 11111
621 1601 772 1646 Stepha-

102 1659 168 1691 no,
202 1648 258 1682 cui
291 1651 407 1682 tamen
440 1649 680 1683 Monacensem
710 1647 772 1681 ad-

103 1694 188 1729 dere
218 1695 368 1736 debebat
395 1694 524 1740 liquido
561 1691 641 1733 οἶος
676 1693 772 1727 exhi-

102 1743 267 1784 bentem,
300 1741 510 1786 assignavit,
544 1738 626 1775 οἷον
661 1752 682 1773 a
713 1739 773 1773 Bi-

100 1787 252 1841 ‘pontinis
282 1794 325 1821 ex
358 1788 438 1822 Par.
463 1788 510 1821 K.
543 1799 564 1820 a
596 1786 773 1820 Stallbau-

103 1834 172 1868 mio
198 1845 241 1867 ex
264 1834 360 1868 Flor.*
382 1834 772 1873 ACRTV.e110tat1un‚

105 1892 127 1914 a
149 1891 204 1913 me
225 1880 263 1914 in
286 1880 373 1915 Lob.
397 1880 499 1915 Vind.
524 1879 628 1914 BDF.
654 1879 774 1913 inven-

104 1929 178 1960 tum
201 1929 264 1960 est.

153 1993 234 2041 εἴη]
268 1987 296 2040 ἦ
321 1994 406 2041 Ven.
430 1994 470 2029 B.
498 1993 599 2030 Vind.
624 1994 668 2030 E.
693 1993 774 2029 vat.

156 2108 202 2156 ὁ]
231 2122 300 2155 ου,
323 2121 400 2156 sup.
424 2109 547 2154 neura,
573 2087 681 2145 vind}
698 2109 741 2145 F.

157 2177 240 2225 ἔχῃ]
278 2179 332 2213 Ita
354 2180 436 2214 Par.
461 2179 538 2214 ΑΚ.
570 2190 640 2213 500.
666 2178 774 2213 Bekk.

109 2225 198 2260 Ven.
225 2226 267 2261 C.
289 2226 392 2260 Vind.
417 2226 492 2261 EF.
518 2227 606 2270 Ang.
630 2226 670 2260 Β.
695 2226 774 2259 vat.

109 2272 157 2307 H.
180 2272 274 2306 Flor.
298 2272 469 2306 ACRTV.
511 2270 615 2316 ἕχον,
641 2284 661 2306 0
685 2283 774 2305 corr.

111 2317 224 2362 ἔχων,
249 2317 350 2352 Vind.
374 2319 416 2352 D.
451 2315 528 2362 ἔχοι
551 2318 676 2364 reliqui
699 2328 776 2352 cum

111 2365 212 2399 editis
232 2367 310 2398 ante
333 2364 538 2399 Bekkerum.

158 2432 380 2478 ἀποδεῖξαι]
423 2434 478 2467 Ita
509 2433 590 2468 Par.
613 2434 655 2469 A.
690 2432 776 2467 ven.

111 2479 154 2518 B
180 2481 280 2515 Vind.
306 2480 350 2514 Ε.
376 2481 456 2514 Vat.
481 2480 526 2515 H.
550 2480 643 2514 Flor.
669 2478 776 2514 ACV.

111 2527 198 2581 (non
212 2527 291 2562 RT.
312 2526 380 2560 ut
370 2539 406 2561 1n
430 2537 499 2560 sec.
524 2527 578 2561 ed.
602 2526 779 2560 Stallbau-

111 2574 199 2608 mius
221 2584 319 2607 suam
338 2572 447 2619 ipsius
464 2573 612 2618 priorem
639 2573 781 2607 adnoto„

113 2620 242 2654 tionem
263 2623 465 2664 pervertens
490 2619 605 2663 dicit.)
645 2616 780 2653 ἐπιδεῖ·

113 2665 177 2708 ξαι
208 2665 333 2710 reliqui
367 2666 502 2700 codices
541 2668 577 2700 et
613 2665 780 2700 editiones

114 2715 194 2746 ante
216 2712 421 2746 Bekkerum.

165 2777 291 2826 ἔγωγ’]
319 2779 428 2825 ἔγωγε
450 2780 537 2816 Lob.
562 2779 663 2816 Vind.
683 2780 758 2817 BF.

164 2847 299 2894 φαμὲν]
327 2862 391 2885 om.
417 2850 491 2886 Fic.
516 2870 560 2876 -
584 2850 727 2885 Procius
746 2849 780 2884 in

824 905 901 940 Civ.
936 917 972 952 p.
997 904 1088 949 394,
1113 906 1168 942 13.
1203 916 1223 940 a
1247 900 1491 947 6110191010οὲ-

823 953 952 996 δειγμα
983 951 1052 1008 δέ,
1087 962 1199 997 φησιν
1223 948 1242 987 ὁ
1274 948 1491 1006 Σωκράτης,

821 999 1011 1040 πολιτείας
1031 996 1154 1044 ορθῆς
1174 998 1237 1033 καὶ
1263 996 1390 1038 τελέας
1406 994 1492 1043 γρά-

823 1057 954 1091 φομεν.

871 1107 964 1160 οὖν]
992 1127 1056 1149 om.
1073 1115 1153 1151 Bas.
1176 1115 1212 1150 b.

872 1177 935 1228 εὖ]
969 1187 1049 1229 post
1073 1183 1189 1229 λέγειν
1212 1183 1307 1218 Mon.
1331 1183 1373 1217 B.
1397 1182 1493 1216 Flor.

824 1230 869 1264 U.
896 1231 1097 1273 Bekkerus3
1143 1230 1203 1276 qui
1236 1242 1339 1275 qmun
1372 1229 1495 1273 vulga-

829 1280 901 1310 tum
942 1277 1125 1311 verbormn
1161 1277 1315 1311 ordinem
1354 1276 1496 1320 reliquis

826 1323 1002 1356 codicibus
1026 1324 1097 1357 suis
1114 1335 1190 1357 011111
1208 1323 1384 1367 Stephano
1402 1333 1496 1355 com-

825 1380 960 1402 munem
1002 1381 1077 1403 esse
1127 1382 1195 1403 non
1238 1369 1497 1413 significaverit,

827 1415 973 1449 altenun
1005 1416 1040 1449 in
1069 1416 1225 1460 pluribus
1249 1416 1419 1460 reperisse
1442 1415 1498 1448 vel

826 1465 1001 1506 repertum
1025 1474 1046 1495 a
1069 1473 1107 1495 se
1140 1462 1327 1496 credidisse
1350 1462 1499 1503 videtur,

827 1519 915 1554 quos
940 1508 1138 1552 singulatim
1170 1509 1323 1542 indicare
1359 1508 1413 1541 vel
1437 1519 1499 1540 ne-

828 1554 973 1598 glexerit
1000 1554 1055 1588 vel
1090 1566 1158 1588 non
1190 1554 1358 1599 potue.it.
1407 1554 1500 1587 Nam

827 1601 1081 1642 Monacensem,
1107 1601 1261 1645 quamvis
1284 1600 1399 1645 magni
1423 1611 1501 1634 eum

827 1648 985 1689 faceret,
1019 1647 1159 1692 reliquis
1197 1647 1351 1680 omnibus
1387 1647 1431 1680 ab
1456 1658 1498 1679 eo

828 1694 1041 1738 praelatum,
1078 1697 1138 1727 aut
1167 1693 1420 1727 insolentiorem
1456 1692 1500 1726 il-

829 1740 897 1773 lam
930 1740 1085 1774 adverbii
1117 1740 1378 1773 collocationem
1411 1739 1497 1772 adeo

828 1786 1006 1866 Elgclhram
1039 1786 1071 1820 ei
1102 1785 1212 1821 visam
1243 1797 1318 1820 esse
1339 1786 1398 1819 vix
1422 1797 1500 1819 cre-

855 1832 861 1838 “
889 1833 935 1866 10
959 1836 1022 1866 051.

877 1900 1050 1946 οἰκῆσαι]
1078 1899 1216 1936 οἰκίσαι
1242 1900 1342 1936 vind.
1364 1901 1408 1935 E.
1442 1899 1500 1935 ὀἰ-

831 1951 953 1983 nezem
975 1949 1055 1982 Bas.
1081 1948 1135 1982 ab.

883 2015 936 2052 Τὸ
967 2029 1033 2060 μεν
1057 2036 1105 2042 ·-
1131 2016 1302 2065 δημοσία.
1334 2015 1414 2052 473.
1441 2017 1501 2061 Ε.]

833 2064 1007 2108 excerpsit
1025 2064 1195 2098 Stobaeus
1215 2075 1318 2097 serm.
1332 2063 1501 2099 XXXXI.

832 2121 867 2156 p
892 2112 972 2146 259.
1030 2111 1101 2144 Sed
1135 2110 1169 2143 in
1203 2110 1276 2143 cod.
1310 2111 1352 2143 A.
1383 2110 1504 2154 priora

832 2168 957 2236 3223&
966 2154 1362 2245 ὃόΤΓῖῐῗέθΐίέἰῖῗεειέιιὲ
1363 2157 1504 2247 7ῗ11111ἳ3,

833 2247 919 2293 (Tb
950 2246 1041 2294 μεν)
1077 2252 1114 2283 et
1145 2249 1338 2294 posteriora
1370 2249 1450 2283 inde
1482 2261 1504 2283 a

832 2295 989 2340 γνησίως
1011 2307 1051 2330 τε
1075 2296 1154 2331 473.
1182 2295 1226 2331 D.
1260 2298 1296 2329 et
1326 2297 1505 2329 Gesnerus

832 2346 988 2376 extrema
1019 2354 1040 2377 a
1081 2342 1198 2377 verbis
1241 2341 1341 2376 δοκῶ
1380 2338 1420 2376 δὲ
1455 2342 1505 2376 ib.

833 2389 958 2424 omisit.

883 2453 998 2502 οὕτω]
1030 2453 1151 2498 οὕτως
1174 2457 1332 2492 Vind.D.
1354 2456 1434 2491 Par.
1460 2455 1506 2490 K.

835 2515 904 2539 sec.
929 2503 1009 2549 Bip.
1041 2505 1136 2540 Flor.
1162 2505 1208 2539 T.
1242 2503 1382 2546 Astius,
1415 2503 1509 2537 Bek-

836 2551 942 2585 kerus
964 2553 999 2584 01
1022 2551 1279 2586 Stallbaumius.
1306 2550 1362 2584 Cf.
1383 2550 1459 2584 Vol.
1476 2549 1506 2583 I.

835 2609 870 2643 p.
894 2599 984 2640 398,
1008 2609 1039 2631 a.

885 2664 947 2710 δὴ]
976 2667 1036 2700 δεῖ
1056 2667 1138 2701 Par.
1163 2665 1208 2700 K.
1233 2665 1370 2700 secund.
1395 2665 1505 2700 Bekk.

839 2725 905 2748 om.
925 2714 1022 2747 Stob.

885 2759 965 2803 δεῖ]
1003 2757 1069 2804 χρὴ
1107 2759 1205 2793 Stob.
1252 2758 1294 2792 In
1324 2757 1426 2792 Vind.
1461 2758 1502 2791 F.

837 2808 917 2886 potst
941 2805 1019 2849 δεῖ,
1052 2817 1119 2840 11011
1142 2807 1221 2850 post
1243 2801 1351 2849 χάριν
1375 2815 1505 2838 comma

839 2862 875 2884 es
