1807 3219
235 177 294 218 36
683 169 1164 216 PLATONIS

237 284 399 343 φέλιμα
430 283 566 340 λέγεις
617 285 707 328 Καὶ
746 284 885 341 μάλα,
925 284 1036 339 ἔφη,
1076 280 1130 325 ου’
1163 280 1347 337 σμικρόν
1375 285 1496 338 κῦμα
1527 286 1623 328 δια-

236 353 440 408 φεύγεις.
489 351 648 408 Φήσεις
686 369 755 408 γε,
799 347 856 408 ἦν
887 350 932 396 δ’
965 349 1071 407 ἐγώ,
1114 347 1168 393 οὐ
1209 350 1319 405 μέγα
1358 350 1467 395 αὐτὸ
1499 350 1624 404 εἶναι,

237 420 345 465 ὅταν
384 419 434 463 τὸ
471 422 577 475 μετὰ
616 424 747 464 τοῦτο
782 422 891 478 ἴδῃς.
949 420 1058 475 Λέγε
1087 418 1163 474 δή,
1209 420 1312 469 ἰ’δω,
1345 418 1441 475 ἔφη.
1506 420 1626 464 Τού-

238 505 326 546 τῳ,
355 482 412 543 ἦν
442 486 487 531 δ’
519 487 627 544 ἐγώ,
661 488 807 532 ἕπεται
838 487 975 543 νόμος
1004 487 1077 530 καὶ
1106 491 1198 537 τοῖς
1227 486 1499 542 ἔμπροσθεν,
1530 493 1625 539 τοῖς

239 555 409 606 ἄλλοις,
458 554 518 606 ὥς
555 557 740 613 ἐγῷμαι,
783 555 869 600 ὅδε.
932 557 1026 607 Τίς;
1091 553 1180 604 Τοές
1217 558 1428 608 γυναῖκας
1463 555 1628 607 ταύτας

236 627 327 666 τῶν
356 621 534 677 ἀνδρῶν
563 624 734 667 τούτων
763 623 942 667 πάντων
980 621 1123 673 πασας
1165 620 1276 664 εἶναι
1313 621 1491 674 κοινὰς,
1537 626 1628 681 ἰδία

175 696 215 738 D
244 692 289 735 δὲ
321 693 474 748 μηδενὶ
504 695 719 748 μηδεμίαν
746 696 987 742 συνοικεῖν,
1017 691 1089 734 καὶ
1121 691 1228 741 τούς
1257 693 1417 741 παῖδας
1448 689 1505 734 αὖ
1533 709 1629 736 κοι-

235 759 364 810 νοὺς,
413 761 487 803 καὶ
525 761 628 817 μήτε
665 761 798 817 γονέα
838 760 1022 814 ἔκγονον
1052 757 1213 801 εἰδέναι
1242 758 1320 801 τὸν
1352 757 1494 802 αὑτοῦ
1524 761 1630 816 μήτε

236 830 372 872 παῖδα
400 828 545 883 γονέα.
607 827 755 880 Πολύ,
795 828 910 884 ἔφη,
954 830 1084 870 τοῦτο
1125 825 1297 869 ἐκείνου
1333 831 1480 881 μεῖζον
1519 827 1631 882 πρὸς

164 922 183 940 s
238 894 442 939 ἀπιστίαν
471 895 545 939 καὶ
574 899 657 938 τοῦ
688 898 881 939 δυνατοῦ
911 893 1010 948 πέρι
1039 894 1112 937 καὶ
1142 897 1223 937 τοῦ
1255 891 1496 950 ω’φελίμου.
1535 895 1629 940 Οὐκ

238 962 382 1019 οἶμαι,
421 959 477 1019 ἦν
507 961 549 1006 δ’
581 963 689 1018 ἐγώ,
732 965 832 1019 περί
870 979 918 1018 γε
956 965 1037 1005 τοῦ
1079 960 1308 1016 ω’φελίμου
1340 961 1626 1020 ἀμφισβητεῖ-

241 1036 348 1075 σθαι
379 1030 458 1084 ἂν,
489 1029 548 1082 οἱς
579 1029 633 1074 οὐ
663 1030 865 1087 μέγιστον
895 1029 1069 1087 ἀγαθόν
1098 1029 1250 1081 κοινὰς
1277 1029 1356 1086 μὲν
1376 1030 1453 1083 τὰς
1471 1037 1627 1087 γυναῖ-

288 1179 427 1225 λέγεις]
453 1178 556 1224 λέγει.
584 1181 718 1215 codices
743 1182 807 1215 mei
832 1192 906 1215 cum

242 1227 347 1261 editis
373 1232 452 1261 ante
476 1228 690 1269 Bekkerum‚
714 1229 805 1273 quod
827 1239 906 1262 ver-

240 1274 285 1307 bo
311 1273 438 1317 φῶμεν
463 1285 528 1307 non
553 1274 720 1307 convenit.

286 1317 406 1364 μάλα]
451 1317 543 1364 μάλ’
591 1319 678 1354 Lob.
728 1320 829 1354 Vind.
863 1319 905 1354 B.

242 1366 323 1399 Vat.
350 1366 398 1399 M.

289 1408 360 1454 ἔφη
375 1437 384 1454 ,
406 1407 475 1454 ου]
501 1408 583 1455 ἔφη.
613 1407 672 1447 Ου’
693 1411 767 1445 Ald.
794 1411 908 1445 Erunt

241 1458 389 1491 fortasse
420 1457 543 1503 quibus
581 1457 711 1502 plenius
736 1462 814 1502 post
835 1455 906 1500 ἔφη

241 1503 545 1558 interpungendum
569 1503 744 1544 videatur,
781 1507 820 1536 ut
843 1502 907 1536 καὶ

241 1547 342 1593 μάλα
375 1549 638 1593 interrogationi
681 1549 809 1593 φῶμεν
852 1561 909 1582 re-

243 1596 435 1640 spondeat,
477 1595 655 1640 sequentia
680 1607 830 1629 caussam
856 1596 909 1628 af-

243 1641 444 1676 firmationis
476 1641 680 1674 contineant.
728 1642 798 1674 Sed
824 1642 910 1674 haec

243 1688 332 1721 iusto
357 1687 587 1721 vehementius
620 1687 669 1721 ita.
703 1687 803 1721 adiici
827 1691 910 1741 puto

243 1732 388 1778 ideoque
421 1732 482 1767 καὶ
515 1730 616 1776 μάλα
650 1745 724 1767 cum
757 1730 911 1777 διαφευ-

243 1790 318 1823 γεις
342 1780 482 1823 iungere
507 1781 607 1813 malo.

293 1845 469 1893 σμικρὸν]
495 1845 628 1892 μικρὸν
652 1847 752 1881 Vind.
775 1847 817 1880 D.

294 1914 531 1961 διαφεύγεις]
559 1917 701 1951 evasisti
723 1916 796 1950 Fic.

297 1982 453 2030 Φήσεις]
480 1983 612 2029 φύσεις
635 1986 713 2019 Bas.
739 1985 793 2018 ab.

293 2054 359 2098 γε]
392 2067 455 2089 om.
482 2055 562 2087 Vat.
587 2055 628 2088 B.
678 2050 718 2087 δὲ
743 2052 842 2086 Vind.
868 2053 909 2086 F.

249 2101 333 2144 Ang.
369 2101 409 2134 B.
457 2100 549 2134 Flor.
576 2101 619 2134 R.
667 2099 911 2133 Stallbaumius

248 2146 285 2180 in
309 2158 376 2180 sec.
403 2147 455 2180 ed.
481 2147 544 2180 sibi
571 2143 612 2180 δὲ
637 2157 675 2189 γε
699 2145 912 2179 scribendum

249 2192 359 2227 videri
381 2193 432 2225 bis
456 2192 589 2233 docuit,
615 2203 768 2225 caussam
791 2203 833 2224 ne
857 2202 913 2224 se-

249 2240 317 2272 mel
337 2238 471 2283 quidem
494 2238 709 2282 significavit.

296 2304 339 2340 τὸ
364 2304 457 2348 μετὰ
482 2306 594 2340 τοῦτο
614 2307 626 2349 ]
661 2305 910 2349 τομετατοῧτο

251 2352 337 2386 Lob.
362 2353 461 2386 Vind.
487 2353 559 2386 BD.
602 2350 645 2386 τὸ
673 2365 737 2386 om.
766 2353 843 2386 Vat.
868 2353 909 2386 Β.

300 2419 391 2464 ἴδω]
418 2417 468 2460 (ὃς
492 2419 561 2455 ἴδω
587 2421 670 2454 Ven.
697 2421 737 2454 Β.
763 2420 908 2455 Mon.B.

252 2465 344 2500 Flor.
369 2466 413 2500 U.
463 2467 538 2500 Ald.
586 2467 663 2500 Bas.
696 2467 750 2500 ab.
791 2467 909 2511 Steph.

254 2513 329 2545 Ast.
366 2524 418 2556 pr.
445 2518 480 2546 et
511 2525 578 2547 sec.
624 2512 747 2545 Stallb.
773 2524 823 2557 pr.
872 2518 911 2547 ut

228 2598 231 2600 ,
254 2559 391 2592 videam
415 2558 484 2591 Fic.
510 2558 785 2603 quemadmodum
809 2559 912 2591 etiam

253 2605 357 2636 solum
390 2603 456 2637 ἴδω
493 2604 781 2649 interpretandum
825 2610 909 2637 erat.

255 2649 310 2682 Cf.
338 2650 542 2683 Sebaeserus
566 2651 609 2683 ad
629 2650 763 2684 Bosium
789 2662 820 2695 p.
832 2651 911 2685 764.

255 2700 290 2729 et
312 2695 508 2749 Bernhardy
532 2700 625 2751 εγῐιῐ.ι
647 2709 678 2741 Ρ.
703 2698 782 2731 397

303 2738 488 2786 Τούτῳ-
504 2740 653 2781 κοινοὺς
670 2739 707 2776 δὲ
727 2739 814 2781 τοὺς
828 2743 912 2775 παῖ-

256 2786 324 2825 δας
347 2775 417 2830 D.]
428 2788 599 2831 excetpsit
625 2789 795 2821 Stobaeus
815 2799 911 2821 seim.

255 2831 420 2866 XXXXI.
446 2844 478 2878 p.
504 2833 582 2868 255.
609 2838 644 2867 et
668 2834 782 2879 priora
807 2845 914 2880 usque

963 1179 1006 1213 ad
1030 1178 1150 1213 παῖδα
1173 1177 1285 1223 γονέα
1313 1180 1528 1225 Eusebiusp
1508 1193 1627 1236 praep.

963 1238 1016 1259 ev.
1044 1226 1082 1259 L.
1110 1226 1206 1259 XIII.
1259 1226 1371 1260 .414.
1398 1228 1465 1261 Ριο
1495 1226 1627 1274 Τούτῳ

963 1272 1063 1306 Vind.
1091 1272 1133 1305 E.
1160 1238 1304 1305 τούτων
1329 1273 1442 1306 habet.

1008 1334 1082 1384 η’ν]
1117 1353 1169 1381 ω,
1206 1340 1240 1374 in
1273 1353 1379 1385 marg.
1407 1353 1428 1375 a
1450 1353 1493 1376 m.
1515 1353 1542 1375 s.
1569 1335 1630 1386 ἦν,

964 1386 1056 1420 Mon.
1083 1387 1122 1419 Β.

1009 1453 1071 1489 καὶ
1104 1456 1208 1500 τοῖς]
1247 1455 1311 1490 καὶ
1343 1456 1411 1490 τοῦ
1447 1456 1548 1490 Vind.
1586 1456 1631 1490 E.

964 1501 1056 1535 Flor.
1082 1502 1157 1535 AC.

1012 1570 1115 1613 τοῖς]
1147 1568 1210 1604 καὶ
1235 1573 1314 1610 τοῖς
1347 1571 1446 1604 Vind.
1473 1570 1516 1604 D.
1551 1571 1632 1605 Par.

965 1616 1010 1650 K.
1041 1628 1108 1650 sec.
1135 1617 1243 1650 Bekk.

1013 1680 1161 1728 ἄλλοις]
1211 1682 1334 1725 ἄλλοις
1377 1686 1476 1720 Stob.
1514 1686 1634 1721 Trinc.

969 1727 1094 1770 οἷλλοῑς
1120 1733 1226 1765 Gesn.

1017 1794 1093 1834 ὅδε.
1124 1800 1210 1840 Τι’ς;
1219 1802 1232 1845 ]
1257 1813 1267 1833 .·
1294 1798 1357 1834 ὅδὲ
1381 1801 1436 1840 τίς
1460 1801 1561 1834 Vind.
1586 1801 1631 1835 E.

968 1846 1082 1880 Etiam
1117 1826 1216 1879 Viud'.
1242 1847 1281 1879 F.
1318 1851 1396 1892 post
1427 1843 1491 1881 ὅδε
1524 1847 1633 1880 inter—

969 1892 1183 1936 punctionem
1209 1892 1333 1926 omisit.
1371 1894 1439 1926 Pro
1465 1889 1530 1928 ὅδε
1549 1894 1632 1927 Sto-

968 1937 1044 1983 bpei
1069 1939 1203 1972 codices
1229 1945 1264 1972 et
1294 1939 1345 1972 ed.
1371 1939 1486 1972 Trinc.
1523 1940 1629 1973 Gesn-

968 1983 1042 2017 ωδε
1066 1984 1203 2025 habent,
1228 1985 1318 2029 quod
1343 1985 1557 2018 Gaisfordius
1575 1997 1631 2019 se-

968 2030 1110 2063 cundum
1142 2032 1316 2075 vulgatam
1358 2035 1506 2065 nostram
1554 2042 1630 2065 cor-

967 2077 1068 2109 rexit.

1018 2141 1096 2182 Τας
1114 2145 1347 2187 γυναῖκας-
1368 2145 1488 2179 παῖδα
1504 2143 1628 2189 γονέα.

968 2190 1025 2233 D.]
1044 2191 1279 2224 Theodoretus
1292 2191 1365 2224 Lib.
1382 2192 1488 2224 vlm.
1501 2204 1535 2236 Ρ.
1548 2194 1628 2227 939.

968 2236 1016 2269 ita
1043 2236 1198 2269 exhibet.
1236 2233 1393 2294 Ἄνδρων
1416 2235 1560 2271 τούτων
1588 2235 1631 2271 ἇ-

965 2279 1118 2315 πάντων
1158 2280 1280 2321 πάσας
1325 2286 1420 2316 εἰναι
1451 2286 1631 2327 γυναῖκας

966 2326 1118 2369 κοινὰς,
1151 2328 1228 2374 ἰδίᾳ
1254 2328 1372 2372 (ἰδίαν
1397 2331 1470 2364 cod.
1495 2330 1631 2375 Ursini)

968 2371 1007 2408 δε
1045 2364 1226 2417 μηδεμίαν
1260 2374 1390 2420 μηδενὶ
1426 2376 1628 2417 ξυνοικεῖν·

966 2419 1029 2453 καὶ
1045 2418 1135 2459 τοὺς
1154 2421 1293 2459 παῖδας
1317 2421 1364 2455 αὐ
1383 2420 1546 2464 κοινούς,
1565 2420 1630 2456 καὶ

966 2464 1056 2521 μήτε
1080 2464 1191 2509 γονέα
1216 2465 1365 2510 ἔκγονον
1400 2465 1538 2502 εἰδέναι
1560 2465 1631 2502 τὸν

969 2509 1088 2545 αὐτοῦ
1123 2512 1270 2555 παῖδα,
1319 2515 1406 2557 (hoc
1441 2514 1513 2547 cod.
1547 2514 1628 2547 Urs.

967 2559 1059 2591 Flor.
1087 2559 1123 2591 Β.
1157 2564 1192 2591 et
1223 2559 1288 2592 duo
1322 2559 1526 2593 recentiores
1549 2560 1596 2603 Sy
1600 2561 1630 2592 l—

967 2604 1080 2646 bui-gii
1103 2604 1280 2659 omittunt)
1303 2603 1394 2649 μήτε
1418 2606 1537 2639 παῖδα
1560 2617 1630 2638 πα-

968 2648 1058 2692 τέρα
1082 2648 1150 2683 τὸν
1175 2647 1295 2684 αὐτοῦ
1322 2651 1477 2694 (παῖδας
1501 2651 1631 2685 omissis

968 2696 1076 2729 tribus
1101 2697 1321 2740 sequentibus
1343 2698 1459 2742 iidem)
1484 2695 1606 2741 γονέα.

1015 2784 1191 2831 πάντων]
1228 2800 1292 2821 om.
1337 2789 1435 2822 Stob.
1483 2789 1557 2823 cod.
1590 2790 1632 2822 A.

969 2833 1088 2867 Trinc.
