1807 3219
318 123 405 164 202

768 118 1252 164 PLATONIS

315 247 420 285 τον,
452 230 548 288 ἔφη.
611 230 724 288 &sigo
751 229 805 285 δή
838 230 915 273 καὶ
943 233 1110 290 κοσμίῳ
1141 232 1167 277 ὅ
1188 249 1237 290 γε
1266 232 1518 289 φιλόσοφος
1548 230 1715 288 ὁμιλων

245 307 284 348 D
315 299 505 356 κόσμιός
534 316 580 343 τε
604 316 677 342 και
694 303 818 350 θειος
845 300 906 350 εἰς
935 299 985 343 τὸ
1015 301 1208 345 δυνατὸν
1241 300 1468 382 ἀνθρώπῳ
1497 301 1710 356 γίγνεται·

315 367 503 424 διαβολὴ
546 366 591 411 δ’
624 366 671 411 ἐν
711 371 819 411 πᾶσι
848 367 1002 424 πολλή.

313 439 401 480 οὐν
429 453 518 488 τις,
556 434 705 488 εἷπον,

1063 369 1327 413 Παντάπασι
1371 369 1450 425 μὲν
1490 370 1584 411 οὐν.
1632 368 1712 412 Av

750 434 869 494 αὐτῷ
902 435 1072 494 ἀνάγκη
1101 438 1279 494 γένηται
1310 437 1341 481 ὁὶ
1374 438 1465 481 εκεῖ
1491 435 1599 493 ὁρᾷ,
1635 452 1710 490 με-

311 508 491 561 λετῆσαι
531 506 590 555 εἰς
623 503 878 559 ἀνθρώπων
912 504 1003 562 ἤθη
1042 507 1117 550 καὶ
1154 509 1243 564 ἰδίᾳ
1273 507 1347 551 καὶ
1378 507 1566 562 δημοσίᾳ
1594 503 1711 547 τιθέ-

309 589 386 616 ναι
416 573 489 617 καὶ
519 573 577 629 μὴ
613 571 755 628 μόνον
786 572 943 617 ἑαυτὸν
960 573 1188 630 πλάττειν,
1223 570 1309 630 ἆρα
1332 576 1473 619 κακὸν
1496 576 1711 629 δημιουρ-

309 640 394 698 γὰν
425 638 563 685 αὐτὸν
608 642 690 684 οἴει
728 640 991 698 γενήσεσθαι
1022 644 1321 701 σωφροσύνης
1357 659 1403 687 τε
1431 642 1508 687 καὶ
1541 644 1710 685 δικαιο-

313 709 452 767 σύνης
482 711 555 754 καὶ
588 708 813 766 ξυμπάσης
843 716 921 769 τῆς
951 715 1188 770 δημοτικῆς
1219 711 1393 768 ἀρετῆςς
1428 707 1618 754 ““Ήκιστά
1648 725 1710 764 γε,

309 772 338 835 ’ἦ
370 776 412 822 δ’
446 777 507 829 ὅς.

562 775 680 820 Ἀλλ’
711 777 790 821 ἐοὶν
820 780 872 838 δή
905 782 1152 825 αἴσθωνται
1182 783 1228 825 οἱ
1258 780 1435 832 πολλοὶ,
1467 778 1535 822 ὅτι
1565 776 1712 833 ἀληθῆ

247 851 282 892 Ε
308 846 408 902 περὶ
448 844 592 891 αὐτοῦ
628 845 831 903 λέγομεν,
881 853 1180 906 χαλεπανοῦσι
1224 848 1278 906 δὴ
1318 854 1411 901 τοῖς
1441 845 1711 904 φιλοσόφοις

361 995 459 1043 Θείῳ
480 995 527 1042 δὴ
541 997 761 1042 -θεοφιλῆ
773 995 981 1043 ποιήσειαν.

311 1044 391 1079 501.
422 1044 478 1088 C.]
512 1044 631 1078 laudat
663 1045 835 1078 Eusebius
860 1057 982 1103 praep.

312 1090 355 1123 L.
381 1090 460 1124 XII.
485 1102 520 1135 p.
545 1092 634 1126 348:
658 1091 741 1138 &sco
763 1088 810 1136 δὴ
832 1091 895 1126 καὶ
918 1090 983 1127 κό-

311 1145 389 1192 σμῳ
413 1132 437 1170 ὅ
455 1148 513 1191 γε
509 1140 575 1171 etc.

363 1179 389 1217 δ’
395 1184 471 1238 γε]
498 1179 561 1217 ὅτε
584 1182 664 1216 Bas.
690 1183 724 1217 b.

357 1226 514 1272 κόσμιός
541 1240 580 1262 τε
601 1228 664 1263 καὶ
687 1229 819 1283 θεῖος]
847 1230 985 1265 divinus

311 1276 384 1322 ipse
405 1282 509 1320 atquc
537 1277 677 1309 decorus
700 1275 773 1309 Fic.

240 1323 279 1364 D
359 1321 547 1380 γίγνεται]
572 1321 712 1366 γίνεται
737 1323 866 1357 Euseb.

359 1367 398 1403 δ’
412 1370 421 1413 ]
452 1366 492 1402 δὲ
518 1368 618 1401 Vind.
644 1369 685 1402 F
713 1369 844 1403 Euseb.

354 1416 473 1460 πᾶσι]
522 1425 624 1460 παση
668 1415 769 1451 Vind.
816 1415 858 1449 F.

308 1474 399 1497 corr.

355 1502 448 1553 οὖν]
483 1507 546 1542 int.
576 1518 669 1542 vers·
704 1518 726 1542 a
758 1518 803 1541 m.
827 1518 856 1542 s,
880 1507 982 1543 Vind.

354 1599 531 1646 γένηται]
557 1600 726 1655 γίγνηται
748 1598 847 1633 idem.

354 1648 579 1706 μελετῆσαι]
604 1644 798 1701 μελξτοσαι
822 1646 916 1680 Mon.
939 1646 981 1680 Β.

355 1693 420 1728 καὶ
449 1692 498 1738 μὴ
528 1692 648 1737 μόνον
677 1689 837 1736 ἑαυτὸν]
871 1704 981 1736 neque

309 1752 347 1776 se
363 1746 522 1785 tantum,
547 1741 607 1773 sed
628 1744 661 1774 ct
684 1740 773 1772 alios
796 1739 875 1772 Fic.
913 1739 980 1772 Pro

307 1785 428 1831 μόνον
457 1786 555 1821 Vind.
580 1786 625 1819 F.
651 1782 773 1819 πόνον
796 1785 913 1819 habet.

359 1849 458 1900 ἆρα]
494 1850 569 1899 ἀρα
600 1854 697 1888 Flor.
730 1853 838 1890 ACV.
887 1850 979 1888 ἄλλα

309 1903 391 1937 Vat.
417 1903 458 1937 Β.
485 1914 505 1935 a
529 1913 572 1935 m.
597 1912 651 1946 pr.

357 1969 488 2015 κακὸν]
516 1970 671 2004 Priorem
694 1969 860 2014 syllabam
879 1969 980 2006 Vind.

308 2019 351 2053 F.
378 2018 441 2051 int.
464 2028 556 2052 vers.
584 2029 604 2050 a
630 2028 674 2052 m.
701 2028 728 2050 s.
755 2017 873 2050 habet.

904 1418 985 1450 ante

357 2083 608 2131 δημιουργὸν]
644 2083 689 2130 δὴ
728 2085 812 2130 δημ.
850 2085 979 2120 Euseb-

309 2133 492 2224 Asgfistffi]
517 2183 596 2224 post
622 2177 693 2213 οἴει
717 2179 854 2213 Ven.B.
876 2177 979 2212 Vind.

309 2227 353 2261 E.
379 2228 460 2260 Vat.
485 2227 529 2260 H.
554 2225 652 2259 Flor.
679 2225 820 2259 ACTV.

357 2295 596 2373 δημοτικῆς]ν
598 2293 809 2339 δημωτικῆς
830 2293 979 2329 Mon.B.

314 2342 543 2398 δεσμωτικῆς
570 2341 734 2374 Vi11d.F.

353 2385 436 2422 Ἀλλ’
459 2386 525 2422 ἐὰν
544 2386 612 2432 δὴ]
643 2388 684 2420 Si
707 2387 781 2420 Fio.

357 2434 610 2480 αἴσθωνται]
646 2433 850 2468 αἰσθονται
883 2431 977 2466 Flor.

247 2530 282 2571 E
355 2523 652 2572 ἀπιστήσουσιν]
687 2522 978 2568 οἷπιστήσσουσιν

309 2574 412 2610 Vind.
446 2574 489 2608 F.
533 2578 613 2608 ante
646 2583 733 2607 corr.
792 2572 980 2616 Sequentia

311 2619 490 2655 Hierocles
532 2620 575 2654 de
614 2617 829 2665 providentia
863 2618 903 2651 L.
930 2618 977 2651 ΙΙ.

310 2667 402 2712 apud
426 2666 585 2700 Photium
609 2666 682 2700 cod.
709 2665 830 2699 CCLI.
849 2664 977 2709 p.464,

310 2714 343 2748 b.
372 2714 415 2748 13
437 2731 484 2737 —
502 2714 559 2748 27.
591 2713 700 2746 Bekk.
734 2712 823 2745 hunc
846 2711 882 2744 in
906 2722 978 2745 mo·-

311 2760 392 2794 dum
414 2761 594 2793 contracta
620 2759 774 2793 exhibet:
809 2757 871 2792 καὶ
890 2757 975 2792 τοῦ-

310 2818 353 2840 το
369 2803 408 2841 ἐν
424 2805 599 2852 Πολιτείᾳ
619 2804 867 2850 παραδίδωσι,
885 2802 978 2844 τοὺς

1042 996 1277 1056 φιλοσόφους
1295 996 1410 1053 λέγων
1423 993 1619 1051 α’ρχοντας
1627 996 1712 1036 ταῖς

1041 1045 1194 1081 πόλεσιν
1221 1042 1446 1089 ἐφεσταναι,
1483 1044 1546 1077 ι’να
1576 1040 1712 1098 λήξωσί

1040 1104 1133 1127 ποτε
1152 1092 1230 1126 τῶν
1250 1091 1394 1134 κακῶν,
1419 1088 1483 1124 καὶ
1502 1102 1554 1129 ως
1574 1087 1644 1123 οὐκ
1663 1084 1712 1122 ἅν

1041 1150 1133 1173 ποτε
1163 1135 1444 1182 ενδαιμονήσειε
1469 1134 1599 1179 πόλις,
1638 1135 1713 1179 (ita

1041 1186 1221 1219 Bekkerus
1255 1184 1438 1218 secundum
1475 1182 1611 1216 codices
1649 1193 1710 1226 pro

1041 1231 1180 1276 vulgato
1206 1227 1462 1286 ενδοκιμήσειε
1481 1226 1607 1267 πόλεις
1628 1227 1712 1261 scri-

1040 1277 1140 1322 psit.)
1168 1277 1203 1311 εἰ
1233 1275 1282 1321 μὴ
1313 1273 1434 1320 αυτὴν
1462 1272 1712 1328 διαγράψειαν

1042 1322 1080 1357 οἱ
1109 1323 1162 1370 τῷ
1192 1324 1287 1369 θείῳ
1314 1321 1588 1376 παραδείγματι
1620 1317 1712 1364 χρώ-

1040 1381 1164 1423 μενοι.ς
1182 1370 1239 1410 τίς
1261 1366 1300 1403 δ
1320 1366 1341 1403 ὁ
1363 1365 1506 1423 τρόπος
1526 1367 1601 1422 τῆς
1630 1367 1711 1401 δια-

1040 1416 1212 1460 ’γραφῆς-ς
1238 1412 1298 1450 ὅτι
1314 1412 1491 1472 λαβόντες
1512 1410 1635 1470 ὥσπερ
1651 1412 1712 1447 πί-

1040 1474 1136 1496 νακα
1162 1460 1272 1496 πόλιν
1297 1473 1336 1496 τε
1367 1459 1432 1496 καὶ
1458 1457 1537 1504 ἤθη
1560 1456 1710 1513 ανθρώ-

1040 1519 1122 1542 πων
1144 1509 1295 1553 πρῶτον
1312 1520 1379 1552 μεν
1403 1503 1583 1561 καθαραν
1600 1503 1710 1561 ποιή-

1041 1564 1168 1599 σειαν,
1204 1554 1267 1588 καὶ
1287 1553 1380 1598 μετὰ
1405 1554 1521 1588 τοῦτο
1544 1549 1710 1596 ’ὑπογρά-

1040 1607 1181 1644 ’ψαιντο
1219 1597 1267 1635 ἂν
1297 1599 1340 1635 τὸ
1376 1611 1496 1650 σχημα
1513 1600 1580 1655 τῆς
1606 1600 1710 1632 πολι-

1040 1648 1166 1691 τείας,
1201 1645 1350 1704 ε’πειτα,
1388 1650 1512 1690 οἶμαι,
1531 1644 1710 1702 ἀπεργα-

1040 1692 1191 1737 ζόμενοι
1217 1673 1350 1748 αυτῂν
1365 1691 1489 1727 πυκνὰ
1515 1688 1562 1726 ὃὶν
1585 1689 1708 1726 εκατέ-

1039 1750 1133 1794 ρωσε
1159 1738 1434 1797 ἀποβλέποιεν,
1467 1737 1579 1795 πρός
1593 1750 1632 1772 τε
1661 1736 1705 1773 τὸ

1039 1784 1153 1830 φύσει
1171 1786 1319 1820 δίκαιον
1340 1799 1403 1820 και
1425 1784 1540 1820 καλὸν
1555 1783 1620 1818 καὶ
1638 1785 1708 1818 σαῖ-

1038 1844 1137 1876 φρον
1157 1832 1221 1867 καὶ
1238 1845 1364 1867 παντα
1382 1830 1429 1866 τὰ
1448 1832 1634 1887 τοιαῦτα,
1644 1829 1709 1865 καὶ

1038 1877 1136 1923 πρὸς
1141 1876 1255 1934 (ως
1246 1891 1282 1913 ln
1312 1879 1486 1913 codicibus
1508 1879 1599 1935 est.)
1618 1874 1707 1911 ἐκεῖ-
1734 1888 1735 1891 ’

1037 1936 1082 1958 νο
1104 1925 1175 1968 αὐ,
1203 1922 1224 1960 ὃ
1245 1927 1325 1965 τοῖς
1342 1923 1563 1969 ανθρώποις
1583 1921 1707 1966 ἐμποι-

1040 1973 1085 2014 εῖ,
1111 1951 1175 2016 (id'
1200 1972 1335 2005 codices
1357 1972 1558 2027 omittunt.)
1574 1983 1624 2009 ως
1644 1969 1708 2004 καὶ

1038 2018 1106 2060 (ita
1128 2018 1263 2052 codices
1285 2029 1349 2062 pro
1370 2017 1434 2052 ’και
1454 2014 1523 2061 ως)
1540 2013 1708 2060 Όμηρος

1038 2061 1131 2107 ε’φη,
1156 2062 1201 2098 τὸ
1233 2062 1403 2104 θεοειδές
1432 2075 1472 2098 τε
1493 2064 1544 2107 (ν.
1564 2064 1618 2106 τι)
1643 2062 1708 2096 καὶ

1037 2110 1270 2153 θεοείκελον,
1304 2110 1368 2144 καὶ
1401 2109 1445 2145 τὸ
1477 2121 1543 2152 μεν
1572 2107 1707 2151 εξαλεί-

1039 2168 1168 2210 φοιεν,
1201 2154 1244 2191 τὸ
1275 2154 1315 2191 δὲ
1338 2153 1450 2191 πάλιν
1473 2152 1706 2200 ἐγγράφοιεν,

1038 2199 1110 2242 ἐς
1095 2199 1154 2240 ότι
1175 2199 1297 2258 (ὅτου
1309 2203 1382 2236 cod.
1400 2203 1511 2237 Paris.
1528 2202 1706 2258 bombyc.)
1737 2223 1741 2226 -

1037 2246 1196 2292 μάλιστα
1213 2247 1260 2282 τὰ
1274 2246 1501 2294 ἀνθρώπινα
1519 2244 1600 2294 ἤθη
1616 2249 1705 2282 θεο-

1036 2295 1126 2340 φιλῆ
1141 2293 1349 2340 ποιήσειαν.

1084 2371 1133 2410 ἅν
1153 2378 1269 2421 ποτε]
1295 2373 1437 2411 απόντε
1460 2375 1547 2410 Ven.
1567 2374 1608 2407 C.
1652 2373 1704 2408 Ad

1035 2425 1215 2470 sequentia
1240 2424 1284 2458 cf.
1309 2423 1351 2457 L.
1378 2424 1419 2457 V.
1444 2434 1478 2468 p.
1508 2422 1588 2456 473.
1613 2420 1657 2456 E.

1079 2503 1382 2550 παραδείγματι]
1453 2501 1705 2548 παραδείματι

1034 2550 1109 2585 Am.

1081 2613 1130 2665 ἥ]
1155 2613 1204 2664 ἦν
1228 2620 1322 2655 Mon.
1348 2619 1389 2654 B.
1412 2618 1506 2654 Flor.
1530 2617 1577 2652 U.

1081 2687 1250 2735 ἐάνπερ]
1299 2686 1366 2724 ἐὰν
1406 2688 1493 2723 Lob.
1535 2686 1636 2724 Vind.
1660 2685 1700 2720 B.

1035 2736 1115 2772 Vat.
1140 2737 1190 2771 M.

1082 2803 1157 2851 δὴ]
1182 2808 1262 2852 post
1284 2804 1369 2840 τίνα
1392 2805 1472 2840 vat.
1498 2803 1538 2838 B.
