1807 3219
341 185 425 225 110

787 174 1266 219 PLATONIS

335 292 548 347 ἑκάτερον
579 292 625 334 αἱ
653 291 812 334 πολλαὶ
852 289 1009 346 φύσεις
1047 289 1089 341 ἐξ
1128 285 1323 343 ἀνάγκης
1362 284 1722 339 ἀποκλεισθῶσιν,

342 360 427 406 οὐκ
457 361 545 404 ἔστι
574 363 723 404 κακῶν
752 362 919 411 παῦλα,
965 354 1000 402 ὦ
1032 363 1130 415 φίλε
1162 354 1398 406 Γλαύκων,
1441 359 1534 405 ταῖς
1560 355 1722 406 πόλεσι,

340 433 458 475 δοκῶ
489 429 535 473 δὲ
566 427 670 472 οὐδὲ
700 432 760 487 τῷ
791 426 1059 482 ἀνθρωπίνῳ
1089 426 1227 482 γένει,
1269 422 1371 467 οὐδὲ
1401 421 1511 479 αὕτη
1541 421 1568 480 ἡ
1598 429 1724 467 πολο-

270 509 306 548 Ε
340 500 433 542 vela
463 497 522 554 μή
549 513 652 540 ποτε
682 494 899 550 πρότερον
930 498 1023 552 φυῇ
1056 510 1100 537 τε
1131 496 1191 545 εἰς
1226 493 1275 537 τὸ
1306 490 1498 536 δυνατόν
1527 492 1600 536 καὶ
1632 496 1726 548 φῶς

331 566 462 622 ἡλίου
486 568 582 622 ἴδῃ,
613 564 669 620 ἢν
703 568 787 606 νῦν
816 561 932 619 λόγῳ
956 561 1284 618 διεληλύθαμεν.
1316 560 1425 604 ἀλλὰ
1446 559 1578 603 τοῦτό
1597 560 1725 615 ἐστιν,

336 635 366 678 ὂ
395 635 493 690 ἐμοὶ
523 631 657 677 πάλαι
686 632 822 676 ὄκνον
861 631 1056 687 ἐντίθησι
1085 630 1248 687 λέγειν,
1288 626 1474 683 ὁρῶντι,
1519 628 1578 680 ῶς
1608 630 1723 673 πολύ

333 704 457 760 παρὰ
489 702 622 754 δόξαν
657 700 909 759 ῥηθήσεται.
942 699 1131 756 χαλεπόν
1161 698 1246 756 γάρ
1283 699 1415 750 ἰδεῖν,
1455 697 1522 742 ὅτι
1555 697 1638 742 οὐκ
1666 698 1724 743 ἂν

383 827 581 872 ἑκάτερον]
616 823 801 870 ἑκατέρων
836 825 934 859 Vind.
961 824 1003 860 F.

382 873 537 932 φύσεις]
564 871 675 918 φύσις
701 873 800 909 Vind.
826 873 871 906 Ε.

384 920 420 963 ἐξ
441 918 626 976 ανάγκης]
655 932 718 953 om.
741 919 838 953 Stob.
864 917 938 951 cod.
963 918 1004 954 A.

342 966 442 1010 εξοῖν.
468 968 553 1000 Lob.
579 964 676 1007 ἐξαν.
702 965 797 998 Vind.
823 965 897 998 DF.

384 1011 694 1055 ἀποκλεισθῶσιν]
721 1008 966 1045 οἷποκαθιστῶ
971 1020 1005 1043 σι

334 1061 435 1094 Stob.
461 1060 536 1092 eod.
560 1060 600 1092 A
649 1058 787 1091 Ficinus
819 1058 905 1090 haec
926 1057 1005 1089 inde

337 1119 358 1141 a
382 1106 456 1140 τῶν
490 1103 528 1139 δὲ
560 1106 629 1138 νῦν
660 1105 710 1138 ita
736 1105 1003 1156 interpretatur.

336 1165 442 1197 neque
463 1152 572 1196 (quod
601 1163 689 1184 nunc
711 1150 779 1193 fit)
808 1163 830 1182 a
861 1149 1004 1183 dir-ersis

338 1200 405 1233 duo
426 1199 511 1231 hacc
537 1202 732 1231 tractentur
750 1196 911 1240 ingeniis.
959 1195 1005 1227 At

334 1255 455 1279 sensus
481 1243 536 1276 hic
561 1247 632 1276 est:
658 1243 726 1275 m‘si
751 1243 901 1275 maxima
917 1253 1004 1285 pars

334 1291 579 1336 ingeniorum,
615 1301 703 1333 quae
723 1299 812 1321 nunc
841 1289 888 1320 all
909 1289 1002 1320 alte-

334 1343 471 1371 rutrum
495 1341 694 1379 separatum
714 1335 756 1367 ab
775 1335 884 1368 altero
904 1345 1003 1366 acce-

335 1384 445 1424 dunt,
468 1382 659 1416 necessario
678 1382 720 1415 ab
738 1381 870 1416 utrovis
890 1380 1002 1413 exclu-

335 1441 377 1463 sa
390 1408 538 1471 fu'erint.

380 1475 532 1517 παῦλα]
567 1476 647 1507 ante
679 1471 805 1506 κακῶν
837 1471 930 1504 Flor.
955 1470 1000 1504 T.

333 1519 462 1554 παύλα
484 1520 559 1553 Ald.
588 1520 669 1553 Bas.
695 1519 749 1551 ab.
796 1517 1001 1551 Plutmchus

332 1567 449 1602 Numa
472 1578 505 1610 p.
520 1567 575 1601 73.
588 1565 641 1598 1)·
669 1560 817 1607 ἐναργὲς
834 1560 1000 1607 ἐξήνεγκε

332 1611 568 1656 παράδειγμα
605 1609 666 1644 καὶ
705 1608 902 1664 τεκμήριον
935 1609 1002 1652 τῆς

333 1659 576 1715 Πλατωνικῆς
596 1656 742 1712 φωνῆς,
778 1653 838 1710 ῆν
847 1666 1002 1699 νστερος

334 1702 473 1744 ἐκεῖνος
506 1703 575 1738 οὐκ
604 1701 740 1747 ὀλίγοις
756 1699 920 1757 χρόνοις
945 1713 1002 1758 γε·

333 1749 490 1795 νόμενος
514 1748 710 1806 ἐτόλμησεν
741 1745 897 1792 αφεῖναι
918 1745 1002 1790 περὶ

334 1798 544 1840 πολιτείας,
572 1808 622 1834 ως
641 1807 708 1838 μια
728 1795 853 1828 κακῶν
875 1794 1002 1827 παῦλα

333 1856 397 1877 και
435 1841 537 1882 λύσις
573 1839 792 1884 ανθρωποις
832 1837 928 1875 ἐστὶν
964 1837 1002 1873 ἔκ

333 1901 435 1928 τινος
455 1887 572 1943 τύχης
583 1888 692 1926 θείας
714 1887 766 1926 εἰς
784 1883 900 1920 ταύτὸ
921 1885 1000 1919 δια-

334 1936 422 1970 νοία
439 1932 633 1990 φιλοσόφῳ
652 1931 845 1990 βασιλικὴν
867 1942 1001 1975 συμπε-

335 1972 477 2020 (ἰοῦσαν
525 1979 684 2033 δύναμιν
736 1977 889 2033 ἐγκρατῆ
937 1976 1002 2012 καὶ

334 2027 557 2075 ’ὑπερδέξιον
576 2027 644 2070 τῆς
669 2026 798 2064 κακίας
819 2022 888 2068 τὴν
918 2022 1000 2067 α’ρε-

335 2077 406 2122 τὴν
431 2074 670 2118 καταστῆσαι.
724 2073 819 2106 Idem
852 2081 1001 2116 compar.

335 2123 511 2160 Demosth.
535 2126 571 2156 et
596 2120 709 2154 Cicer.
732 2130 766 2163 Ρ.
790 2119 868 2152 887
892 2117 934 2153 Ε.
957 2116 1002 2150 de

338 2171 525 2204 Cicer:one
566 2162 817 2220 ἐμαρτύρησεν
845 2159 924 2212 ἅμα
949 2162 1001 2208 τῷ

336 2213 514 2251 Πλάτωνι
552 2210 815 2270 μαντευομένῳ
852 2208 1002 2244 παῦλαν

334 2261 430 2306 ἕξειν
459 2261 586 2295 κακῶν
614 2257 684 2298 τὰς
722 2255 873 2311 πόλεις,
909 2252 1003 2291 ὅταν

335 2310 388 2349 εἰς
408 2305 526 2342 ταυτὸ
548 2303 707 2348 δύναμίς
726 2315 765 2338 τε
780 2300 918 2347 μεγάλη
940 2299 1003 2336 καὶ

334 2352 517 2410 φρόνησις
559 2350 598 2386 ε’κ
640 2362 742 2389 τινος
765 2348 892 2408 τύχης
917 2360 1002 2403 χρη·

333 2402 425 2446 στῆς
457 2396 653 2443 ἀπαντήσῃ
688 2394 780 2441 μετὰ
814 2392 1002 2429 δικαιοσύ-

334 2461 413 2492 νης.
462 2447 656 2490 Utrumque
695 2443 805 2477 locum
839 2441 1004 2475 indicavit

334 2495 461 2528 Astius.
489 2492 590 2533 Quod
615 2489 816 2524 Plutarchus
834 2490 1002 2530 fortunae

335 2540 540 2573 mentionem
564 2537 669 2578 fecit,
693 2535 749 2568 ad
772 2535 886 2579 Epist.
912 2534 1000 2567 Plat.

336 2586 418 2622 VII.
442 2597 477 2640 Ρ.
503 2586 583 2619 326.
607 2584 648 2616 Α.
668 2581 884 2615 referendum
907 2579 1002 2613 vide-

334 2635 411 2665 tur:
438 2628 552 2686 λέγειν
571 2641 610 2663 τε
636 2625 878 2683 ἠναγκάσθην
899 2623 1001 2659 ἐπαι-

334 2677 415 2711 νῶν
435 2674 507 2731 τῆν
531 2672 656 2732 ὀρθὴν
684 2672 924 2729 φιλοσοφίαν,
951 2683 1003 2710 ως

336 2721 376 2758 ἐκ
408 2721 548 2766 ταύτης
589 2719 664 2755 ε’στι
685 2718 732 2754 τά
763 2731 801 2753 τε
831 2715 1002 2752 πολιτικα

337 2769 466 2804 δίκαια
481 2767 544 2802 καὶ
564 2766 612 2802 τὰ
638 2767 714 2800 τῶν
732 2766 892 2800 ἰδιωτῶν
909 2761 1002 2798 πάν-

337 2827 385 2850 τα
405 2815 592 2849 κατιδεῖν·
623 2813 749 2847 κακῶν
778 2811 853 2867 ου’ν-
874 2807 921 2845 ού
942 2808 1002 2853 λη’-

338 2861 414 2905 ξειν
441 2858 490 2896 τὰ
523 2857 747 2904 ανθρῶπινα
774 2856 883 2902 γένη,
915 2856 1004 2901 πρὶν

1061 837 1111 858 αν
1129 820 1152 869 ἢ
1174 821 1217 859 τὸ
1235 824 1311 858 τῶν
1333 821 1642 879 φιλοσοφούντων
1661 836 1722 880 αρν

1059 871 1142 910 θῶς
1158 882 1196 926 γε
1212 869 1275 904 καὶ
1296 868 1447 914 άληθῶς
1462 882 1567 910 γενος
1585 871 1638 910 εἰς
1660 882 1724 914 αρ-

1059 916 1128 961 χὰς
1160 915 1252 962 ἕλκθῃ
1279 915 1348 955 τὰς
1373 915 1588 972 πολιτικὰς,
1625 913 1648 960 ἢ
1679 915 1721 951 τὸ

1059 964 1137 997 τῶν
1159 960 1463 997 δυναστευόντων
1489 973 1527 996 εν
1551 965 1633 1002 ταῖς
1656 960 1724 997 πό-

1061 1012 1157 1044 λεσιν
1184 1007 1222 1043 ἔκ
1245 1021 1346 1048 τινος
1369 1008 1503 1053 μοίρας
1527 1009 1638 1048 θείας
1664 1005 1724 1044 ὅν-

1060 1069 1133 1095 τως
1152 1053 1399 1108 φιλοσοφήσῃ.

1108 1102 1136 1135 ω’
1174 1102 1255 1145 φίλε
1282 1099 1492 1146 Γλαύκων]
1530 1114 1594 1135 om.
1625 1101 1723 1135 Stob.

1061 1149 1176 1182 Gesn.
1194 1149 1270 1181 Fic.

1105 1197 1188 1234 ταῖς
1205 1192 1357 1238 πόλεσι]
1384 1194 1522 1228 civitati
1545 1193 1617 1227 Fic.
1642 1195 1726 1232 ταῖς

1059 1238 1210 1275 πόλεσιν
1243 1242 1339 1274 Stob.
1376 1241 1483 1274 Gesn.
1525 1240 1613 1284 (qui
1646 1240 1678 1272 h.
1704 1239 1725 1272 l.

1060 1288 1194 1332 deficit)
1229 1291 1265 1321 et
1295 1286 1461 1321 editiones
1487 1290 1566 1319 ante
1588 1286 1727 1320 Bekke-

1059 1345 1144 1367 rum.

1106 1379 1230 1423 δοκῶ]
1269 1374 1359 1411 ἀλλὰ
1398 1376 1448 1422 μὴ
1485 1378 1585 1412 δοκῶ
1627 1379 1725 1413 Stob.

1059 1426 1133 1459 cod.
1157 1427 1197 1458 A.
1225 1425 1336 1458 Ga35f.

1106 1468 1238 1527 623²]15
1265 1471 1363 1505 wid.
1390 1470 1433 1504 E.
1457 1471 1537 1504 Vat.
1563 1470 1608 1504 H.

1103 1515 1228 1572 γενει,]
1253 1515 1359 1572 γένει.
1381 1518 1456 1550 Ald
1483 1518 1568 1561 Step
1571 1515 1615 1550 h.

1057 1559 1223 1644 Flav'tg]
1257 1560 1353 1608 αύτὴ
1380 1563 1479 1597 Vind.
1506 1564 1548 1597 F.
1546 1530 1659 1608 pAug.
1684 1563 1725 1596 B.

1104 1623 1142 1645 or
1214 1635 1221 1644 .
1287 1626 1290 1634 ι

1059 1677 1062 1679 >
1104 1654 1154 1700 μή
1179 1657 1292 1711 ποτε]
1326 1653 1417 1699 μήτε
1453 1656 1552 1689 Stob.
1587 1655 1661 1690 cod.
1683 1655 1725 1689 Α.

1060 1704 1147 1736 Gais
1151 1704 1174 1736 f.
1199 1700 1277 1758 φύη
1296 1714 1333 1736 τε
1359 1703 1387 1736 Ι
1390 1704 1443 1736 ob.
1472 1714 1547 1757 φυη
1569 1713 1606 1734 τε
1623 1701 1724 1735 Vind.

1059 1749 1098 1783 B.
1132 1749 1208 1793 φυῆ
1231 1760 1268 1782 τε
1295 1750 1373 1784 Vat.
1400 1749 1449 1782 Μ.
1482 1758 1625 1791 μηποτε
1649 1747 1725 1780 Ald.

1059 1796 1137 1829 Bas.
1165 1797 1218 1828 ab.
1245 1796 1366 1839 steph.
1392 1796 1467 1828 Ast.
1514 1794 1585 1828 Sed
1609 1797 1663 1827 est
1683 1805 1726 1827 ne

1059 1854 1230 1886 unquam,
1279 1854 1344 1874 non
1378 1853 1564 1895 nunquam.
1625 1841 1726 1873 Conf.

1058 1900 1094 1932 Ρ
1118 1889 1197 1922 467.
1217 1889 1266 1921 Β·
1291 1886 1334 1922 τὸ
1356 1885 1406 1931 μή
1427 1898 1518 1920 ποτε
1535 1886 1725 1920 κινδυνεῦ-
1758 1914 1760 1916 ,

1060 1945 1140 1977 σαι,
1165 1940 1205 1968 ut
1221 1947 1264 1967 πε
1290 1946 1440 1979 unquam
1457 1935 1647 1978 periculum
1669 1945 1726 1966 su-

1059 1982 1173 2014 beant.

1106 2038 1182 2071 φυη
1206 2026 1287 2070 τε]
1304 2025 1423 2069 φυῆτε
1456 2025 1531 2059 Ald.
1564 2026 1644 2059 Bas.
1670 2026 1724 2059 ab.

1060 2070 1138 2127 φύη
1117 2084 1195 2116 ητε
1223 2073 1306 2105 Lob.
1339 2073 1418 2106 Par
1445 2071 1488 2105 K.
1514 2082 1582 2105 sec.
1615 2072 1724 2105 Bekk.

1060 2116 1204 2173 φύηται
1239 2118 1337 2152 Vind.
1362 2118 1408 2151 F.
1441 2120 1524 2159 Ang.
1548 2118 1588 2151 B.
1632 2118 1724 2151 Flor.

1059 2166 1104 2199 T.
1130 2162 1221 2207 φύει
1239 2175 1278 2197 τε
1303 2163 1403 2197 Vind.
1426 2164 1466 2197 Β.
1492 2164 1571 2197 Vat.
1597 2164 1645 2197 M.

1108 2211 1186 2255 εἰς]
1216 2208 1265 2251 ἐς
1276 2211 1374 2243 Stob.
1399 2210 1473 2243 cod.
1498 2209 1538 2242 A.
1566 2210 1678 2244 Gaisf.
1733 2207 1768 2247 E

1108 2257 1197 2303 ιδη]
1221 2257 1298 2290 ἴδοι
1321 2257 1408 2290 Lob.
1442 2256 1540 2289 Vind.
1566 2256 1607 2290 B.
1646 2257 1723 2290 Vat.

1103 2344 1173 2405 ἣν]
1208 2348 1271 2382 καὶ
1303 2348 1402 2382 Stob.
1436 2348 1510 2383 cod.
1534 2349 1575 2384 A.
1611 2348 1723 2384 Gaisf.

1057 2391 1106 2441 ἣν
1103 2362 1173 2439 ηδὴ
1201 2395 1301 2430 Vind.
1327 2395 1372 2428 E.

1107 2440 1245 2485 πάλαι]
1284 2439 1397 2475 παλιν
1433 2440 1519 2474 Lob.
1556 2441 1656 2474 Vind.
1681 2441 1721 2475 Β

1057 2489 1243 2569 ἕὲιξιζΒΜ.
1272 2489 1354 2521 Ven.
1383 2487 1424 2521 C.
1448 2487 1525 2520 Par.
1551 2487 1628 2520 DK.
1653 2498 1724 2521 sec.

1109 2578 1274 2636 ὁρῶντι]
1295 2575 1436 2623 ὁρῶντε
1459 2578 1556 2612 Stob.
1583 2578 1657 2612 cod.
1682 2580 1722 2613 A.

1103 2638 1208 2671 παρα
1229 2623 1358 2669 δόξαν]
1383 2621 1604 2668 παραδόξαν
1622 2625 1722 2659 Vind.

1059 2674 1102 2707 E.
1129 2670 1356 2728 παραδόξων
1380 2672 1477 2704 Stob.
1503 2672 1579 2704 cod.
1603 2673 1644 2705 A.

1105 2717 1267 2763 χαλεπὸν
1303 2716 1375 2762 γὰρ
1409 2717 1526 2760 ἰδεῖν]
1574 2717 1723 2761 „Magis

1059 2766 1189 2822 placet
1199 2777 1285 2810 quae
1309 2765 1454 2798 affertur
1477 2743 1597 2820 lectio}
1619 2765 1722 2807 χαλε-

1061 2810 1135 2846 πὸν
1150 2810 1220 2857 γὰρ
1241 2810 1386 2845 πείθειν
1405 2805 1462 2844 ὅτι
1480 2806 1548 2843 οὐκ
1570 2800 1617 2845 ἆν
1630 2813 1694 2843 etc.
1699 2812 1721 2831 “

1061 2859 1181 2903 Steph.
1206 2861 1318 2891 annot.
1343 2869 1377 2901 p.
1402 2859 1457 2892 21.
1483 2856 1537 2890 Ea
1551 2857 1616 2890 fuit
1634 2856 1721 2890 Cor-
1754 2894 1759 2897 Α
