1807 3219
222 183 277 222 16
679 164 1154 221 PJLATONIS

220 291 304 346 γὰρ
349 289 404 334 ἄν
441 289 500 341 ὥς
527 304 575 346 γε
615 288 662 333 ἐν
699 291 761 349 τῷ
804 292 1042 344 παρεστῶτι
1085 291 1255 346 φανείη.
1313 288 1514 343 Οὐκοῦν,
1544 285 1600 348 ἦν

221 358 268 403 δ’
298 358 408 415 ἐγώ,
449 358 621 414 ἐπείπερ
661 354 923 413 ὡρμήσαμεν
963 357 1134 413 λέγειν,
1192 356 1246 402 οὐ
1286 359 1507 415 φοβητέον
1546 357 1601 402 τοὶ

221 430 311 471 τῶν
339 425 580 482 χαριέντων
619 423 886 480 σκώμματα,
938 423 1021 468 ὅσα
1057 427 1131 470 καὶ
1162 425 1234 470 οἶα
1262 425 1320 469 ἂν
1349 428 1512 470 εἴποιεν
1541 428 1603 478 εἰς

221 494 301 550 τὴν
329 493 538 550 τοιαύτην
568 493 812 549 μεταβολήν
841 493 1078 550 γενομένην
1114 496 1187 538 καὶ
1223 495 1322 549 περὶ
1350 494 1404 538 τοὶ
1433 492 1602 550 γυμνά-

222 575 295 606 σια
322 562 395 605 καὶ
425 562 523 616 περὶ
554 562 770 618 μουσικὴν
800 562 873 604 καὶ
914 561 997 605 οὐκ
1035 562 1232 618 ἐλάχιστα
1270 563 1369 616 περὶ
1406 562 1486 619 τὴν
1515 565 1604 606 τῶν

220 629 369 673 ὅπλων
400 631 544 686 σχέσιν
575 631 646 673 καὶ
678 632 824 673 ἵππων
860 628 1038 686 ὀχήσεις.
1097 629 1281 685 Ὀρθῶς,
1323 630 1426 688 ἔφη,
1457 631 1604 686 λέγεις.

218 696 320 741 Ἀλλ’
355 698 524 754 ἐπείπερ
559 698 699 754 λέγειν
728 696 974 754 ἠρξάμεθα,
1008 698 1249 753 πορευτέον
1277 700 1385 752 πρὸς
1414 698 1463 742 τὸ
1497 715 1604 752 τρα-

219 767 273 822 χῦ
303 771 385 810 τοῦ
415 766 583 822 νόμου,
617 768 807 823 δεηθεῖσί
835 782 879 808 τε
909 765 1079 809 τούτων
1110 766 1167 823 μὴ
1198 765 1249 809 τὰ
1290 766 1438 810 αὐτῶν
1466 765 1605 821 πράτ-

221 851 335 887 τειν,
367 834 477 879 ἄλλα
508 833 787 888 σπουδάζειν,
818 835 892 878 καὶ
919 832 1246 891 ὑπομνήσασιν,
1285 834 1353 878 ὅτι
1383 833 1437 878 ου’
1466 833 1607 886 πολὺς

222 901 404 959 χρόνος,
437 903 479 955 ἐξ
509 898 564 947 οὗ
594 908 686 954 τοῖς
704 902 907 959 Ἕλλησιν
938 901 1078 946 ἐδόκει
1108 902 1262 959 αἰσχρὰ
1291 901 1403 946 εἶναι
1431 903 1505 946 καὶ
1534 919 1606 959 γε-

224 976 324 1015 λοῖα
354 972 461 1028 ἅπερ
493 975 578 1015 νῦν
615 976 707 1023 τοῖς
748 975 929 1023 πολλοῖς
964 974 1053 1014 τῶν
1088 970 1352 1028 βαρβάρων,
1408 970 1607 1027 γυμνοὺς

271 1097 332 1140 γε]
358 1109 378 1139 y
414 1097 501 1130 Lob.
536 1096 634 1130 vind.
658 1097 762 1131 BDE.
797 1096 888 1142 quod
991 1093 1028 1138 ἐξ
1053 1088 1123 1139 οὔ]
1149 1092 1234 1137 ἐξοῦ
1261 1095 1359 1130 Vind.
1383 1096 1427 1131 Ε.

226 1143 401 1177 Bekkerus
425 1154 560 1188 quoque
577 1143 613 1176 in
629 1143 699 1176 suis
719 1143 865 1177 inveniss
869 1155 888 1176 e
989 1143 1137 1186 γελοῖα]
1166 1140 1296 1185 Ἴγέλοια
1338 1143 1423 1176 Lob.
1456 1142 1535 1177 vat.
1552 1142 1607 1176 'B.

227 1190 381 1233 adeoque
405 1189 558 1232 recipere
580 1189 726 1222 voluisse
742 1189 888 1230 udatur
944 1189 1030 1222 Ven.
1066 1188 1106 1221 C.
1154 1188 1232 1222 Par.
1267 1188 1308 1221 D.
1356 1190 1535 1223 Bekkerus
1572 1193 1610 1223 et

226 1246 329 1280 quum
361 1235 439 1268 V.at
466 1235 505 1267 Β.
538 1246 558 1268 a
589 1246 632 1268 m.
658 1246 708 1278 pr.
733 1232 763 1278 γ’
790 1236 888 1268 omit-
943 1235 1062 1268 Astius
1086 1234 1121 1267 in
1144 1245 1212 1267 see.
1237 1239 1273 1267 et.
1297 1239 1378 1268 tert.
1404 1236 1456 1269 ed.

226 1286 302 1314 teie
327 1281 559 1321 annotaverit,
584 1292 651 1313 non
673 1291 722 1323 γε.
759 1281 888 1321 Quam·
993 1276 1112 1324 ἅπερ]
1147 1276 1270 1324 ὥσπερ
1296 1281 1374 1314 Par.
1399 1281 1443 1315 K.
1470 1281 1608 1316 secund.

227 1338 327 1372 quam
351 1339 393 1360 ex
418 1340 478 1368 eo,
511 1327 601 1371 quod
632 1327 718 1360 hanc
741 1327 890 1359 varieta-
944 1327 1052 1360 Bekk.

225 1378 295 1406 tem
319 1380 397 1407 ante
420 1373 501 1406 illud
523 1370 580 1406 δί’
607 1384 648 1405 ex
673 1376 759 1416 Aug.
777 1373 815 1405 Β.
839 1373 889 1406 al-
993 1373 1094 1415 τοῖς]
1132 1385 1196 1406 om.
1230 1372 1328 1405 Vind.
1365 1373 1408 1406 Ε.
1456 1373 1543 1418 Aug.
1567 1373 1610 1407 Β

225 1419 330 1452 latum
348 1420 479 1464 posuit,
517 1418 607 1452 aliud
642 1419 722 1462 quid
747 1420 790 1451 ab
815 1418 889 1452 eius
948 1419 1026 1453 Vat.
1052 1418 1096 1450 H.
1120 1418 1212 1451 Flor.
1239 1419 1410 1452 ACRTV.

226 1465 339 1509 operis
363 1466 417 1498 hic
447 1470 624 1510 peccatum
656 1464 826 1509 suspicari
850 1464 891 1498 li-
993 1462 1168 1519 γυμνοὺς]
1194 1463 1425 1507 γυμναστούς
1439 1465 1526 1499 Lob.
1549 1477 1611 1509 γυ-

226 1516 293 1544 cet.
949 1509 1066 1555 μνούς
1090 1508 1183 1549 τούς
1208 1511 1306 1543 Vind.
1332 1512 1406 1544 BD.
1435 1512 1513 1545 Vat.
1539 1512 1587 1545 Μ.

272 1557 503 1601 παρεστῶτι]
528 1553 689 1600 παρόντι
712 1556 790 1589 Par.
816 1555 859 1589 K.
995 1557 1150 1600 πρῶτοι]
1177 1568 1309 1600 πρωτα
1332 1557 1425 1590 Μοιι.
1448 1558 1486 1591 Β.
1512 1558 1612 1601 πρῶ-

225 1649 266 1684 B
275 1604 456 1683 ‹pgvslqgl
467 1603 637 1647 φανῆναι
669 1603 757 1636 Lob.
794 1601 891 1636 vind.
950 1615 1028 1682 τὲἰν
1044 1603 1124 1635 V.en
1139 1602 1184 1682 CB
1204 1603 1612 1681 {{p.DK.(F101-.UV.)

336 1656 371 1682 at
944 1661 968 1683 ‘e
1004 1649 1030 1682 ti
1054 1655 1133 1682 ante
1189 1661 1205 1681 e
1257 1661 1359 1682 erum.

273 1694 488 1745 φοβητέον]
515 1692 702 1739 φορητέον
726 1694 835 1728 iidem.
995 1693 1298 1737 Λακεδαιμόνιοι]
1321 1695 1612 1738 λακεδαιιιονίοις
1636 1700 1676 1744 D

270 1742 332 1775 καὶ
359 1739 444 1785 οἷα]
472 1755 535 1775 om.
560 1742 652 1774 Mon.
677 1741 717 1774 B.
749 1739 812 1775 καὶ
837 1737 891 1774 οἷ’
949 1741 1034 1775 Lob
1064 1741 1161 1774 Vind.
1183 1741 1254 1775 BF.
1280 1741 1358 1775 Vat.
1383 1742 1431 1776 M.
1463 1743 1544 1776 Par.
1567 1742 1611 1776 K.

226 1788 404 1844 Bekkeruf
429 1793 464 1821 et
490 1787 603 1821 Astius
628 1788 663 1820 in
687 1788 793 1820 tertia
817 1787 868 1820 ed.
949 1799 1016 1821 sec.
1039 1787 1115 1831 Bip.

275 1834 350 1876 εἰς]
377 1832 416 1867 ἐσ
442 1834 533 1867 Μοιι.
557 1834 598 1866 Β.
627 1839 810 1866 correctus.
995 1834 1094 1877 τοῖς]
1122 1845 1186 1868 om.
1213 1833 1309 1868 Vind.
1335 1834 1376 1868 Ε.

271 1877 492 1923 γενομένην]
527 1890 598 1922 γεν.
635 1875 682 1912 ἂν
725 1880 817 1912 Mon.
850 1878 891 1912 B.
996 1877 1121 1912 πάντα
1163 1880 1314 1923 ταῦτα]
1363 1880 1419 1913 Ita
1460 1880 1539 1914 Par.
1574 1880 1612 1913 Α.

227 1927 319 1960 Flor.
346 1926 389 1959 U.
440 1926 617 1959 Bekkerus
651 1930 686 1958 et
718 1925 892 1958 Stallbau-
951 1925 1049 1958 Vind.
1075 1926 1179 1959 DEF.
1207 1927 1289 1960 Ven.
1306 1926 1345 1960 B.
1371 1927 1508 1970 Ang.B.
1534 1927 1613 1960 Vat-

227 1972 312 2006 mius
346 1972 382 2005 iu
415 1971 524 2015 plima
561 1971 612 2004 ed.
659 1972 770 2016 quod,
815 1971 895 2015 quia
951 1972 995 2005 H.
1021 1972 1112 2004 Flor.
1139 1972 1310 2005 ACRTV.
1335 1985 1366 2005 τ.
1394 1985 1431 2005 π.
1457 1973 1548 2006 Mon.
1570 1973 1613 2006 Β.

228 2018 370 2052 mutatio
396 2017 593 2062 simpliciter
618 2022 653 2050 et
685 2018 755 2050 sine
781 2017 896 2050 condi-
954 2029 1028 2050 cum
1064 2018 1203 2061 reliquis
1239 2018 1412 2052 codicibus
1445 2018 1615 2063 editisque

228 2064 322 2098 tione
362 2065 456 2097 facta
496 2063 654 2108 ponitur,
701 2063 785 2097 ferri
830 2074 897 2096 nou
954 2070 1034 2098 aute
1055 2064 1260 2096 Bekkerum.

231 2114 359 2167 potest.
1001 2107 1289 2153 συγκαλύπτειν]
1316 2109 1345 2151 ξ.
1371 2109 1471 2143 Vind.
1496 2110 1537 2144 F.

279 2154 364 2200 περὶ
387 2152 582 2199 μουσικὴν]
607 2153 691 2199 περὶ
716 2167 779 2190 οπι.
800 2153 896 2188 Vind.
1002 2154 1127 2188 πάντα
1150 2154 1196 2188 τὰ
1221 2157 1390 2200 τοιαῦτα]
1415 2154 1462 2189 τὰ
1487 2168 1555 2190 τοι.
1576 2168 1615 2190 π.

233 2203 276 2237 Ε.
955 2202 1054 2235 Vind.
1078 2201 1149 2234 BD.
1176 2202 1254 2235 Vat.
1281 2203 1328 2235 Μ.
1375 2216 1380 2226 ’

279 2244 426 2292 ὅπλων]
455 2242 572 2290 ὄχλων
597 2248 675 2282 Bas.
700 2248 733 2282 b.
893 2246 897 2247 ⁷
1001 2247 1108 2291 τοῖς]
1147 2260 1210 2281 om.
1249 2248 1340 2281 Mon.
1372 2248 1411 2282 B.
1452 2248 1546 2282 Flor.
1571 2248 1616 2282 U.

279 2293 421 2350 σχέσιν]
446 2293 574 2347 χρῆσιν
598 2294 698 2327 vind
727 2294 769 2327 E.
953 2293 1032 2326 Par.
1055 2294 1098 2326 K.
1124 2305 1191 2327 sec.
1215 2294 1325 2327 Bekk.

280 2338 458 2384 ὁχήσεις.]
504 2336 667 2383 ὀχλήσεις
698 2340 779 2373 Vat.
814 2339 895 2373 ΒΜ.
999 2341 1166 2383 γελοῖον]
1203 2338 1347 2383 γέλοιον
1379 2340 1558 2373 Bekkerus
1582 2345 1619 2373 et.

232 2387 316 2420 Lob.
346 2387 440 2419 vind.
466 2386 506 2420 B.
534 2386 616 2427 Veu.
643 2386 682 2419 C.
727 2382 894 2429 ὄχήσεις,
953 2386 1071 2418 Astius
1104 2386 1137 2418 in
1171 2398 1240 2420 sec.
1276 2391 1310 2420 et
1341 2391 1421 2420 tert.
1446 2386 1499 2419 ed.
1535 2386 1618 2420 item

231 2433 361 2473 Asffius,
387 2425 562 2464 Bekkerus
588 2438 623 2465 et
642 2432 895 2472 Stallbaumius‚
953 2431 1065 2476 paullo
1091 2437 1178 2474 post.

236 2491 304 2512 non
339 2478 411 2511 siue
451 2478 673 2521 ambiguitate
715 2484 749 2510 et
784 2477 894 2517 aliter,
998 2478 1099 2530 τοῖς]
1124 2479 1190 2522 τῆς
1214 2477 1287 2511 ΑΙ(].

236 2537 337 2581 quam
363 2524 494 2557 Glauco
519 2525 653 2557 videtur
679 2523 895 2561 intellexisse.
999 2520 1052 2556 λό·
1046 2526 1154 2569 song]
1212 2525 1297 2566 Ita,
1346 2535 1420 2569 sup.
1467 2522 1614 2566 λογίοις,

281 2567 386 2613 Ἀλλ’]
417 2566 489 2602 ἄλλ
518 2571 591 2603 Ald.
617 2571 739 2615 Steph.
955 2569 1054 2602 Vind.
1080 2570 1119 2602 F.

280 2614 351 2670 τὰ]
379 2614 468 2654 τοὺς
494 2616 592 2649 Vind.
618 2616 660 2649 D.
1001 2616 1144 2670 τοῦτο]
1165 2613 1304 2650 τούτου
1329 2615 1411 2649 Ven.
1439 2614 1478 2648 C.

236 2658 431 2743 Αιὲιῦἒῶν]
462 2659 524 2741 ἕν’.
560 2663 644 2696 Lob.
689 2661 787 2697 Vind.
822 2661 895 2695 DF.
955 2707 998 2741 Ε
1004 2674 1077 2750 (]>τι1
1094 2660 1327 2742 μιέτὶιιοδςῑῖ
1350 2661 1418 2695 τοῦ
1450 2657 1618 2740 αγαθοιί.

367 2719 404 2741 as
441 2719 459 2740 a
1081 2720 1121 2741 au
1147 2720 1167 2742 a
1271 2720 1289 2741 ο
1317 2719 1397 2741 aeus
1445 2719 1532 2741 serm
1610 2732 1617 2740 .

282 2751 572 2799 ὑπομνήσασιν]
638 2751 899 2798 ’ὑπομνήμασιν
956 2765 988 2798 p.
1014 2754 1069 2788 24.

237 2800 338 2835 Vind.
364 2800 404 2834 F.
430 2811 450 2832 a
475 2811 517 2833 m.
543 2812 594 2845 pr.
1003 2796 1170 2856 ἡγεῖται]
1197 2813 1260 2833 om.
1286 2799 1384 2833 Vind.
1408 2799 1449 2833 B.

286 2842 345 2881 ὅτι
370 2842 439 2890 ου’]
466 2842 510 2880 οὕ
538 2859 574 2881 τι
599 2839 668 2881 οὖν
692 2845 790 2879 Vind.
814 2845 855 2879 F.
1003 2843 1054 2891 71¹]
1082 2859 1146 2881 om.
1171 2847 1248 2880 Par.
1275 2844 1318 2879 K.
