1807 3219
456 118 794 163 CIVITAS
837 119 959 163 LIB.
989 118 1156 161 VI.499

136 229 266 280 ἰδίαις
306 221 564 281 συνουσίαις
599 230 836 288 πόρρωθεν
876 229 1200 287 ἀσπαζομένων.

451 298 634 342 Τούτων
671 316 741 343 τοι
775 302 929 356 χάριν,
965 295 1023 356 ἦν
1052 297 1096 343 δ’
1129 296 1237 354 ἐγώ,
1275 299 1350 342 καὶ
1379 302 1517 342 ταῦτα
1541 303 1577 345 Β

133 313 223 342 των
235 331 247 350 ,
287 297 385 354 ἔφη.

1436 121 1519 162 19Ί

1267 227 1382 273 Οὐδὲ
1410 229 1517 273 τού-

133 365 439 421 προοριόμενοι
465 365 592 423 ἡμεῖς
620 365 718 411 τότε
746 369 822 412 καὶ
852 367 1041 420 δεδιότες
1063 367 1181 423 ὅμως
1202 365 1404 422 ἐλέγομεν
1425 367 1515 411 ὑπὸ

132 434 352 491 τάληθοῦς
387 433 734 491 ἠναγκασμένοι,
778 436 846 480 ὅτι
886 436 989 481 οὔτε
1028 435 1156 487 πόλις
1189 433 1292 478 οὔτε
1321 437 1518 479 πολιτεία

134 500 239 547 οὐδὲ
268 501 307 558 γ’
336 501 447 561 ἀνήρ
478 502 645 558 ὁμοίως
681 505 740 561 μή
767 521 872 549 ποτε
900 506 1080 561 γένηται
1119 503 1286 555 τέλεος,
1323 504 1429 558 πρὶν
1461 503 1517 546 ἂν

132 576 224 622 τοῖς
251 571 521 627 φιλοσόφοις
564 570 738 624 τούτοις
773 578 864 624 τοῖς
906 572 1071 629 ὀλίγοις
1101 573 1175 617 καὶ
1206 571 1260 615 ου’
1291 577 1515 627 πονηροῖς,

133 638 365 696 ἀχρήστοις
394 640 440 683 δὲ
469 643 554 683 νῦν
584 639 864 696 κεκλημένοις
895 639 1065 698 ἀνάγκη
1094 658 1160 692 τις
1189 639 1237 683 ἐκ
1270 640 1401 696 τύχης
1431 657 1516 683 πα-

131 708 326 765 ραβάλῃ,
369 710 451 752 εἴτε
491 707 729 764 βούλονται
766 710 849 752 εἴτε
879 709 963 766 μὴ,
1003 710 1169 761 πόλεως
1199 709 1516 765 ἐπιμεληθῆναι

129 777 204 821 καὶ
231 781 286 834 τῇ
313 776 438 823 πόλει
467 775 677 833 κατήκοοι
706 776 934 833 γενέσθαι,
973 777 1004 834 ἢ
1032 783 1121 822 τῶν
1160 782 1246 821 νῦν
1286 777 1333 822 έν
1378 779 1515 820 δυνα-

130 846 290 897 στείαις
336 844 365 901 ἢ
405 848 644 903 βασιλείαις
681 845 825 889 ὄντων
868 846 1011 890 υἱέσιν
1049 846 1078 904 ἢ
1117 846 1269 898 αὐτοῖς
1309 845 1355 889 ἔκ
1393 861 1516 896 τινος

131 916 255 967 θείας
291 914 517 968 ἐπιπνοίας
566 913 778 973 ἀληθινῆς
822 917 1092 972 φιλοσοφίας
1143 913 1356 972 ἀληθινὸς
1404 913 1514 969 ἔρως
1543 918 1575 960 (3

131 1097 193 1120 nec
211 1085 347 1122 inutiles
364 1091 465 1129 sunt,
490 1091 527 1122 ut
547 1088 653 1133 vulgo
673 1088 789 1122 existi-

130 1137 282 1167 mantur.

177 1174 385 1223 παραβάλῃ]
409 1178 466 1212 Ita
489 1155 521 1213 Υ
523 1191 574 1213 en.
585 1180 625 1213 B.
651 1179 728 1213 Vat.
743 1180 787 1213 H.

130 1225 224 1259 Flor.
249 1224 321 1260 AC.
356 1236 423 1258 tum
457 1225 567 1258 editis.
589 1228 791 1271 contigerit

131 1271 206 1305 Fic.
231 1269 445 1315 παραβάλλη
467 1271 567 1305 Υἰηό.
591 1271 635 1304 Ε.
668 1284 788 1315 παρα-

131 1315 227 1362 λάβῃ
251 1317 347 1350 Flor.
365 1316 404 1351 ¹1¹.
428 1328 473 1351 πε
477 1315 627 1362 ριβάλλη
651 1319 732 1353 V.at
748 1319 789 1352 B.

130 1360 311 1413 περιβάλῃ
346 1362 465 1408 reliqui
477 1329 653 1405 Qcodices‚
698 1364 790 1417 quod

130 1420 334 1455 quamquam
385 1409 612 1443 defensionem
654 1411 789 1455 recipit,

131 1467 235 1501 quum
257 1451 488 1501 περιβάλλειν
505 1454 788 1499 significationem

129 1501 326 1547 iniungendi
367 1505 402 1534 et
439 1500 628 1546 imponendi
668 1500 791 1535 habeat

131 1549 182 1603 (e.
201 1560 234 1592 g.
255 1547 376 1592 Eurip.
402 1547 473 1580 Ion.
494 1547 579 1581 843.
603 1545 787 1589 τυραννίδ’

131 1591 236 1640 αὐτῷ
261 1593 474 1638 περιβαλεῖν
499 1591 619 1636 ε’μελλε
646 1592 732 1649 γῆς)
755 1597 789 1628 et

129 1629 337 1675 substantivi
357 1639 429 1673 loco
442 1639 586 1673 1nfinitu
591 1651 628 1673 us
654 1636 789 1682 (έπιμε

129 1687 315 1730 ληθῆναι,
348 1682 551 1730 γενέσθαι)
591 1691 686 1718 certe
728 1696 793 1718 non

127 1733 271 1767 vitiosus
294 1732 469 1773 videatur,
501 1735 614 1765 tamen
650 1731 791 1764 alterum

129 1782 168 1813 ut
198 1790 260 1824 per
288 1789 326 1812 se
357 1777 569 1836 probabilius
595 1780 630 1811 et
652 1777 794 1832 reliquis

129 1825 333 1860 dictionibus
355 1824 445 1867 ἔρως
465 1821 600 1879 ἐμπέσῃ
615 1850 624 1866 ,
652 1820 794 1867 ἀνάγκη

128 1869 294 1916 γέγονεν
325 1871 411 1915 (C)
456 1867 598 1914 ἀνάγκη
642 1869 796 1914 γένηται

130 1919 237 1962 (500.
260 1917 333 1961 D.)
366 1915 649 1952 accommodatius
684 1928 796 1970 neque

129 1976 151 1998 a
178 1963 350 1999 codicibus
373 1974 512 2009 prorsus
535 1963 725 2004 infirmum,
759 1962 794 1996 in

127 2010 290 2044 facillima.
334 2010 469 2044 illarum
503 2010 795 2054 praepositionum

127 2056 376 2102 permutatione
397 2082 407 2098 ‚
454 2056 497 2089 de
542 2067 612 2100 qua
656 2055 731 2089 Vol.
763 2055 792 2088 I.

127 2114 163 2148 Ρ.
187 2103 267 2144 436,
290 2114 321 2137 a.
346 2102 436 2145 dixi,
468 2102 542 2136 sine
565 2101 716 2148 periculo
741 2106 794 2135 te-

127 2149 203 2183 neri
223 2152 349 2203 potest.

173 2192 374 2239 κατήκοοι]
423 2192 580 2250 κατήκοι
626 2195 713 2252 jen.
751 2195 792 2228 (3.

130 2241 359 2275 Scholiastes:
384 2238 584 2284 κατήκοοι,
612 2237 696 2275 αντὶ
723 2240 793 2274 τοῦ

128 2285 435 2330 κατακουόμενοι.
482 2287 522 2320 In
554 2288 694 2321 eandem
718 2299 794 2320 sen-

127 2334 269 2367 tentiam
292 2319 432 2367 F‘icinus
457 2333 530 2376 (vel
547 2346 569 2367 a
591 2335 718 2367 civibus
736 2345 795 2367 ex-

129 2379 348 2423 audiantur)
396 2383 433 2412 et
463 2379 794 2414 Schleiermacherus

127 2426 214 2460 haec
237 2425 454 2471 interpretati
473 2429 563 2467 sunt,
589 2426 648 2459 sed
661 2426 793 2459 Schlei-

127 2472 324 2506 ermachero
369 2483 432 2516 pro
474 2469 653 2515 κατήκοοι
694 2472 792 2505 Plato

127 2515 298 2563 κατηκόῳ
331 2517 509 2562 scripsisse
543 2518 695 2559 videtur,
737 2518 790 2551 cui

127 2566 314 2599 assentitur
325 2564 578 2605 Stahbaumius,
596 2564 694 2597 simul
711 2576 789 2597 con-

127 2611 212 2645 ferri
235 2611 355 2644 iubens
378 2610 435 2643 illa
448 2621 493 2664 p.
518 2611 597 2667 502ἔ
622 2611 669 2643 B:
696 2606 789 2643 ἄλλα

127 2654 223 2712 μήν,
247 2656 296 2700 ήν
326 2652 365 2690 δ’
388 2653 479 2699 ἐγω,
504 2653 556 2695 εἷς
587 2652 713 2695 ικανὸς
732 2668 788 2700 γε·

128 2701 297 2760 νόμενος,
315 2699 424 2737 πόλιν
438 2700 528 2757 ἔχων
547 2699 787 2757 πειθομένην,

127 2747 226 2784 πάντ
227 2746 450 2784 ’ἐπιτελέσαι
465 2761 512 2782 τα
522 2748 591 2782 νῦν
611 2745 787 2783 απιστού·

129 2807 231 2831 ιιενα.
289 2796 337 2830 At
366 2806 407 2831 eo
439 2794 516 2840 ipso
555 2794 630 2830 loco
664 2794 787 2830 civium

848 1087 1042 1122 obedientia
1073 1089 1246 1132 tamquam
1279 1097 1335 1120 res
1367 1097 1434 1121 non
1457 1097 1514 1121 so-

848 1134 914 1167 lum
946 1133 1111 1167 facultate
1142 1144 1207 1166 non
1237 1133 1365 1177 magis,
1412 1145 1514 1178 quam

847 1180 1047 1225 philosopha
1065 1179 1229 1224 principis
1243 1184 1365 1213 natura
1381 1191 1514 1222 carens,

848 1227 908 1260 sed
932 1227 1034 1260 etiam
1057 1237 1120 1259 sua
1143 1229 1264 1269 sponte
1289 1229 1324 1259 et
1347 1226 1421 1260 sine
1445 1226 1515 1260 ulla

847 1272 881 1306 vi
915 1277 1074 1306 secutura
1108 1271 1332 1316 proponitur,
1374 1275 1414 1304 ut
1457 1271 1514 1306 vix

845 1318 1002 1351 videatur
1026 1321 1142 1351 nostro
1167 1318 1241 1350 loco
1265 1321 1436 1363 tamquam
1454 1329 1512 1351 ne-

846 1364 1006 1398 cessitate
1045 1364 1159 1408 aliqua
1204 1364 1350 1397 fortuita
1397 1363 1514 1409 expri-

844 1411 966 1443 menda
990 1409 1243 1443 commemorari
1267 1413 1302 1443 et
1334 1410 1385 1445 ita
1409 1422 1514 1444 curae

846 1456 995 1490 civitatis
1020 1468 1039 1489 a
1056 1455 1262 1500 philosophis
1275 1456 1514 1501 suscipiendae

845 1502 1002 1546 coniungi
1020 1502 1181 1547 potuisse.
1207 1501 1304 1535 Haec
1315 1515 1397 1536 vero
1418 1514 1513 1545 cura,

843 1552 963 1601 utpote
987 1549 1030 1581 ab
1054 1548 1172 1582 invitis
1193 1553 1228 1581 et
1252 1548 1403 1582 civitatis
1428 1549 1513 1582 alio-

844 1595 924 1640 quin
954 1594 1126 1638 periturae
1149 1594 1263 1638 gratia
1284 1595 1514 1640 suscipienda,

845 1640 1039 1674 obedientia
1074 1652 1156 1684 erga
1185 1640 1358 1674 civitatem
1368 1641 1513 1696 *appel-

845 1687 909 1720 lari
931 1698 1074 1741 eamque
1092 1685 1320 1741 suscipientes
1337 1686 1384 1732 τῇ
1406 1685 1512 1722 πόλει

845 1730 1026 1777 κατήκοοι
1050 1729 1225 1776 γενέσθαι
1250 1732 1316 1766 dici
1340 1737 1514 1777 poterant,

846 1780 949 1813 etiam
992 1779 1021 1813 si
1055 1791 1120 1812 non
1159 1779 1236 1823 ipsa
1270 1778 1394 1813 civium
1426 1791 1513 1813 voce

845 1831 1050 1858 vocarentur
1075 1825 1119 1858 ad
1149 1825 1201 1858 rei
1223 1825 1382 1869 publicae
1407 1825 1513 1861 admi-

845 1871 1091 1905 nistrationem.
1141 1871 1255 1911 Quum
1290 1876 1404 1905 autem
1427 1872 1513 1906 haec

845 1930 980 1963 quoque
1003 1930 1069 1951 vox
1093 1929 1275 1951 accessura
1307 1921 1343 1951 et
1371 1918 1513 1962 legisla-

844 1968 899 1997 tor
923 1964 1130 2009 pbilosophis
1162 1965 1428 2008 gubernaculum
1463 1965 1513 1998 ci-

843 2010 963 2044 vitatis
986 2011 1174 2044 traditurus
1196 2016 1298 2052 esset,
1313 2010 1417 2044 multo
1438 2018 1512 2045 m'a-

846 2056 899 2101 gis
935 2056 1026 2090 illam
1074 2057 1256 2090 dictionem
1301 2056 1512 2101 probabilem

844 2103 956 2136 videri
987 2114 1128 2136 necesse
1163 2106 1227 2135 est.
1274 2102 1347 2135 Iam
1393 2104 1511 2137 confer

844 2149 902 2182 illa
925 2149 967 2182 L.
992 2149 1072 2183 VII.
1105 2160 1139 2205 Ρ.
1165 2150 1244 2183 520.
1269 2148 1321 2182 D:
1347 2145 1507 2203 ἄπειθη-

845 2205 972 2229 σουσιν
1000 2194 1069 2228 οὖν
1074 2193 1206 2250 ημῖν,
1232 2194 1324 2238 οἴει,
1361 2194 1399 2229 οἱ
1422 2193 1509 2250 τρό

844 2253 954 2298 φιμοι
979 2237 1083 2274 ταῦτ’
1112 2237 1313 2280 ακούοντες
1340 2240 1404 2275 καὶ
1439 2237 1509 2275 οὐκ

845 2285 1060 2343 ἐθελήσουσι
1077 2285 1304 2330 ξυμπονεῖν
1288 2299 1326 2321 εν
1341 2287 1387 2342 τῇ
1403 2285 1509 2321 πόλει

845 2331 994 2367 ἕκαστοι
1021 2332 1060 2367 ἐν
1078 2331 1214 2389 μέρει,
1240 2331 1307 2367 τὸν
1328 2331 1367 2367 δὲ
1387 2332 1507 2367 πολὺν

842 2377 978 2423 χρόνον
1010 2376 1087 2422 μετ’
1123 2376 1290 2423 άλλήλων
1323 2379 1436 2413 οἰκεῖν
1468 2377 1507 2413 ἐν

841 2427 893 2472 τῷ
917 2425 1101 2480 καθαρῷῒς
1140 2428 1176 2458 et
1208 2437 1297 2479 quae
1320 2429 1508 2471 sequimtur

839 2484 950 2518 usque
974 2472 1016 2505 ad
1042 2471 1084 2505 εὐ
1106 2468 1302 2515 οἰκουμένη
1327 2484 1360 2516 p.
1375 2473 1454 2506 521.
1464 2473 1505 2506 A.

841 2525 878 2552 et
917 2529 1098 2561 κατηκοοι
1144 2529 1210 2550 non
1259 2518 1507 2552 sollicitandum

841 2576 917 2597 esse
940 2564 1120 2608 intelliges.
1151 2563 1241 2597 Nam
1265 2564 1355 2608 quod
1379 2564 1420 2597 ad
1441 2576 1506 2598 no-
1560 2564 1562 2566 ’

839 2610 1035 2644 minativum
1059 2610 1203 2651 attinet,
1236 2621 1299 2654 pro
1324 2621 1390 2655 quo
1415 2611 1505 2644 dati-

838 2668 902 2690 vus
927 2655 1122 2710 exspectari
1163 2658 1317 2699 poterat,
1350 2656 1503 2700 interpo-

837 2702 939 2737 situm
962 2699 1166 2747 βούλονται
1185 2701 1342 2736 idoneam
1361 2713 1503 2736 excusa-

838 2748 962 2782 tionem
982 2749 1138 2802 praebet.

883 2791 1027 2839 υἱέσιν]
1050 2791 1188 2828 νὶέσσιν
1212 2791 1314 2829 Vind.
1339 2791 1380 2827 F.
