1807 3219
442 170 777 213 CIVITAS
820 171 944 213 LIB.
973 172 1028 214 V'.
1059 174 1127 212 452

1437 175 1490 215 17

106 283 269 338 ἄνδράς
300 281 504 338 ὁρᾶσθαι.
533 283 606 326 καὶ
636 281 708 327 ὅτε
737 282 922 339 ἤρχοντο
952 287 1042 327 τῶν
1083 285 1338 340 γυμνασίων
1365 288 1485 340 πρῶ-

105 368 174 395 τοι
201 351 282 406 μὲν
309 355 500 408 Κρῆτες,
549 351 695 396 ἔπειτα
735 352 1105 409 Λακεδαιμόνιοι,
1140 352 1240 409 ἐξῆν
1269 357 1362 405 τοῖς
1390 353 1485 397 τότε
1508 361 1548 403 D

105 420 293 472 ἀστείοις
332 419 476 464 πάντα
516 424 656 464 ταῦτα
693 424 933 479 κωμῳδεῖν.
977 418 1007 476 ἢ
1044 416 1130 463 οὐκ
1170 421 1271 472 οἴει,

1307 422 1485 478 ”Εγωγε.

100 485 207 532 Ἀλλ’
233 487 400 543 ἐπειδὴ,
441 486 582 545 οἶμαι,
621 488 861 545 χρωμένοις
895 489 1076 545 ἄμεινον
1119 487 1169 532 τό
1210 487 1487 534 ἀποδύεσθαι

102 560 184 600 τοῦ
216 555 543 615 συγκαλύπτειν·
566 555 712 599 πάντα
755 556 809 600 τά
837 562 1021 601 τοιαῦτα
1055 555 1223 615 ἐφάνη,
1254 559 1327 602 καὶ
1358 558 1406 603 τὸ
1440 560 1486 604 ἐν

102 630 193 677 τοῖς
221 624 470 681 ὀφθαλμοῖς
500 624 553 681 δὴ
584 629 761 681 γελοῖον
788 625 963 683 ἐξερῥύη
992 625 1079 670 ὑπὸ
1108 630 1190 670 τοῦ
1219 627 1267 671 ἐν
1295 632 1387 680 τοῖς
1408 627 1483 672 λό-

102 710 198 749 γοις
240 691 515 749 μηνυθέντος
552 690 756 747 ἀρίστου,
814 695 889 738 καὶ
926 699 1058 738 τοῦτο
1100 695 1361 748 ἐνεδείξατο,
1416 696 1484 740 ὅτι

101 760 284 817 μάταιος
313 758 362 812 ὃς
388 764 563 816 γελοῖον
592 760 698 806 ἄλλο
728 780 770 806 τι
799 762 988 819 ἡγεῖται,
1028 761 1056 820 ἢ
1084 763 1133 807 τὸ
1163 762 1324 817 κακὸν,
1355 766 1427 808 καὶ
1460 763 1483 809 ὁ

100 833 406 885 γελωτοποιεῖν
436 828 666 885 ἐπιχειρῶν
702 828 812 886 πρὸς
852 829 989 888 ἄλλην
1027 831 1124 875 τινά
1155 831 1262 884 ὄψιν
1292 832 1483 891 άποβλεῖ-

99 914 197 942 πων
227 896 290 948 ὥς
314 897 512 954 γελοίου,
550 898 579 953 ἢ
607 897 687 954 τήν
715 902 797 943 τοῦ
827 898 1026 955 ἄφρονός
1063 917 1107 944 τε
1144 902 1220 962 καὶ
1256 908 1419 954 κακοῦ,
1457 903 1484 959 ἢ
1509 907 1542 948 Ε

101 965 334 1020 σπουδάζει
366 964 476 1022 πρὸς
516 964 651 1011 ἄλλον
689 968 787 1011 τινὰ
814 967 982 1013 σκοπὸν
1011 968 1301 1026 στησάμενος,
1348 969 1377 1028 ἢ
1405 971 1483 1015 τὸν

144 1091 400 1136 γελωτοποιεῖν
419 1091 431 1135 ]
511 1093 761 1136 γελοτοποιεῖν

100 1137 199 1171 Vind.
223 1137 264 1171 F.
288 1138 387 1172 Stob.
411 1136 529 1172 Trinc

142 1181 263 1240 πρὸς]
289 1183 342 1223 εἰς
366 1185 463 1218 Stob.

142 1228 248 1287 τινὰ]
274 1241 384 1264 τιναν
402 1230 487 1264 Ven.
514 1230 554 1264 C.

142 1273 167 1318 ἢ
191 1274 284 1320 τὴν]
308 1271 332 1320 ἢ
358 1288 423 1310 om.
449 1277 547 1310 Stob.
572 1277 690 1311 Trinc.

51 1356 63 1367 Δ
102 1354 106 1357 ,
142 1319 166 1366 ἢ
193 1321 415 1366 σπουδάζει]
449 1322 550 1356 Hanc
582 1322 760 1357 lectionem

98 1380 119 1403 a
157 1369 319 1403 Bekkero
369 1369 551 1402 secundum
598 1369 691 1404 Par.
719 1371 758 1403 A.

97 1414 222 1460 quippe
269 1415 362 1448 cuius
412 1414 677 1459 discrepantiam
723 1416 760 1450 in

95 1460 347 1495 commentariis
394 1460 518 1494 nullam
559 1461 759 1506 prodiderit,

92 1507 277 1541 exhibitam
322 1507 439 1548 tenui,
485 1507 567 1552 quia
607 1519 676 1541 una
715 1520 760 1542 ex

95 1553 247 1587 omnibus
269 1553 304 1587 in
326 1553 422 1599 reliq
423 1552 477 1586 uis
499 1553 594 1587 libris
619 1558 759 1588 exstan-

93 1601 186 1633 tibus
224 1610 357 1633 sensum
400 1599 612 1643 probabilem
648 1601 759 1634 efficit

93 1651 130 1679 et
159 1645 324 1700 quomodo
367 1645 519 1691 reliquae
552 1652 650 1680 ortae
690 1647 758 1681 sint

70 1692 218 1736 'magis
234 1690 450 1736 perspicuum
483 1691 606 1725 leddit.
653 1693 756 1726 Scili-

93 1743 150 1772 cet
171 1738 370 1772 oblitterata
397 1737 566 1783 particula
587 1734 610 1782 ἢ
633 1738 755 1773 deesse

91 1784 226 1828 aliquid
254 1784 464 1829 apparebat,
500 1784 589 1829 quod
623 1796 666 1818 ex
698 1797 754 1819 se-

91 1831 275 1876 quentibus
285 1829 507 1874 supplendum
519 1830 637 1879 visum,
650 1842 752 1876 quum

89 1877 200 1922 ipsum
222 1876 489 1920 supplementum
515 1876 556 1909 ad
577 1877 756 1921 superiora

89 1923 234 1956 relatum
256 1933 408 1955 mancum
445 1934 520 1955 esse
543 1922 752 1968 intelligere-

89 1970 171 2010 tur,
193 1979 280 2002 novo
306 1969 348 2002 ab
374 1967 449 2002 aliis
465 1968 670 2012 glossemate
691 1981 754 2003 au-

89 2017 181 2056 ctum
219 2019 282 2048 est.
353 2013 414 2047 Sic
445 2013 570 2067 tliplex
601 2015 752 2050 codicum

89 2060 222 2094 exstitit
245 2060 367 2102 lectio,
394 2057 606 2104 σπουδάζει,
630 2062 752 2096 omisso

88 2103 139 2151 ἢ,
171 2106 206 2140 ἰιι
218 2107 340 2144 ‚,Lob.
357 2086 457 2140 ’Vind.
480 2107 522 2140 B.
568 2108 644 2141 Vat.
668 2108 750 2142 ΒΜ.

88 2153 173 2187 Ven.
207 2153 248 2186 B.
289 2152 366 2186 ΑΙᾶ.
403 2152 483 2186 Bas.
513 2153 567 2186 ab.
599 2159 751 2208 reperta,

86 2198 151 2233 καὶ
169 2198 290 2235 καλοῦ
309 2211 359 2233 αν
379 2196 608 2240 σπουδάζει
598 2212 633 2233 ιιι
651 2200 748 2234 Vind.

85 2245 194 2279 DEF.
217 2245 302 2282 Ven.
328 2245 369 2278 C.
401 2245 479 2278 Par.
499 2245 575 2279 DK.
600 2246 684 2290 Ang.
708 2247 748 2281 B.

85 2291 168 2324 Vat.
180 2291 224 2324 H.
249 2287 341 2324 Flor.
365 2289 504 2324 ACTV.
530 2296 564 2324 et
585 2292 749 2347 Stobaeo,

86 2337 183 2371 cuius
205 2348 274 2370 una
307 2336 456 2371 Gesneri
487 2336 589 2370 editio
613 2332 662 2371 ἂν
685 2350 747 2382 pro

86 2395 136 2416 αν
161 2384 277 2424 habet,
301 2382 447 2426 denique
469 2381 532 2415 καὶ
557 2394 602 2416 ου
629 2385 746 2418 καλοῦ

15 2463 22 2472 ‚
85 2441 163 2472 av,
199 2429 234 2463 in
258 2428 351 2462 Mon.
376 2428 416 2461 B.
448 2431 484 2461 et
507 2428 599 2463 Flor.
623 2430 668 2463 U.
693 2430 747 2464 in-

83 2480 207 2517 venta3
253 2486 402 2528 quarum
435 2473 577 2508 mediam
607 2475 746 2510 Ficinus

84 2526 243 2564 secutus,
274 2521 335 2555 sed
370 2518 505 2553 diversa
529 2522 571 2554 ab
595 2521 746 2577 interpo-

82 2567 216 2611 latore,
241 2567 300 2622 qui
322 2566 440 2600 καλοῦ
464 2566 507 2599 ad
526 2565 668 2602 σκοπὸν
688 2581 745 2602 re—

82 2613 203 2648 tulisse
216 2613 365 2655 videtur,
387 2613 556 2646 sententia
574 2613 746 2659 interpre—

82 2664 177 2693 tatus
210 2665 273 2694 aut
307 2660 490 2693 honestum
508 2660 689 2704 quicquam
712 2666 746 2695 et

83 2707 199 2740 studio
223 2707 368 2751 dignum
390 2705 566 2739 exastimat
596 2717 659 2761 pro
682 2706 746 2748 his,

83 2752 155 2786 alio
187 2753 370 2808 respiciens
405 2762 488 2805 pro
504 2748 605 2795 πρὸς
633 2733 746 2786 άλλον

82 2808 167 2830 τινα
201 2795 343 2832 σκοπὸν
372 2794 599 2841 στησάμενος
622 2798 746 2843 posuit.

83 2842 196 2884 Quod
200 2838 253 2877 ad
283 2847 431 2878 nostram
461 2843 641 2879 lectionem
663 2845 758 2882 atti-2

156 2899 365 2943 PLA'roms
396 2901 470 2942 ΟΡ.
501 2902 548 2942 Π.

818 1096 896 1134 net,
943 1089 968 1138 ἢ
1011 1092 1212 1151 σπουδάζει
1242 1094 1482 1148 interruptam

817 1140 998 1193 participio
1034 1138 1053 1175 ὁ
1089 1138 1282 1196 ἐπιχειρῶν
1324 1148 1481 1175 constru—

816 1185 963 1220 ctionem
984 1188 1191 1241 pionominis
1215 1183 1257 1226 ὃς
1282 1199 1355 1221 cum
1375 1188 1480 1222 selbo

817 1232 912 1266 finito
937 1232 1112 1267 continuat
1143 1239 1178 1267 et
1208 1234 1251 1267 ad
1275 1234 1479 1267 sententiam

816 1278 1080 1323 reprehensione
1102 1282 1218 1321 caret,
1243 1280 1304 1313 sed
1329 1292 1369 1313 eo
1393 1280 1480 1324 ipso,

815 1325 906 1369 quod
947 1325 1105 1359 omissum
1136 1326 1306 1359 ¹orationis
1345 1337 1479 1359 cursum

814 1375 974 1414 repetere
1020 1383 1083 1404 nos
1127 1371 1244 1413 iubet,
1291 1372 1479 1406 molestiam

815 1420 912 1449 creat
935 1424 970 1450 et
994 1418 1182 1451 naturalem
1199 1419 1297 1463 quasi
1313 1419 1478 1452 incessum

814 1463 976 1496 sermonis
999 1464 1128 1497 tui-‚bat
1153 1464 1230 1509 Itaq
1233 1475 1276 1497 ue.
1299 1469 1480 1519 praestare

813 1510 927 1542 fateor
958 1510 1222 1554 Stephanianam
1255 1506 1278 1554 ἢ
1312 1508 1477 1544 σπουδά-

814 1555 911 1598 ζειν,
944 1567 1044 1600 quam
1068 1555 1143 1600 ipse
1178 1561 1291 1590 annot.
1316 1568 1394 1601 pag.
1420 1559 1475 1591 2.1

813 1613 876 1646 pro
919 1601 1045 1635 vitiosa
1081 1601 1257 1646 priorum
1278 1600 1478 1644 σπουδάζει

812 1648 993 1681 secundum
1027 1648 1181 1681 Ficinum
1217 1649 1407 1693 reposuisse
1438 1661 1475 1683 o-

811 1693 958 1735 stendit,
999 1706 1098 1739 quam
1133 1706 1154 1728 a
1185 1694 1407 1729 Staubaumio
1440 1696 1474 1729 in

811 1751 880 1772 sec.
905 1740 957 1773 ed.
993 1740 1172 1773 manifesto
1199 1752 1318 1774 etrore
1350 1741 1474 1786 depra-

809 1791 923 1819 vatam
974 1785 1043 1819 dici
1090 1786 1192 1819 miror
1212 1812 1222 1828 ‚
1271 1788 1473 1831 praesentim

809 1843 911 1876 quum
943 1832 1083 1865 eundem
1120 1832 1156 1865 in
1195 1833 1303 1877 prima
1341 1834 1473 1868 videam

807 1877 1007 1912 infinitivum
1033 1890 1099 1912 non
1123 1879 1254 1912 solum
1244 1891 1278 1912 ιιι
1298 1883 1396 1913 textu
1415 1892 1472 1914 re—

807 1923 966 1969 liquisse,
991 1924 1051 1958 sed
1077 1924 1179 1958 etiam
1198 1925 1232 1958 in
1254 1927 1473 1960 annotatione

808 1976 904 2003 recte
903 1970 1123 2026 explicuisse
1147 1976 1201 2012 et,
1225 1983 1291 2016 quo
1310 1972 1473 2014 debebat,

808 2015 853 2050 ad
895 2014 1088 2061 ἐπιχειρῶν
1122 2017 1290 2051 retulisse.
1349 2018 1473 2063 Neque

807 2073 949 2107 prorsus
981 2063 1159 2097 destituta
1179 2075 1220 2097 ea
1252 2063 1353 2098 lectio
1378 2065 1471 2098 codi-

808 2120 883 2142 cum
925 2110 1129 2143 auctoritate
1174 2109 1333 2144 videtur·
1381 2116 1472 2145 teste

807 2155 1062 2189 Stallbaumio
1052 2167 1087 2189 ιιι
1122 2155 1213 2189 Flor.
1238 2156 1281 2189 R.
1314 2155 1377 2190 καὶ
1404 2169 1468 2190 κα-

806 2201 873 2235 λοῦ
907 2201 963 2234 αὐ
990 2199 1212 2242 σπουδάζειν
1245 2202 1470 2248 perscriptum

806 2252 869 2281 est.
916 2247 987 2280 Sed
1017 2260 1117 2282 ιιιιιιιιι
1150 2249 1238 2281 hunc
1280 2253 1316 2282 et
1349 2253 1469 2294 aperto

803 2284 1023 2337 glossemate
1040 2293 1251 2339 inquinatum
1285 2295 1410 2339 optimo
1434 2301 1470 2329 et

803 2339 924 2373 saltem
941 2340 1152 2374 tolerabilem
1175 2340 1354 2374 lectionem
1363 2345 1468 2386 atque

802 2396 924 2430 puram
947 2386 1107 2420 offerenti
1129 2391 1336 2435 anteponele
1358 2390 1467 2421 teme-

802 2432 930 2465 rarium
962 2432 1130 2466 existimo.
1185 2427 1379 2467 Bekkerum
1412 2445 1466 2468 se-

803 2481 902 2511 cutus
934 2484 988 2512 est
1019 2478 1056 2512 in
1095 2478 1202 2512 tertia
1240 2479 1295 2512 ed.
1339 2480 1467 2518 Astius.

802 2524 1047 2559 Stallbaumius
1079 2525 1114 2558 in
1155 2536 1265 2569 pnma
1308 2524 1371 2559 καὶ
1414 2537 1464 2559 αν

803 2568 1047 2613 σπουδάζειν,
1093 2570 1128 2604 in
1170 2571 1281 2605 altera
1321 2570 1384 2606 και
1414 2584 1464 2607 αυ

802 2614 1003 2657 σπουδάζει
1024 2616 1141 2650 edidit.

820 2684 825 2740 ἶ
848 2682 964 2737 noos]
989 2684 1042 2724 εἰς
1065 2685 1162 2719 Stob.

848 2751 1075 2797 στησάμενος
1094 2755 1108 2798 ]
1199 2752 1465 2809 ενστησάμενος

803 2798 901 2833 Vind.
936 2800 981 2833 Ε.
1014 2800 1107 2834 Flor.
1144 2799 1201 2835 C.
1233 2798 1464 2845 στησάμενον

802 2844 900 2880 Stob.
924 2846 1000 2880 cod.
1022 2847 1065 2881 B.
1134 2858 1138 2861 ·

1240 2904 1276 2945 B
