1807 3219
321 201 407 243 118
785 196 1262 240 PLATONIS

321 310 403 368 μὴ,
433 307 489 353 οὐ
518 307 721 366 φήσομεν
749 312 980 366 φιλομαθῆ
1003 307 1107 354 οὐδὲ
1127 308 1380 366 φιλόσοφον
1397 306 1532 362 εἶναι,
1564 310 1707 367 ὥσπερ

320 376 402 423 τόν
431 377 530 432 περὶ
557 376 610 420 τὰ
640 378 756 422 σιτία
787 380 974 434 δυσχερῆ
1005 375 1107 422 οὔτε
1135 382 1294 436 πεινῇν
1321 378 1467 435 φαμὲν
1499 376 1587 424 οὔτ’
1617 380 1709 424 ἐπι-

321 449 482 502 θυμεῖν
513 446 664 489 σιτίων
700 444 807 490 οὐδὲ
844 443 1102 502 φιλόσιτον,
1151 444 1264 490 ἀλλὰ
1305 445 1541 491 κακόσιτον
1585 445 1711 492 εἶναι.

320 514 410 558 Καὶ
439 511 589 568 ὀρθῶς
619 530 668 569 γε
697 516 910 571 φήσομεν.
974 507 1066 559 Τόν
1107 513 1153 557 δὲ
1193 513 1247 570 δή
1289 512 1477 570 εὐχερῶς
1505 514 1713 560 ἐθέλοντα

319 580 484 633 παντὸς
507 581 768 638 μαθήματος
796 581 1003 638 γεύεσθαι
1032 582 1106 626 καὶ
1136 579 1331 638 ἀσμένως
1360 583 1430 626 ἐπὶ
1460 583 1510 627 τὸ
1539 583 1714 640 μανθά-

320 666 416 696 νειν
453 649 578 694 ἰόντα
618 649 692 693 καὶ
733 648 961 707 απλήστως
1002 650 1176 706 ἔχοντα,
1236 655 1398 695 τοῦτον
1439 649 1478 695 δ’
1519 651 1567 695 ἐν
1613 653 1713 710 δίκῃ

321 719 524 775 φήσομεν
554 717 819 775 φιλόσοφον.
850 720 877 774 ἡ
907 714 1014 775 φάος
1043 718 1134 762 Καὶ
1161 717 1186 763 ὁ
1216 719 1432 764 Γλαύκων
1466 719 1573 777 ἔφη·
1604 725 1716 765 πολ-

258 793 300 836 D
325 788 396 832 λοὶ
426 787 514 842 α’ρα
543 787 616 830 καὶ
649 786 806 831 ἄτοποι
836 787 1010 831 ἔσονταί
1037 800 1108 832 σοι
1136 791 1345 832 τοιοῦτοι
1377 790 1425 832 οῖ’
1449 805 1494 833 τε
1523 790 1605 845 γὰρ
1637 807 1716 845 φι-

320 854 589 912 λοθεάμονες
632 855 792 908 πάντες
833 857 979 913 ἔμοιγε
1031 858 1216 901 δοκοῦσι
1256 860 1318 915 τῷ
1358 857 1717 914 καταμανθάνειν

367 1024 532 1071 φήσομεν
552 1047 598 1052 -—
619 1023 768 1072 ὥσπερ]
794 1038 860 1061 σπι.
888 1026 989 1062 Vind.
1091 1024 1250 1082 παντες]
1276 1027 1390 1061 παντὶ
1416 1026 1515 1062 xind.
1539 1028 1584 1062 E.

321 1071 364 1107 F.
1090 1073 1167 1119 τῷ]
1191 1071 1235 1107 τὸ
1263 1074 1364 1107 Vind.
1390 1074 1432 1107 F.

368 1118 576 1163 φιλομαθῆ]
602 1119 828 1163 φιλομαθεῖν
852 1117 932 1153 Par.
944 1117 989 1151 Κ.
1090 1107 1427 1164 καταμανθάνειν]
1498 1117 1712 1163 μανθάνειν

319 1175 390 1198 sec.
416 1165 523 1197 Bekk.
1046 1165 1131 1199 Ven.
1160 1166 1202 1199 Β.
1241 1166 1332 1210 quod
1367 1167 1410 1200 ad
1446 1165 1710 1210 disputationem

366 1210 542 1254 δυσχερῆ]
568 1209 760 1255 δυσχαιρεῖ
781 1222 856 1244 cum
879 1221 905 1254 η
931 1219 988 1243 su-

320 1268 382 1302 per
407 1259 441 1290 εῖ
463 1257 562 1289 Sind.
587 1257 632 1290 E.

364 1302 520 1348 πεινῇν]
555 1303 611 1336 Ita
634 1303 698 1336 hoc
721 1301 796 1336 loco
820 1301 896 1335 Ald.
920 1311 987 1335 non

1047 1211 1178 1256 aptius,
1223 1212 1283 1245 sed
1318 1224 1339 1246 a
1368 1212 1516 1247 veritate
1551 1213 1708 1247 alienum.

1048 1258 1104 1291 Cf.
1129 1257 1273 1293 L.V11.
1296 1270 1330 1303 p.
1356 1259 1436 1294 529
1460 1260 1502 1294 B.

1091 1323 1143 1366 ὥς
1170 1323 1224 1370 γ’]
1271 1322 1358 1361 ὅσδ’
1391 1328 1471 1361 Vat.
1504 1327 1551 1362 Η.
1600 1323 1710 1368 οςδ’

1043 1373 1135 1407 Flor.
1162 1373 1266 1406 ACV.
1300 1370 1351 1413 (ὁς
1384 1369 1452 1413 οὓς
1481 1374 1540 1408 δεῖ
1570 1371 1601 1418 γ’
1626 1378 1710 1418 Ang-

1043 1420 1084 1454 B.
1114 1414 1183 1458 οὓς
1205 1420 1262 1453 δεῖ
1279 1420 1372 1453 Flor.
1398 1421 1443 1454 T.
1469 1426 1503 1454 et
1527 1433 1644 1465 margo
1668 1421 1710 1454 R.

1044 1471 1083 1499 ut
1101 1465 1371 1499 Staubaumius
1361 1477 1398 1499 m
1416 1478 1468 1510 pr.
1480 1467 1713 1508 demonstrat3

1045 1511 1135 1556 quod
1154 1511 1263 1565 magis
1285 1511 1484 1567 verisimile,
1504 1525 1604 1558 quam
1623 1514 1714 1559 quod

1045 1558 1081 1591 in
1104 1569 1173 1591 sec.
1197 1558 1267 1602 ait,

1046 1610 1195 1638 exstare.

1091 1647 1297 1695 τοιαύτην]
1322 1648 1394 1695 τὴν
1413 1641 1596 1696 τοιαύτῆν
1618 1651 1718 1686 Vind.

320 1349 462 1390 omisso,
491 1354 529 1382 ut
553 1351 772 1394 plerumque,
798 1360 811 1381 ι
834 1347 987 1381 subscri-

321 1401 389 1439 pto.
440 1395 546 1428 Cuius
581 1395 709 1428 clarum
740 1394 920 1438 vestigium
953 1393 987 1426 in

320 1440 543 1486 plurimorum
566 1441 718 1474 codicum
741 1441 912 1486 scriptura
933 1439 986 1473 δι·

321 1498 447 1520 αιταιν
478 1498 540 1531 pro
586 1487 742 1533 διαττᾷν
776 1498 796 1520 a
831 1487 988 1519 Bekkero

321 1533 364 1567 ad
390 1533 539 1577 Sopbist.
574 1534 654 1568 226.
680 1533 719 1566 Β.
753 1545 788 1578 p.
815 1533 905 1576 146,
931 1533 987 1566 13.

321 1585 579 1612 commemorata
603 1583 777 1623 superstes
803 1579 872 1620 eis,
898 1589 988 1623 quae

323 1625 397 1660 Vol.
419 1625 448 1658 Ι.
474 1637 507 1670 p.
534 1625 663 1660 LVIII.
690 1625 825 1668 notavi,
859 1625 986 1659 adden-

1313 1570 1366 1598 ως
1397 1553 1465 1599 οὓς
1491 1559 1550 1594 δεῖ
1581 1560 1618 1594 in
1651 1560 1718 1593 iliis

322 1671 411 1705 dum.
1046 1695 1090 1730 Ε.

320 1716 515 1798 Μσιτίων]
552 1717 671 1751 σιτίου
706 1716 804 1751 Vind.
832 1716 873 1751 B.
909 1717 988 1751 Vat.

368 1807 583 1863 φιλόσιτον]
617 1808 657 1844 In
696 1808 794 1843 Vind.
819 1808 862 1843 D.
884 1820 907 1852 η
931 1818 992 1842 su-

321 1867 384 1902 per
407 1852 427 1888 o'
452 1856 609 1911 positum.

367 1899 442 1954 δὴ]
467 1899 515 1945 μὴ
544 1901 643 1935 Vind.
671 1901 714 1934 E.
741 1913 805 1934 om.
830 1899 924 1934 Flor.
942 1900 987 1934 T.

369 1947 508 1980 τοῦτον
534 1944 601 1991 δ’]
628 1943 666 1981 δ’
693 1959 758 1981 om.
782 1946 881 1980 Vind.
908 1946 951 1980 D.

369 1989 408 2026 ἐν
418 1993 537 2047 δίκῃ]
564 1990 714 2032 ενδίκως
737 1993 828 2026 Flor.
849 1992 894 2028 Τ.

322 2036 598 2129 Αῃῗηῗῑ“ἒἿέ..
607 2037 920 2119 &fffflffidvssffl'c
937 2037 988 2118 ιῗ

326 2142 401 2165 cum
448 2132 642 2175 respexisse
687 2131 908 2165 Plutarchum
953 2131 988 2164 in

324 2176 399 2211 Cic.
440 2188 473 2222 p.
507 2180 586 2213 861.
621 2178 664 2211 Ε.
700 2178 817 2211 Astius
851 2177 988 2211 monuit.

323 2223 409 2256 Eius
456 2225 562 2258 verba
609 2224 652 2257 de
693 2223 861 2257 Cicerone
906 2224 992 2257 haec

323 2275 421 2302 sunt.
468 2267 663 2325 γενόμενος
700 2267 753 2312 δ’,
804 2264 927 2314 ὡσπερ
968 2264 988 2303 ὁ

325 2312 485 2349 Πλάτων
510 2312 611 2358 agant
615 2314 694 2370 τὴν
712 2316 906 2371 φιλομαθῆ
928 2313 992 2349 καὶ

326 2358 540 2405 φιλόσοφον
570 2359 704 2416 φύσιν,
733 2365 810 2401 οἰος
823 2358 990 2402 οἷσπαζε-

324 2408 417 2441 σθαι
438 2420 515 2442 παν
529 2406 689 2451 μάθημα
710 2420 770 2441 και
792 2405 908 2463 μηδεν
930 2404 989 2441 λό·

323 2464 392 2496 γον
412 2451 503 2496 μηδε
524 2454 697 2494 παιδείας
725 2451 916 2496 α’τιμαζειν
943 2450 990 2488 εἶ-

325 2499 414 2542 δος,
448 2497 580 2555 ἐῤῥύη
590 2512 670 2540 πως
701 2498 991 2545 προθυμότερον

326 2541 398 2599 ἐπὶς
407 2543 615 2602 ποιητικήν.

371 2591 419 2634 η]
453 2588 476 2636 ἢ
502 2593 603 2632 Vind.
628 2591 669 2626 F.

330 2628 524 2716 Αἑτχοῖλλοὶ]
573 2636 670 2673 πολὺ
701 2638 780 2673 Vnt.
804 2638 849 2673 H.
899 2638 992 2673 Flor.

381 2730 462 2773 σοι]
488 2741 552 2765 om.
575 2728 650 2763 Fic.

378 2774 420 2808 οἳ
433 2776 486 2819 τε]
513 2771 606 2808 ωστε
635 2774 705 2809 Ald.
732 2776 812 2810 Bas.
832 2777 887 2811 ab.
913 2777 995 2811 Ste-

331 2820 432 2866 phan.
482 2821 673 2855 Correxit·
665 2834 697 2855 ιιι
722 2833 773 2867 pr.
798 2823 918 2857 Astius
940 2834 994 2858 se-

331 2867 474 2901 cundum
496 2866 576 2901 Par.
601 2867 645 2902 K.
669 2869 756 2903 V.en
786 2869 827 2904 C.

1091 1739 1335 1787 περιθέουσι]
1380 1739 1576 1778 ἐπιθέονσι
1621 1743 1716 1778 Μοιι.

1045 1789 1087 1823 Β.
1114 1789 1209 1822 Flor.
1235 1789 1280 1823 U.

1092 1833 1189 1869 κατὰ
1233 1833 1390 1879 πόλεις]
1449 1833 1546 1869 κατὰ
1588 1834 1716 1879 κώμας

1049 1881 1147 1915 Vind.
1174 1881 1218 1915 Ε.
1242 1883 1279 1916 in
1300 1884 1380 1916 urbe
1399 1881 1473 1915 Fic.
1501 1883 1628 1916 Verum
1647 1894 1715 1917 non

1046 1928 1168 1961 Atticis
1216 1928 1297 1962 solis
1342 1928 1475 1962 urbana
1521 1932 1557 1962 et
1587 1929 1715 1962 ruralia

1045 1979 1145 2008 erant
1177 1974 1351 2019 Dionysia.
1402 1974 1458 2008 Cf.
1492 1974 1580 2019 Leg.
1615 1975 1656 2008 L.
1682 1975 1711 2008 I.

1045 2031 1078 2066 p.
1105 2021 1184 2055 637.
1209 2021 1249 2053 A.
1275 2021 1317 2055 Β.

1090 2085 1244 2142 κώμας]
1268 2086 1394 2128 πόλεις
1418 2088 1517 2143 V311‘}·
1547 2088 1591 2122 E.

1044 2135 1711 2216 133ζί.ἷουὲᾷῃὲἒλοῗιῖζῗπὲῖὶῗώῖ

1046 2227 1087 2260 L.
1113 2226 1142 2260 Ι.
1166 2238 1199 2271 p.
1222 2228 1301 2262 373.
1330 2227 1480 2272 Cyrinus
1501 2227 1576 2261 adv.
1589 2228 1710 2262 Iulian.

1047 2273 1089 2307 V.
1114 2284 1147 2318 p.
1177 2275 1253 2308 179.
1279 2274 1322 2307 Ε.
1357 2274 1596 2308 Theodoretus
1616 2275 1713 2308 The-

1046 2330 1121 2365 rap.
1148 2318 1189 2352 L.
1215 2319 1243 2353 I.
1271 2331 1304 2365 p.
1331 2321 1409 2355 703.
1437 2319 1574 2354 Schulz.

1091 2384 1238 2428 πάντας
1256 2387 1331 2432 καὶ]
1354 2385 1526 2428 ἅπαντας
1542 2387 1607 2423 καὶ
1623 2386 1714 2428 τούς

1047 2434 1220 2468 Theodor.
1253 2434 1344 2475 τοὺς
1369 2436 1482 2470 Astius
1505 2435 1543 2469 in
1564 2447 1633 2470 sec.
1657 2447 1713 2469 re·

1049 2480 1243 2569 οθῗιιλλους]
1271 2521 1391 2562 αλλων
1413 2526 1514 2561 Vind.
1534 2528 1606 2562 EF.
1624 2529 1712 2574 Ang-

1047 2572 1089 2606 B.
1115 2572 1207 2606 Flor.
1232 2573 1275 2606 R.

1097 2615 1302 2664 τοιούτων]
1329 2618 1516 2660 om.V*1nd.
1542 2619 1586 2653 Ε.

1096 2665 1234 2709 τινῶν]
1277 2663 1384 2705 τινὰς
1415 2665 1515 2699 Vind.
1556 2666 1598 2699 B.
1632 2665 1713 2700 vat.
1757 2653 1759 2655 ι

1050 2708 1100 2744 Μ.
1125 2716 1181 2753 et,
1205 2722 1279 2757 sup.
1306 2712 1382 2755 ὧν,
1407 2712 1492 2746 Lob.
1520 2711 1621 2746 Vind.
1645 2712 1688 2746 D.

1096 2777 1347 2825 μαθητικοὺς]
1370 2781 1426 2816 Ita
1449 2781 1533 2815 Lob.
1555 2780 1758 2824 Vind.B.E

1051 2829 1088 2858 et
1110 2836 1132 2859 a
1155 2837 1199 2859 m.
1225 2838 1276 2872 pr.
1303 2827 1382 2861 Par.
1406 2828 1447 2863 A.
1472 2827 1552 2863 Vat.
1571 2828 1620 2861 M.
1644 2839 1713 2871 μοι·

1051 2871 1285 2915 θηματικοὺς
1310 2873 1418 2917 (Par.
1450 2875 1489 2907 Α.
1515 2875 1595 2909 Vat.
1620 2873 1669 2909 M.
1693 2885 1715 2908 a
