1807 3219
397 162 738 206 CIVITAS
777 165 1089 208 LIB.VI.504

63 276 171 321 ὅταν
207 294 250 320 τι
269 277 401 360 δέῖ]
407 277 613 319 τοιοῦτον
657 277 899 321 διαπονεῖν.

1329 166 1331 168 ’
1367 168 1452 207 213

967 276 1090 321 ’Ἐστι
1130 280 1294 329 ταῦτα,
1348 276 1447 332 ἔφη.

58 344 202 401 ιἨμεῖς
232 345 280 389 δέ
311 362 339 401 γ
379 345 545 400 ε’φαμεν
584 342 849 400 ἀμφοτέρων
888 347 981 389 δεῖν
1021 338 1070 388 εὖ
1109 360 1154 387 τε
1191 346 1265 388 καὶ
1303 349 1448 395 καλῶς

63 413 276 470 μετέχειν,
321 412 350 470 ἢ
377 412 483 469 μήτε
513 414 712 464 παιδείας
753 417 828 469 τῆς
866 410 1176 470 ἄκριβεστατης
1207 415 1298 456 δεῖν
1328 411 1448 469 αὐτῷ

63 482 345 538 μεταδιδόναι
380 481 485 538 μήτε
521 485 646 537 τιμῆς
683 480 788 538 μήτε
819 480 965 538 α’ρχῆς.

1021 481 1219 535 Ὀρθῶς,
1251 477 1277 537 ἧ
1307 479 1351 524 δ’
1384 480 1447 534 ὅς.

69 550 251 595 Ου’κοῦν
281 549 471 594 σπάνιον
502 549 610 594 αὐτὸ
641 551 722 593 οἴει
753 551 931 593 ἔσεσθαι
941 568 955 601 ,-
987 554 1091 602 Πῶς
1120 549 1165 593 δ’
1188 549 1265 600 οὕς
1297 553 1447 592 Βασα-

59 619 231 663 νιστέον
262 618 317 675 δή
352 619 399 662 ἔν
427 635 472 663 τε
504 616 571 670 οἷς
599 617 696 662 τότε
725 617 926 675 ἐλέγομεν
951 618 1107 669 πόνοις
1127 634 1171 661 τε
1191 618 1266 661 καὶ
1285 617 1444 673 φόβοις
1471 621 1507 661 E

57 689 131 732 καὶ
160 686 372 745 ἡδοναῖς,
401 687 476 730 καὶ
505 687 567 730 ἔτι
598 686 650 743 δὴ
681 685 708 731 ὂ
738 686 836 731 τότε
865 692 1098 743 παρεῖμεν,
1129 691 1215 730 νῦν
1249 684 1446 742 λέγομεν,

57 756 126 799 ὅτι
155 755 229 799 καὶ
259 756 307 800 ἐν
329 754 560 812 μαθήμασι
589 759 770 807 πολλοῖς
799 754 1034 812 γυμνάζειν
1064 758 1133 799 δεῖ
1157 758 1446 807 σκοποῦντας,

56 825 94 867 εἰ
123 816 199 868 παὶ
228 822 281 867 τὰ
309 823 488 879 μέγιστα
516 823 759 880 μαθήματα
788 824 954 882 δυνατὴ
986 824 1106 868 ἔσται
1127 823 1341 880 ἐνεγκεῖν,
1363 824 1446 866 εἴτε

55 892 131 936 καὶ
161 891 460 937 α’ποδειλιάσει
491 890 633 948 ὥσπερ
667 894 711 936 οἱ
739 892 787 936 ἐν
807 898 899 945 τοῖς
925 891 1075 944 ἄλλοις
1097 890 1443 944 ἀποδειλιῶντες.
1465 898 1534 934 504

55 1041 95 1076 Β.
131 1042 210 1076 vat.
235 1042 314 1076 ΒΜ.
361 1039 534 1087 χρήσεται
567 1042 652 1076 Ven.
680 1042 720 1076 C.

54 1089 135 1122 Par.
159 1088 236 1121 DK.

101 1133 183 1178 καὶ]
209 1132 256 1178 τὰ
274 1132 338 1168 καὶ
362 1134 456 1168 Mon.
475 1134 513 1168 Β.
537 1135 617 1169 Par.
641 1135 718 1169 DK.

55 1179 148 1214 Flor.
174 1180 218 1214 U.
243 1181 319 1214 Ast.
344 1191 413 1214 sec.

101 1226 322 1270 δυσκίνητα]
370 1223 586 1270 δυσκύνητα
619 1227 719 1261 Vind.

100 1315 466 1363 ἀπονεναρκωμένα]
492 1318 720 1363 νεναρκωμέ-

54 1377 102 1398 να
136 1365 230 1398 Mon.
253 1365 295 1398 Β.
333 1365 410 1398 Vat.
444 1366 523 1399 ΒΜ.
558 1368 644 1400 Ven.
677 1367 718 1400 C.

52 1412 133 1446 Par.
169 1411 248 1445 DK.
292 1423 359 1445 see.
393 1412 504 1446 Bekk.
549 1413 644 1446 Flor.
676 1413 717 1447 C.

52 1455 305 1501 νενεκρωμένα
328 1457 414 1491 Lob.
441 1458 541 1492 Vind.
567 1460 608 1492 Β.

50 1501 454 1584 Πὶοκξιὶιέὶῖιὲἓμᾌςᾶἐῃκοὲ.
482 1505 544 1541 int.
582 1517 672 1539 vers.
697 1517 719 1540 a

97 1593 356 1652 ἐμπίπλανται]
384 1593 609 1639 ἐμπίπλαται
622 1597 716 1630 Μοι1.

50 1642 92 1675 Β.
118 1639 368 1684 ἐμπίμπλαται
391 1627 556 1676 F101.C.
583 1655 715 1677 a1n.s.

87 1682 190 1721 ’Ἐστι
211 1688 355 1730 ταῦτα,
382 1686 476 1743 ἔφη]
511 1687 607 1723 ἔστιν
630 1686 715 1733 αλη-

49 1733 104 1789 θῆ
146 1732 216 1778 ε’φη
254 1734 375 1768 ταῦτα
415 1731 527 1778 λέγεις
558 1737 644 1780 Ang.
678 1737 716 1769 Β.

50 1777 182 1824 Ἀληθῆ
195 1806 205 1824 ,
233 1779 327 1824 ἔφη,
352 1793 475 1814 ταυτα
490 1779 550 1815 λείι
532 1793 604 1826 ,εις
624 1794 717 1816 mar-

51 1838 96 1870 go
120 1827 216 1860 Flor.
243 1827 287 1861 R.

97 1872 130 1916 γ’
136 1870 313 1927 ε’φαμεν]
352 1870 492 1917 ε’φαμεν
511 1875 592 1908 Vat.
611 1874 650 1908 Β.
675 1886 714 1918 ᾖε

51 1930 173 1961 φαμεν
207 1919 306 1953 Vind.
331 1919 372 1953 F.
404 1920 490 1963 Aug.
517 1921 558 1954 B.
596 1932 714 1965 mango

50 1965 145 1999 Flor.
170 1964 212 1998 R.
238 1976 276 2008 γε
302 1962 442 2008 ἔφαμεν
465 1966 566 2001 Vind.
591 1967 634 2000 E.

96 2009 278 2055 σπανιον]
303 2009 460 2046 ἐπανιόν
483 2012 649 2047 Vi11d.F.

97 2055 360 2102 Βασανιστέον]
381 2057 607 2103 βασανιστέοι
619 2059 712 2093 Μοη.

50 2104 92 2137 Β.
115 2104 196 2138 Par.
219 2104 263 2138 D.
288 2104 379 2139 Flor.
405 2105 450 2138 U.

95 2146 134 2183 τε
155 2146 234 2204 οἷς]
259 2162 346 2190 τους
370 2151 456 2194 Aug.
479 2151 520 2184 Β.

5 2201 74 2250 E
97 2191 118 2230 ὃ
138 2193 241 2239 τότε]
279 2192 341 2230 ὅτε
365 2197 468 2231 Vind.
491 2199 532 2231 Β.
559 2199 639 2232 Vat.
663 2197 711 2231 Μ.

52 2237 201 2276 0¹Vind.
223 2242 268 2278 F.
290 2243 326 2276 in
349 2254 393 2275 111.
428 2255 449 2276 a
481 2255 524 2277 m.
545 2255 572 2277 5.
598 2244 713 2277 habet.

96 2289 299 2332 παρεῖμεν]
326 2285 520 2341 ἕπαρεῖμεν
545 2289 643 2323 Vind.
669 2291 712 2323 F.

49 2335 714 2433 Tfflegffllzs:

49 2432 172 2460 uiatico
198 2430 351 2461 auctore.

97 2470 267 2517 λέγομεν]
305 2471 462 2516 λέγωμεν
495 2473 582 2506 Lob.
608 2473 709 2508 Vind.

48 2518 123 2552 BE.
158 2520 243 2554 Ven.
267 2519 308 2552 Β.
343 2521 421 2555 Vat.
456 2519 506 2554 M.
536 2520 631 2553 Flor.
665 2521 710 2555 T.

51 2565 107 2598 cf.
133 2565 174 2598 L.
201 2566 240 2598 V.
266 2577 300 2610 p.
324 2566 403 2600 471.
431 2566 472 2599 C.
498 2570 584 2599 extr.

93 2611 267 2654 πολλοῖς]
287 2613 448 2656 plurimis
467 2613 541 2645 Fic.

49 2702 83 2736 T
85 2655 327 2755 ,γῖῗινὲξῗεὲἔ-ἕ,
332 2658 566 2737 Ὴὸῒ”’.1οῗ,ἰξ“ι1
580 2658 710 2737 ,ξ’ῗριο

416 2717 435 2736 ll
536 2717 578 2737 VO
617 2717 634 2737 ’(1
655 2717 709 2738 Ulll

49 2747 185 2792 opinor,
233 2749 312 2783 dum
359 2751 464 2783 velba
496 2751 707 2784 Pannenidis

49 2805 83 2837 p.
119 2795 194 2831 135.
227 2795 270 2829 D.
304 2793 455 2830 ἕλκυσον
490 2794 529 2829 δὲ
568 2794 705 2830 σαυτὸν

49 2838 111 2874 καὶ
126 2837 307 2884 γύμνασαι
325 2843 464 2886 μᾶλλον
482 2841 547 2877 διὰ
564 2843 630 2887 τῆς
644 2842 705 2877 δο-

778 1039 918 1098 κούσης
943 1039 1132 1099 οἷχρήστου
1160 1038 1258 1076 εἶναι
1287 1040 1351 1075 καὶ
1379 1053 1443 1075 κα-

779 1091 959 1133 λουμενης
976 1086 1054 1124 υπὸ
1089 1089 1165 1123 τῶν
1186 1087 1334 1122 πολλῶν
1354 1084 1442 1121 αδο-

779 1135 920 1191 λεσχίας
948 1136 1178 1191 explicaturus
1193 1132 1266 1178 πρὸ
1291 1145 1444 1167 παντων

781 1177 918 1225 αξιον,
951 1181 1086 1238 inquit,
1126 1178 1244 1215 ἐκεῖνο
1279 1180 1442 1236 διορίσα-

778 1229 871 1261 σθαι
891 1253 901 1271 ,
941 1227 978 1261 τί
1011 1225 1054 1261 τὸ
1089 1224 1337 1270 γυμναστικόν
1376 1227 1444 1281 τῆς

778 1273 1007 1329 διαλεκτικῆς
1034 1271 1194 1317 ταύτης·
1225 1286 1289 1307 και
1320 1284 1390 1327 γαρ
1420 1268 1440 1306 ὁ

778 1331 817 1352 εν
828 1320 1011 1375 Πολιτεία
1022 1318 1227 1375 Σωκρατης
1243 1316 1443 1373 γυμναζειν

777 1365 869 1409 φησὶ
890 1363 937 1399 δι’
962 1363 1082 1409 αὐτῆς
1111 1364 1202 1405 τοὺς
1221 1363 1441 1408 παιδευομέ-

775 1424 876 1451 νους.
913 1424 1116 1456 quamquam
1149 1413 1192 1446 ad
1226 1424 1299 1445 rem
1332 1423 1442 1456 aeque

775 1457 955 1513 appositus
980 1462 1056 1491 eiat
1079 1459 1135 1491 ille
1159 1457 1199 1491 L.
1213 1459 1292 1493 VII.
1312 1470 1346 1502 p.
1362 1458 1441 1492 539.

774 1503 822 1537 D:
850 1501 957 1547 αρκεῖ
982 1502 1028 1560 δι’]
1060 1500 1119 1537 ε’πὶ
1141 1502 1260 1548 λόγων
1288 1501 1442 1547 μεταλή-

774 1557 839 1593 ψει
855 1553 980 1593 μεῖναι
1009 1550 1202 1605 ενδελεχώς
1222 1549 1284 1584 καὶ
1313 1548 1441 1592 ξυντό-

773 1608 847 1635 νως
868 1594 985 1651 μηδεν
1004 1592 1093 1630 α’λλο
1115 1609 1338 1640 πραττοντι,
1364 1592 1441 1630 ἅλ’λ.

775 1639 1032 1685 ἀντιστρόφως
1068 1641 1327 1700 ’γυμναζομένφ
1360 1644 1442 1682 τοῖς

773 1687 859 1742 περὶ
877 1687 920 1723 τὸ
943 1689 1052 1745 σῶμα
1066 1700 1282 1732 γυμνασιοις
1302 1701 1364 1734 ετη
1386 1689 1440 1723 δι-

774 1732 933 1777 πλάσια,
955 1731 982 1790 ἢ
1007 1732 1114 1775 τότε,·

821 1778 986 1825 δυνατή]
1012 1782 1053 1814 In
1078 1761 1164 1815 V⁷en.
1189 1782 1230 1814 B.
1255 1792 1362 1826 super
1385 1781 1438 1814 ul-

772 1827 855 1861 tima
879 1828 1042 1871 scriptum
1066 1831 1120 1861 est
1143 1825 1197 1870 ὸς,
1223 1831 1259 1861 et
1275 1826 1440 1867 δυνατὸς

771 1873 919 1918 1equirit
943 1874 1188 1907 Stallbaumius
1211 1873 1245 1907 in
1269 1885 1337 1907 sec.
1357 1874 1438 1917 quia

771 1921 815 1953 ad
840 1917 998 1974 δυνατὴ
1006 1920 1062 1953 vix
1085 1931 1127 1953 ex
1159 1920 1438 1954 antecedentibus

770 1962 794 2010 ἡ
816 1963 928 2009 φύσις
950 1963 1070 2000 αὐτοῦ
1089 1966 1308 2010 intelligatur.
1345 1967 1437 2000 Sane

769 2024 890 2046 nomen
921 2010 1035 2055 φύσις
1075 2012 1208 2067 longius
1242 2013 1358 2054 abest,
1400 2015 1438 2045 et

769 2059 869 2092 verbi
895 2055 1146 2092 αποδειλιασει
1161 2058 1351 2092 subiectum
1372 2059 1435 2092 ho—

768 2105 889 2138 minem
920 2104 1028 2149 ipsum
1061 2104 1196 2149 potius,
1230 2116 1332 2159 quam
1363 2104 1436 2138 eius

768 2155 926 2184 naturam
950 2162 1024 2184 esse
1048 2151 1201 2184 additum
1227 2150 1263 2184 οι
1281 2147 1433 2184 αποδει-

769 2198 918 2237 λιῶντες
960 2197 1084 2242 aiguit.
1154 2197 1273 2231 Nihilo
1312 2197 1433 2239 minus,

769 2256 872 2289 quum
921 2243 1055 2277 ferendi
1099 2243 1246 2276 facultas
1283 2249 1434 2277 naturae

770 2290 825 2331 sit,
849 2293 885 2323 et
903 2301 964 2334 per
979 2293 1085 2322 totum
1106 2290 1194 2322 hunc
1212 2290 1322 2322 locum
1339 2289 1432 2322 eius-

770 2317 847 2369 dein
870 2336 1013 2370 subiecti
1025 2335 1232 2390 significatio
1246 2336 1340 2369 varie
1357 2335 1432 2377 fiat,

770 2386 805 2415 et
839 2394 926 2426 quae
960 2382 1103 2427 primum
1135 2378 1249 2425 φύσις
1280 2386 1316 2415 et
1339 2379 1428 2424 φύε-

769 2430 862 2461 σθαι
886 2429 977 2462 dicta
1003 2432 1098 2470 er‚at
1122 2440 1190 2484 pio
1211 2440 1251 2465 ea
1268 2439 1345 2460 mox
1368 2428 1429 2461 ho-

767 2475 874 2507 mines
904 2475 1019 2519 ipsos,
1060 2478 1130 2508 tum
1166 2470 1264 2518 ἤθη,
1308 2474 1431 2507 deinde

767 2532 886 2554 ι’·1115115
920 2521 1068 2554 homines
1116 2518 1430 2564 (ἐμπίπλανται),

765 2573 845 2611 post
875 2567 1043 2600 hominem
1075 2565 1242 2612 (αὐτῷ),
1283 2567 1430 2611 denique

767 2612 867 2656 η’θος
891 2610 1026 2657 (αυτό)
1056 2613 1124 2646 dici
1146 2614 1330 2655 videamus,
1354 2613 1429 2646 vul-

765 2664 880 2711 gatam
904 2659 1112 2692 retinendam
1135 2670 1267 2692 censeo.

811 2702 1074 2749 ἀποδειλιάσει]
1086 2702 1351 2739 οἷποδιλιασεΛ7
1358 2705 1425 2739 ind.

763 2752 803 2785 F,

811 2795 1119 2840 αποδειλιιόντες]
1151 2799 1329 2843 trepidant
1366 2803 1423 2832 at-
1448 2799 1515 2832 504

762 2857 824 2889 qut·
845 2845 1008 2889 deficiunt
1036 2844 1108 2877 Fic.
