1807 3219
282 175 340 217 92

739 169 1218 217 PLATONIS

281 283 358 327 καὶ
389 282 543 326 οἰκιῶν
571 279 824 338 ἐμπρήσεως
860 281 995 327 ποῖόν
1023 285 1066 328 τί
1094 296 1166 329 σοι
1195 284 1439 340 δράσουσιν
1469 284 1513 327 οἷ
1541 294 1671 339 στρα-

285 354 438 395 τιῶται
465 349 577 404 πρὸς
605 349 709 401 τούς
737 352 973 407 πολεμίους
983 370 995 403 3
1027 356 1148 403 Σοῦ,
1180 352 1290 410 ἔφη,
1323 352 1456 405 δόξαν
1478 349 1671 409 ἀποφαι-

285 417 479 474 νομένου
521 416 659 474 ἡδέως
697 417 752 462 ἂν
801 416 1053 474 ἀκούσαιμι.

1109 418 1230 476 Ἐμοὶ
1278 422 1358 478 μὲν
1398 421 1576 472 τοίνυν,
1614 416 1672 476 ἦν

218 483 257 526 Β
284 484 330 530 δ’
366 484 475 542 ἐγώ,
509 487 632 530 δοκεῖ
660 484 831 530 τούτων
859 488 1072 545 μηδέτεροι
1102 493 1269 542 ποιεῖν,
1314 486 1424 532 ἀλλὰ
1461 485 1539 531 τὸν
1577 487 1671 532 ἔπε’-

281 632 461 667 iuncturae.
495 632 635 668 obstare
677 645 805 681 eosque
839 635 950 692 magis

281 690 359 713 (111111
392 678 611 714 inferioribus
651 680 719 714 illis
757 680 871 716 ποῖόν
912 682 950 716 τί

281 734 350 804 ῗιῗέ.
379 722 950 830 iffisszvsszzeffssssssffeffo5333}

282 828 317 861 p.
343 817 423 851 469.
447 817 487 851 B.
514 820 549 851 et
574 818 615 852 C.
639 818 677 853 τί
707 816 773 861 δέ,·
797 831 946 864 usurpa—

284 862 344 896 vit.
368 862 511 897 Ficinus
531 863 578 898 Τί
597 861 664 898 δέ·
653 866 946 909 ,--πολεμιόυς;

282 907 333 942 ita
350 908 595 954 interpretatus
619 891 692 944 es't:
713 913 769 945 An
786 913 839 946 tui
856 914 948 947 mili-

282 958 335 988 tes
350 955 571 998 Graecorum,
592 958 787 1001 quibuscum
803 969 948 1003 pugna-

283 1000 388 1042 bunt,
428 1013 537 1055 agros
572 1002 871 1048 depopulabuntur
905 1016 947 1039 ac

284 1047 403 1081 domos
429 1047 641 1082 incendent?

330 1103 370 1127 τε
395 1090 582 1137 τμήσεως]
616 1090 819 1151 τετμήσεως
851 1094 945 1129 Μοη.

280 1137 323 1171 Β.
348 1138 424 1173 Ald.
450 1139 529 1172 Bas.
555 1140 610 1173 ab.
644 1138 766 1173 τεκαὶ
782 1138 946 1184 τμήσεως

280 1184 384 1218 Vind.
421 1185 464 1218 Ε.
505 1185 585 1219 Vat.
618 1185 662 1218 H.
710 1186 806 1220 Flor.
839 1186 945 1222 ACV.

282 1229 385 1269 Quod
418 1230 613 1275 Stephanus
644 1235 758 1267 annot.
782 1243 862 1276 pag.
886 1233 943 1266 21.

279 1273 945 1368 3531.„1333ss{¹3¹¹ssa.f<{‘¹⁵.¹;¹‡¹2,³{0m;{:‡5

280 1367 372 1402 dium
396 1369 475 1402 fieri
498 1372 643 1402 constat.
692 1369 747 1403 Cf.
773 1370 943 1404 Matthiae

280 1425 421 1458 grauun.
445 1425 480 1458 Ρ.
506 1415 585 1449 650.

280 1460 414 1540 Μτῆς]
450 1472 516 1495 om.
548 1460 634 1495 Lob.
667 1460 768 1497 Vind.
793 1461 834 1495 Β.
866 1461 947 1498 Vat.

326 1551 476 1608 οἰκιῶν]
505 1551 620 1587 οἰκων
643 1552 746 1589 Vind.
765 1552 808 1587 Ε.

314 1596 656 1653 ἀποφαινομένου]
686 1596 948 1644 άποφοιίνομεν

282 1654 327 1678 ου
353 1645 453 1680 Vind.
478 1645 522 1678 F.

280 1688 525 1771 ΕἾμὲνὲὝοιη.
555 1691 657 1729 Vind.
692 1691 735 1726 D.
783 1692 863 1728 Vat.
899 1691 945 1727 H.

329 1748 377 1770 ΟΥ.
471 1762 480 1770 .

327 1781 452 1827 δοκεῖ]
490 1795 555 1819 om.
593 1782 688 1817 Flor.
723 1783 768 1818 T.
824 1782 948 1824 δοκεῖς

281 1827 383 1864 Vind.
405 1829 445 1862 Ε.
470 1829 567 1863 Flor.
588 1830 663 1863 AC.

280 1883 522 1965 ΕΙμηδέτεροι]
547 1889 627 1930 γραῑ
653 1883 794 1931 μητέρα
828 1898 946 1932 margo

327 1942 376 1964 or.
428 1956 436 1965 .

327 1973 620 2022 άφαιρεῒσθοιι,]
666 1978 722 2012 Ex
754 1978 829 2011 Ald.
863 1979 944 2012 Bas.

281 2023 336 2057 ab.
372 2035 501 2057 comma
535 2024 718 2066 revocavi,
749 2024 840 2069 quod
865 2025 946 2058 Ste-

280 2069 413 2114 phanus
438 2073 474 2102 et
494 2070 703 2104 recentiores
727 2070 762 2104 in
783 2074 946 2114 punctum

279 2118 508 2149 mutaverunt.
541 2116 721 2150 Sententia
745 2127 807 2150 sua
831 2116 945 2150 decla-

280 2164 358 2195 rata
389 2162 551 2195 Socrates
583 2162 655 2196 sine
691 2173 812 2206 magno
837 2162 946 2196 inter-

279 2207 368 2240 vallo
392 2219 429 2241 se
453 2207 497 2241 ad
521 2208 687 2242 rationem
707 2208 780 2242 eius
797 2208 945 2242 redden-

279 2252 358 2287 dam
380 2256 540 2298 paratum
562 2254 721 2288 ostendit.

326 2301 405 2344 σοι]
433 2309 487 2334 σει
510 2300 603 2333 Mon.
628 2301 669 2333 B.
695 2311 715 2333 a
737 2310 781 2333 m.
805 2311 859 2345 pr.

325 2356 504 2390 Φαίνεταί
521 2367 584 2399 μοι
601 2375 648 2380 --
664 2352 859 2400 ἀλλοτρίου
874 2353 942 2391 πό-

278 2403 416 2446 λεμος]
452 2401 625 2446 excerpsit
647 2402 816 2436 Stobaeus
840 2414 941 2436 serm.

279 2448 444 2482 XXXXI.
469 2461 503 2493 p.
523 2449 602 2483 258.
639 2448 710 2482 Sed
733 2449 769 2482 in
793 2449 943 2483 editione

278 2494 397 2529 Trinc.
427 2494 552 2528 omissa
575 2496 665 2528 sunt.

325 2563 447 2597 ταῦτα
464 2582 511 2588 —-
532 2558 627 2596 εἶναι
649 2559 734 2607 δυό]
762 2574 826 2597 om.
840 2561 942 2598 Vind.

280 2608 324 2643 D.
371 2610 455 2643 Post
477 2608 597 2642 ταῦτα
618 2609 703 2643 ven.
724 2610 765 2642 Β.
790 2608 890 2644 Vind.
898 2608 943 2642 Ε.

281 2656 361 2690 Vat.
382 2655 427 2688 H.
460 2654 556 2688 Flor.
585 2655 723 2691 ACTV.
743 2657 780 2689 et
804 2666 825 2688 a
847 2666 891 2687 m.
916 2665 943 2688 ε.

280 2701 361 2735 Par.
390 2700 431 2733 A.
477 2711 552 2734 cum
589 2701 741 2735 Stobaeo
777 2700 946 2755 editisque

282 2749 362 2780 ante
385 2745 580 2780 Bekkerum
611 2746 789 2780 articulum
811 2742 860 2780 τά
885 2746 946 2780 ad-

282 2792 460 2834 diderunt,
501 2803 569 2838 quo
600 2792 731 2827 scilicet
762 2803 947 2846 pronomen

282 2837 375 2874 istud
398 2849 518 2874 carere
540 2848 607 2874 non
635 2849 738 2884 posse
761 2838 944 2874 videretur.

1006 635 1130 681 Neque
1154 645 1221 670 non
1239 633 1325 669 ferri
1344 634 1457 680 aliquo
1473 633 1572 668 modo
1589 645 1672 679 pos·

1006 682 1062 716 sit.
1064 648 1167 715 qSed
1190 693 1230 715 eo
1254 680 1366 714 deleto
1390 681 1571 721 verbormn
1589 691 1672 713 con-

1004 728 1148 762 structio
1180 727 1264 761 haec
1297 729 1369 760 est:
1407 725 1581 770 φαίνεταί
1591 737 1673 779 μοι

1003 773 1148 828 ταῦτα,
1184 769 1347 827 πολεμός
1373 784 1412 806 τε
1440 771 1503 806 καὶ
1525 769 1670 827 Ηστάσις,

1005 815 1129 864 ω’σπερ
1155 818 1219 853 καὶ
1243 815 1463 861 ὀνομάζεται
1487 816 1557 852 δύο
1585 814 1671 852 ὀνό-

1002 877 1122 909 ματα,
1149 861 1249 899 ου’τω
1273 863 1337 898 καὶ
1359 861 1455 898 εἶναι
1477 862 1559 898 δύο.
1582 875 1672 908 quae

1002 911 1191 945 faciliorem
1207 910 1522 954 interpretationem
1531 910 1670 951 habent,

1004 969 1116 1012 quam
1133 957 1213 990 illa:
1246 955 1422 1011 φαίνεταί
1453 967 1518 1010 μοι
1548 955 1670 989 ταῦτα

1003 1000 1052 1037 τοὶ
1096 999 1266 1056 ὀνόματα
1285 1027 1295 1045 ,
1341 999 1502 1057 πόλεμός
1535 1013 1575 1035 τε
1607 999 1670 1035 καὶ

1005 1045 1131 1088 στάσις
1150 1073 1159 1090 ,
1203 1044 1325 1105 ὥσπερ
1353 1046 1417 1082 καὶ
1452 1044 1672 1102 ονομάζετοιι

1006 1092 1099 1137 δύο,
1112 1091 1211 1128 ου’τω
1230 1092 1294 1127 καὶ
1316 1090 1411 1127 εἶναι
1431 1091 1513 1127 δνό.
1540 1094 1672 1134 Quam-

1003 1151 1105 1185 quam
1137 1139 1387 1175 concedendum
1420 1142 1474 1174 est
1513 1139 1670 1184 proxime

1002 1198 1149 1231 sequens
1175 1182 1268 1221 ὄντα
1287 1186 1338 1220 ita
1358 1188 1590 1241 comparatmn
1615 1185 1671 1219 vi-

1001 1233 1098 1274 deri,
1132 1234 1173 1265 ut
1203 1232 1247 1266 ad
1277 1231 1399 1265 ταῦτα
1425 1244 1473 1264 τοι
1501 1229 1670 1274 ὀνόματα

1000 1278 1136 1323 potius,
1174 1289 1275 1323 quam
1307 1277 1350 1310 ad
1382 1277 1505 1311 ταῦτα
1544 1277 1670 1312 referri

1001 1325 1134 1357 debeat.
1176 1323 1247 1357 Sed
1271 1323 1429 1368 quoniam
1451 1321 1610 1367 πόλεμος
1634 1325 1671 1357 et

1006 1367 1153 1414 στάσις,
1177 1381 1266 1414 quae
1298 1380 1362 1414 per
1393 1370 1515 1403 ταῦτα
1537 1370 1671 1414 signifi-

1005 1419 1149 1458 cantur,
1179 1419 1249 1448 tam
1267 1416 1438 1469 nomina,
1480 1427 1582 1461 quam
1614 1426 1671 1450 res

1004 1464 1105 1503 sunt,
1137 1461 1221 1496 illud
1254 1456 1348 1495 ὄντα
1379 1441 1521 1495 eat'enus
1548 1461 1673 1496 referri

1005 1508 1050 1542 ad
1075 1519 1116 1541 ea
1138 1510 1254 1552 potest
1277 1511 1312 1540 et
1342 1507 1467 1542 debet.
1501 1510 1671 1553 quatenus

1003 1553 1139 1588 nomina
1162 1556 1250 1587 sunt.
1294 1553 1354 1587 Sic
1377 1553 1531 1588 codicum
1553 1556 1673 1588 aucto-

1003 1600 1141 1634 ritatem
1164 1600 1313 1633 retinere
1336 1599 1428 1634 licet.

1051 1645 1179 1691 δυοῖν]
1228 1646 1331 1680 δυεῖν
1373 1646 1460 1679 Lob.
1500 1644 1603 1680 Vind.
1627 1645 1670 1678 Β.

1003 1693 1083 1728 vat.
1107 1692 1157 1726 M.
1192 1692 1370 1726 Bekkerus
1400 1695 1435 1725 et
1456 1691 1491 1724 in
1517 1694 1597 1725 tert.
1616 1691 1670 1724 ed.

1002 1737 1145 1779 Astius3
1169 1750 1310 1779 vereor,
1335 1741 1375 1771 ut
1391 1737 1477 1771 satis
1495 1748 1533 1771 re
1551 1738 1672 1782 explo-

1002 1787 1092 1818 rata.
1128 1784 1237 1817 δυοῖν
1256 1796 1276 1818 a
1303 1784 1446 1817 Platone
1463 1786 1595 1827 pariter
1615 1786 1671 1817 at-

1003 1842 1070 1875 que
1092 1830 1135 1864 ab
1163 1830 1305 1875 reliquis
1333 1830 1424 1864 illius
1442 1830 1565 1862 aetatis
1585 1829 1672 1862 scri-

1001 1877 1159 1920 ptoribus
1190 1887 1253 1920 pro
1287 1876 1438 1920 legitima
1469 1875 1611 1919 genitivi
1635 1877 1672 1908 et

1000 1921 1109 1956 dativi
1131 1923 1240 1956 forma
1263 1925 1462 1966 usurpatum
1484 1933 1560 1955 esse
1583 1921 1671 1954 mul-

1001 1971 1113 2001 torum
1137 1968 1286 2001 locorum
1311 1970 1405 2001 certa
1430 1970 1466 2001 et
1488 1967 1670 2002 varietatis

1001 2025 1125 2057 expers
1150 2014 1322 2057 scriptura
1344 2016 1503 2047 testatur.
1539 2013 1668 2046 Eorum

999 2063 1134 2104 partem
1145 2060 1338 2093 Riickertus
1352 2059 1395 2092 ad
1407 2059 1524 2103 Symp.
1539 2070 1573 2103 p.
1589 2060 1666 2093 113.

1000 2105 1185 2147 indicavit,
1210 2116 1295 2149 quos
1319 2105 1374 2138 hic
1393 2108 1551 2149 repetere
1574 2105 1670 2138 aliis-

1000 2163 1043 2185 ve
1068 2151 1228 2184 addendis
1247 2162 1375 2194 augere
1393 2151 1514 2184 inutiie
1537 2151 1667 2194 putavi.

1002 2197 1133 2231 Contra
1156 2196 1257 2241 pauci
1282 2197 1519 2240 reperiuntur,
1543 2197 1668 2240 quibus

1001 2242 1106 2276 δυεῖν
1126 2254 1192 2276 11011
1214 2241 1324 2275 dicam
1343 2243 1500 2283 omnium,
1518 2242 1578 2276 sed
1596 2253 1669 2276 me-

999 2289 1120 2322 liorum
1161 2289 1325 2322 librorum
1363 2288 1572 2322 auctoritate
1616 2289 1669 2322 ita

1000 2335 1273 2376 commendetur,
1306 2337 1346 2367 ut
1377 2346 1399 2368 a
1421 2334 1564 2367 Platone
1586 2345 1669 2378 pro-

998 2382 1126 2414 fectum
1145 2380 1313 2415 videatur.
1337 2380 1443 2414 Tales
1458 2384 1536 2413 sunt
1549 2380 1668 2425 Symp.

999 2438 1034 2471 Ρ.
1048 2428 1125 2461 192.
1135 2427 1178 2460 E.
1203 2426 1332 2470 penult.
1352 2426 1412 2460 ubi
1433 2426 1549 2460 Clark.
1563 2425 1668 2459 Coisl.

1001 2473 1080 2506 Vat.
1100 2472 1141 2505 A.
1166 2471 1267 2507 Vind.
1285 2472 1326 2504 A.
1352 2472 1439 2526 Ang.
1461 2471 1501 2505 C.
1525 2473 1609 2507 Ven.
1623 2472 1666 2505 Ε.

1001 2515 1041 2552 ἐκ
1083 2517 1185 2552 δυεῖν
1218 2515 1272 2557 εἷς
1297 2515 1473 2573 γενέσθαι
1497 2518 1667 2551 exhibent.

1001 2564 1054 2597 Ib.
1087 2575 1122 2608 p.
1154 2565 1232 2598 211.
1262 2563 1314 2597 C.
1360 2560 1438 2598 οἷπο
1467 2563 1571 2597 δυεῖν
1607 2560 1669 2596 ἐπὶ

1002 2607 1279 2654 noivw,q11ae
1312 2610 1449 2663 tul-gata
1483 2610 1670 2654 eademque

1001 2656 1215 2700 optimorum,
1241 2657 1394 2700 quamvis
1418 2667 1484 2690 non
1506 2655 1669 2700 plurimo-

1001 2713 1076 2734 rum
1120 2701 1284 2735 librorum
1327 2701 1428 2735 lectio
1462 2705 1524 2735 est.
1570 2701 1667 2756 Leg.

1001 2746 1042 2781 L.
1068 2747 1096 2779 Ι.
1130 2758 1164 2791 Ρ.
1195 2749 1273 2782 638.
1307 2747 1356 2781 E:
1387 2745 1526 2801 (ἔθνη)
1555 2743 1669 2790 οἷμφι-

1003 2792 1215 2847 σβητοῦντοι
1234 2788 1328 2849 υμῖν
1343 2791 1473 2828 πόλεσι
1493 2793 1596 2826 δυεῖν
1612 2805 1664 2838 τῳ

1003 2837 1097 2884 λόγῳ
1120 2835 1328 2884 διαμάχοιτ’
1345 2835 1404 2874 ἄν.
1453 2839 1508 2873 Ita
1527 2839 1606 2874 Par.
1625 2827 1665 2873 A.
