<?xml version="1.0" encoding="UTF-8"?>
<!DOCTYPE html PUBLIC "-//W3C//DTD XHTML 1.0 Transitional//EN"
    "http://www.w3.org/TR/xhtml1/DTD/xhtml1-transitional.dtd">
<html xmlns="http://www.w3.org/1999/xhtml" xml:lang="en" lang="en">
 <head>
  <title>
</title>
<meta http-equiv="Content-Type" content="text/html;charset=utf-8" />
  <meta name='ocr-system' content='tesseract 3.04.00' />
  <meta name='ocr-capabilities' content='ocr_page ocr_carea ocr_par ocr_line ocrx_word'/>
</head>
<body>
  <div class='ocr_page' id='page_1' title='image "./operagraecerecen02platuoft_0337.png"; bbox 0 0 1807 3219; ppageno 0'>
   <div class='ocr_carea' id='block_1_1' title="bbox 377 141 1091 189">
    <p class='ocr_par' dir='ltr' id='par_1_1' title="bbox 377 141 1091 189">
     <span class='ocr_line' id='line_1_1' title="bbox 377 141 1091 189; baseline 0.001 -6"><span class='ocrx_word' id='word_1_1' title='bbox 377 141 716 187; x_wconf 89' lang='lat' dir='ltr'>CIVITAS</span> <span class='ocrx_word' id='word_1_2' title='bbox 760 145 1091 189; x_wconf 73' lang='lat' dir='ltr'><strong>LIB.Vl1.521</strong></span> 
     </span>
    </p>
   </div>
   <div class='ocr_carea' id='block_1_2' title="bbox 1372 148 1462 190">
    <p class='ocr_par' dir='ltr' id='par_1_2' title="bbox 1372 148 1462 190">
     <span class='ocr_line' id='line_1_2' title="bbox 1372 148 1462 190; baseline 0.022 -2"><span class='ocrx_word' id='word_1_3' title='bbox 1372 148 1462 190; x_wconf 70' lang='lat'><em>275</em></span> 
     </span>
    </p>
   </div>
   <div class='ocr_carea' id='block_1_3' title="bbox 67 252 1521 519">
    <p class='ocr_par' dir='ltr' id='par_1_3' title="bbox 0 243 1521 519">
     <span class='ocr_line' id='line_1_3' title="bbox 68 252 1461 314; baseline 0.001 -14.953"><span class='ocrx_word' id='word_1_4' title='bbox 68 253 236 305; x_wconf 74' lang='grc' dir='ltr'><em>ἄλλους</em></span> <span class='ocrx_word' id='word_1_5' title='bbox 265 252 527 309; x_wconf 75' lang='grc' dir='ltr'><em>ἀναγκάσεις</em></span> <span class='ocrx_word' id='word_1_6' title='bbox 555 254 668 299; x_wconf 84' lang='grc' dir='ltr'><em>ἰέναι</em></span> <span class='ocrx_word' id='word_1_7' title='bbox 696 254 766 300; x_wconf 78' lang='grc' dir='ltr'><em>ἐπὶ</em></span> <span class='ocrx_word' id='word_1_8' title='bbox 795 256 1002 314; x_wconf 81' lang='grc' dir='ltr'><em>φυλακὴν</em></span> <span class='ocrx_word' id='word_1_9' title='bbox 1031 259 1108 312; x_wconf 85' lang='grc' dir='ltr'><em>τῆς</em></span> <span class='ocrx_word' id='word_1_10' title='bbox 1136 255 1327 308; x_wconf 84' lang='grc' dir='ltr'><em>πόλεως,</em></span> <span class='ocrx_word' id='word_1_11' title='bbox 1356 255 1387 313; x_wconf 81' lang='grc' dir='ltr'><em>ἢ</em></span> <span class='ocrx_word' id='word_1_12' title='bbox 1417 259 1461 300; x_wconf 79' lang='grc' dir='ltr'><em>οἳ</em></span> 
     </span>
     <span class='ocr_line' id='line_1_4' title="bbox 69 320 1457 380; baseline 0 -12"><span class='ocrx_word' id='word_1_13' title='bbox 69 324 170 379; x_wconf 83' lang='grc' dir='ltr'><em>περὶ</em></span> <span class='ocrx_word' id='word_1_14' title='bbox 198 322 370 368; x_wconf 85' lang='grc' dir='ltr'><em>τούτων</em></span> <span class='ocrx_word' id='word_1_15' title='bbox 394 339 440 366; x_wconf 86' lang='grc' dir='ltr'><em>τε</em></span> <span class='ocrx_word' id='word_1_16' title='bbox 470 322 821 380; x_wconf 77' lang='grc' dir='ltr'><em>φρονιμώτατοι,</em></span> <span class='ocrx_word' id='word_1_17' title='bbox 860 323 915 370; x_wconf 87' lang='grc' dir='ltr'><em>δι’</em></span> <span class='ocrx_word' id='word_1_18' title='bbox 943 320 1009 369; x_wconf 71' lang='grc' dir='ltr'><em>εἶν</em></span> <span class='ocrx_word' id='word_1_19' title='bbox 1037 324 1200 378; x_wconf 78' lang='grc' dir='ltr'><em>ἄριστα</em></span> <span class='ocrx_word' id='word_1_20' title='bbox 1229 322 1356 375; x_wconf 82' lang='grc' dir='ltr'><em>πόλις</em></span> <span class='ocrx_word' id='word_1_21' title='bbox 1389 325 1457 368; x_wconf 79' lang='grc' dir='ltr'><em>οἰ-</em></span> 
     </span>
     <span class='ocr_line' id='line_1_5' title="bbox 67 390 1455 450; baseline 0.001 -15"><span class='ocrx_word' id='word_1_22' title='bbox 67 397 232 443; x_wconf 79' lang='grc' dir='ltr'><em>κεῖται,</em></span> <span class='ocrx_word' id='word_1_23' title='bbox 264 391 484 448; x_wconf 71' lang='grc' dir='ltr'><em>ἔχουσίτε</em></span> <span class='ocrx_word' id='word_1_24' title='bbox 513 391 642 448; x_wconf 80' lang='grc' dir='ltr'><em>τιμάς</em></span> <span class='ocrx_word' id='word_1_25' title='bbox 671 390 804 444; x_wconf 75' lang='grc' dir='ltr'><em>ἄλλας</em></span> <span class='ocrx_word' id='word_1_26' title='bbox 833 393 906 437; x_wconf 81' lang='grc' dir='ltr'><em>καὶ</em></span> <span class='ocrx_word' id='word_1_27' title='bbox 935 395 1037 450; x_wconf 89' lang='grc' dir='ltr'><em>βίον</em></span> <span class='ocrx_word' id='word_1_28' title='bbox 1067 390 1231 448; x_wconf 77' lang='grc' dir='ltr'><em>ἀμείνω</em></span> <span class='ocrx_word' id='word_1_29' title='bbox 1260 395 1341 436; x_wconf 85' lang='grc' dir='ltr'><em>τοῦ</em></span> <span class='ocrx_word' id='word_1_30' title='bbox 1371 407 1455 436; x_wconf 81' lang='grc' dir='ltr'><em>πο·</em></span> 
     </span>
     <span class='ocr_line' id='line_1_6' title="bbox 67 455 1521 519; baseline -0.002 -15"><span class='ocrx_word' id='word_1_31' title='bbox 67 464 264 512; x_wconf 54' lang='lat' dir='ltr'><em>artaxem</em></span> <span class='ocrx_word' id='word_1_32' title='bbox 310 459 509 512; x_wconf 77' lang='grc' dir='ltr'><em>Οὐδένας</em></span> <span class='ocrx_word' id='word_1_33' title='bbox 538 459 723 514; x_wconf 73' lang='grc' dir='ltr'><em>ἄλλους,</em></span> <span class='ocrx_word' id='word_1_34' title='bbox 760 460 855 517; x_wconf 76' lang='grc' dir='ltr'><em>ἔφη.</em></span> <span class='ocrx_word' id='word_1_35' title='bbox 915 461 1078 506; x_wconf 86' lang='grc' dir='ltr'><em>Βούλει</em></span> <span class='ocrx_word' id='word_1_36' title='bbox 1108 455 1192 505; x_wconf 77' lang='grc' dir='ltr'><em>οὖν</em></span> <span class='ocrx_word' id='word_1_37' title='bbox 1217 460 1339 504; x_wconf 84' lang='grc' dir='ltr'><em>τοῦτ’</em></span> <span class='ocrx_word' id='word_1_38' title='bbox 1370 461 1521 519; x_wconf 75' lang='grc' dir='ltr'><em>ἤδη,0</em></span> 
     </span>
    </p>
   </div>
   <div class='ocr_carea' id='block_1_4' title="bbox 0 528 1456 586">
    <p class='ocr_par' dir='ltr' id='par_1_4' title="bbox 0 528 1456 586">
     <span class='ocr_line' id='line_1_7' title="bbox 0 528 1456 586; baseline 0.001 -13"><span class='ocrx_word' id='word_1_39' title='bbox 0 553 1 556; x_wconf 39' lang='lat'>¹</span> <span class='ocrx_word' id='word_1_40' title='bbox 69 532 328 584; x_wconf 75' lang='grc' dir='ltr'><em>σκοπῶμεν,</em></span> <span class='ocrx_word' id='word_1_41' title='bbox 369 531 468 573; x_wconf 88' lang='grc' dir='ltr'><em>τίνα</em></span> <span class='ocrx_word' id='word_1_42' title='bbox 500 529 666 584; x_wconf 81' lang='grc' dir='ltr'><em>τρόπον</em></span> <span class='ocrx_word' id='word_1_43' title='bbox 707 531 752 573; x_wconf 79' lang='grc' dir='ltr'><em>οῖ</em></span> <span class='ocrx_word' id='word_1_44' title='bbox 778 533 976 573; x_wconf 85' lang='grc' dir='ltr'><em>τοιοῦτοι</em></span> <span class='ocrx_word' id='word_1_45' title='bbox 1015 528 1346 586; x_wconf 76' lang='grc' dir='ltr'><em>ἐγγενήσονται,</em></span> <span class='ocrx_word' id='word_1_46' title='bbox 1381 531 1456 575; x_wconf 83' lang='grc' dir='ltr'><em>καὶ</em></span> 
     </span>
    </p>
   </div>
   <div class='ocr_carea' id='block_1_5' title="bbox 42 595 1459 930">
    <p class='ocr_par' dir='ltr' id='par_1_5' title="bbox 42 595 1459 930">
     <span class='ocr_line' id='line_1_8' title="bbox 68 595 1458 655; baseline 0.001 -14"><span class='ocrx_word' id='word_1_47' title='bbox 68 605 162 649; x_wconf 73' lang='grc' dir='ltr'><em>πῶς</em></span> <span class='ocrx_word' id='word_1_48' title='bbox 191 615 257 650; x_wconf 88' lang='grc' dir='ltr'><em>τις</em></span> <span class='ocrx_word' id='word_1_49' title='bbox 288 595 435 650; x_wconf 79' lang='grc' dir='ltr'><em>ἀνάξει</em></span> <span class='ocrx_word' id='word_1_50' title='bbox 465 596 629 650; x_wconf 71' lang='grc' dir='ltr'><em>αὐτοὺς</em></span> <span class='ocrx_word' id='word_1_51' title='bbox 659 599 720 649; x_wconf 87' lang='grc' dir='ltr'><em>εἰς</em></span> <span class='ocrx_word' id='word_1_52' title='bbox 749 601 867 654; x_wconf 80' lang='grc' dir='ltr'><em>φῶς,</em></span> <span class='ocrx_word' id='word_1_53' title='bbox 899 597 1044 653; x_wconf 76' lang='grc' dir='ltr'><em>ὥσπερ</em></span> <span class='ocrx_word' id='word_1_54' title='bbox 1067 598 1284 651; x_wconf 71' lang='grc' dir='ltr'><em>ἐξἍιδου</em></span> <span class='ocrx_word' id='word_1_55' title='bbox 1305 599 1458 655; x_wconf 80' lang='grc' dir='ltr'><em>λέγον-</em></span> 
     </span>
     <span class='ocr_line' id='line_1_9' title="bbox 66 665 1459 724; baseline 0.001 -14"><span class='ocrx_word' id='word_1_56' title='bbox 66 683 140 710; x_wconf 88' lang='grc' dir='ltr'><em>ται</em></span> <span class='ocrx_word' id='word_1_57' title='bbox 170 665 224 721; x_wconf 84' lang='grc' dir='ltr'><em>δή</em></span> <span class='ocrx_word' id='word_1_58' title='bbox 253 681 370 717; x_wconf 86' lang='grc' dir='ltr'><em>τινες</em></span> <span class='ocrx_word' id='word_1_59' title='bbox 400 667 462 718; x_wconf 79' lang='grc' dir='ltr'><em>εἰς</em></span> <span class='ocrx_word' id='word_1_60' title='bbox 491 667 628 718; x_wconf 75' lang='grc' dir='ltr'><em>θεοὺς</em></span> <span class='ocrx_word' id='word_1_61' title='bbox 650 665 888 717; x_wconf 64' lang='grc' dir='ltr'><em>Δοἷνελθεῖνς</em></span> <span class='ocrx_word' id='word_1_62' title='bbox 939 670 1043 718; x_wconf 76' lang='grc' dir='ltr'><em>Πῶς</em></span> <span class='ocrx_word' id='word_1_63' title='bbox 1085 667 1168 722; x_wconf 79' lang='grc' dir='ltr'><em>γὰρ</em></span> <span class='ocrx_word' id='word_1_64' title='bbox 1210 665 1266 711; x_wconf 84' lang='grc' dir='ltr'><em>οὐ</em></span> <span class='ocrx_word' id='word_1_65' title='bbox 1296 666 1459 724; x_wconf 86' lang='grc' dir='ltr'><em>βούλο-</em></span> 
     </span>
     <span class='ocr_line' id='line_1_10' title="bbox 42 733 1457 793; baseline 0.001 -15"><span class='ocrx_word' id='word_1_66' title='bbox 42 739 172 791; x_wconf 73' lang='grc' dir='ltr'><em>’μαις</em></span> <span class='ocrx_word' id='word_1_67' title='bbox 203 734 300 790; x_wconf 36' lang='grc' dir='ltr'><em>ἐᾞφη</em></span> <span class='ocrx_word' id='word_1_68' title='bbox 365 737 507 779; x_wconf 86' lang='grc' dir='ltr'><em>Τοῦτο</em></span> <span class='ocrx_word' id='word_1_69' title='bbox 539 734 617 791; x_wconf 76' lang='grc' dir='ltr'><em>δὴ,</em></span> <span class='ocrx_word' id='word_1_70' title='bbox 643 734 702 786; x_wconf 73' lang='grc' dir='ltr'><em>ὥς</em></span> <span class='ocrx_word' id='word_1_71' title='bbox 733 735 895 786; x_wconf 51' lang='lat' dir='ltr'><em>{ww</em></span> <span class='ocrx_word' id='word_1_72' title='bbox 928 733 1013 779; x_wconf 80' lang='grc' dir='ltr'><em>οὐκ</em></span> <span class='ocrx_word' id='word_1_73' title='bbox 1044 733 1268 789; x_wconf 79' lang='grc' dir='ltr'><em>ὀστράκου</em></span> <span class='ocrx_word' id='word_1_74' title='bbox 1298 736 1357 780; x_wconf 80' lang='grc' dir='ltr'><em>ἀν</em></span> <span class='ocrx_word' id='word_1_75' title='bbox 1391 738 1457 793; x_wconf 88' lang='grc' dir='ltr'><em>ειή</em></span> 
     </span>
     <span class='ocr_line' id='line_1_11' title="bbox 65 801 1459 861; baseline 0.001 -14"><span class='ocrx_word' id='word_1_76' title='bbox 65 801 363 859; x_wconf 74' lang='grc' dir='ltr'><em>περιστροφή,</em></span> <span class='ocrx_word' id='word_1_77' title='bbox 394 801 503 846; x_wconf 72' lang='grc' dir='ltr'><em>ἄλλα</em></span> <span class='ocrx_word' id='word_1_78' title='bbox 534 807 673 859; x_wconf 79' lang='grc' dir='ltr'><em>ψυχης</em></span> <span class='ocrx_word' id='word_1_79' title='bbox 703 819 953 860; x_wconf 82' lang='grc' dir='ltr'><em>περιαγωγη</em></span> <span class='ocrx_word' id='word_1_80' title='bbox 985 803 1033 847; x_wconf 74' lang='grc' dir='ltr'><em>ἐκ</em></span> <span class='ocrx_word' id='word_1_81' title='bbox 1057 808 1315 861; x_wconf 80' lang='grc' dir='ltr'><em>νυκτερινῆς</em></span> <span class='ocrx_word' id='word_1_82' title='bbox 1337 803 1459 857; x_wconf 78' lang='grc' dir='ltr'><em>τινὸς</em></span> 
     </span>
     <span class='ocr_line' id='line_1_12' title="bbox 63 866 1456 930; baseline 0.002 -15"><span class='ocrx_word' id='word_1_83' title='bbox 63 870 233 928; x_wconf 80' lang='grc' dir='ltr'><em>ἡμέρας</em></span> <span class='ocrx_word' id='word_1_84' title='bbox 261 872 323 923; x_wconf 82' lang='grc' dir='ltr'><em>εἰς</em></span> <span class='ocrx_word' id='word_1_85' title='bbox 353 869 574 929; x_wconf 79' lang='grc' dir='ltr'><em>ἀληθινὴν</em></span> <span class='ocrx_word' id='word_1_86' title='bbox 603 875 685 916; x_wconf 87' lang='grc' dir='ltr'><em>τοῦ</em></span> <span class='ocrx_word' id='word_1_87' title='bbox 715 872 842 924; x_wconf 80' lang='grc' dir='ltr'><em>ὄντος</em></span> <span class='ocrx_word' id='word_1_88' title='bbox 874 866 1015 917; x_wconf 76' lang='grc' dir='ltr'><em>οὖσαν</em></span> <span class='ocrx_word' id='word_1_89' title='bbox 1044 871 1289 927; x_wconf 78' lang='grc' dir='ltr'><em>ἐπάνοδον,</em></span> <span class='ocrx_word' id='word_1_90' title='bbox 1319 871 1377 930; x_wconf 77' lang='grc' dir='ltr'><em>ἢν</em></span> <span class='ocrx_word' id='word_1_91' title='bbox 1401 874 1456 930; x_wconf 81' lang='grc' dir='ltr'><em>δή</em></span> 
     </span>
    </p>
   </div>
   <div class='ocr_carea' id='block_1_6' title="bbox 58 1016 735 2819">
    <p class='ocr_par' dir='ltr' id='par_1_6' title="bbox 65 1016 735 1150">
     <span class='ocr_line' id='line_1_13' title="bbox 115 1016 734 1066; baseline 0 -10"><span class='ocrx_word' id='word_1_92' title='bbox 115 1017 290 1061; x_wconf 81' lang='grc' dir='ltr'><em>Οὕδένας</em></span> <span class='ocrx_word' id='word_1_93' title='bbox 311 1016 468 1066; x_wconf 69' lang='grc' dir='ltr'><em>ἄλλους]</em></span> <span class='ocrx_word' id='word_1_94' title='bbox 490 1017 652 1061; x_wconf 69' lang='grc' dir='ltr'><em>ου’δὲνας</em></span> <span class='ocrx_word' id='word_1_95' title='bbox 672 1017 734 1056; x_wconf 74' lang='grc' dir='ltr'><em>ἅλ-</em></span> 
     </span>
     <span class='ocr_line' id='line_1_14' title="bbox 65 1064 735 1113; baseline 0.003 -12"><span class='ocrx_word' id='word_1_96' title='bbox 65 1068 133 1107; x_wconf 83' lang='grc' dir='ltr'><em>λας</em></span> <span class='ocrx_word' id='word_1_97' title='bbox 156 1067 256 1103; x_wconf 85' lang='lat' dir='ltr'><strong>Vind.</strong></span> <span class='ocrx_word' id='word_1_98' title='bbox 280 1067 325 1102; x_wconf 80' lang='lat' dir='ltr'><em>E.</em></span> <span class='ocrx_word' id='word_1_99' title='bbox 351 1065 466 1102; x_wconf 67' lang='grc' dir='ltr'><em>οὐδὲν</em></span> <span class='ocrx_word' id='word_1_100' title='bbox 486 1064 532 1108; x_wconf 76' lang='grc' dir='ltr'><em>ἃς</em></span> <span class='ocrx_word' id='word_1_101' title='bbox 553 1065 735 1113; x_wconf 72' lang='grc' dir='ltr'><em>ἀλλήλους</em></span> 
     </span>
     <span class='ocr_line' id='line_1_15' title="bbox 65 1113 234 1150; baseline -0.012 0"><span class='ocrx_word' id='word_1_102' title='bbox 65 1113 167 1150; x_wconf 81' lang='lat' dir='ltr'><strong>Vind.</strong></span> <span class='ocrx_word' id='word_1_103' title='bbox 191 1113 234 1148; x_wconf 87' lang='lat' dir='ltr'><em>F.</em></span> 
     </span>
    </p>

    <p class='ocr_par' dir='ltr' id='par_1_7' title="bbox 61 1154 734 1390">
     <span class='ocr_line' id='line_1_16' title="bbox 111 1154 734 1204; baseline 0 -10"><span class='ocrx_word' id='word_1_104' title='bbox 111 1156 213 1194; x_wconf 85' lang='grc' dir='ltr'><em>τοῦτ’</em></span> <span class='ocrx_word' id='word_1_105' title='bbox 235 1154 331 1204; x_wconf 81' lang='grc' dir='ltr'><em>ἤδη]</em></span> <span class='ocrx_word' id='word_1_106' title='bbox 355 1159 462 1194; x_wconf 86' lang='grc' dir='ltr'><em>τουτὶ</em></span> <span class='ocrx_word' id='word_1_107' title='bbox 488 1157 537 1204; x_wconf 70' lang='grc' dir='ltr'><em>δή</em></span> <span class='ocrx_word' id='word_1_108' title='bbox 563 1160 664 1195; x_wconf 90' lang='lat' dir='ltr'><strong>Vind.</strong></span> <span class='ocrx_word' id='word_1_109' title='bbox 689 1160 734 1195; x_wconf 97' lang='lat' dir='ltr'><em>F.</em></span> 
     </span>
     <span class='ocr_line' id='line_1_17' title="bbox 65 1206 732 1250; baseline 0 -9"><span class='ocrx_word' id='word_1_110' title='bbox 65 1207 152 1250; x_wconf 81' lang='lat' dir='ltr'><strong>Aug.</strong></span> <span class='ocrx_word' id='word_1_111' title='bbox 176 1206 218 1240; x_wconf 90' lang='lat' dir='ltr'><em>B.</em></span> <span class='ocrx_word' id='word_1_112' title='bbox 266 1206 362 1240; x_wconf 85' lang='lat' dir='ltr'><strong>Idem</strong></span> <span class='ocrx_word' id='word_1_113' title='bbox 386 1207 478 1240; x_wconf 88' lang='lat' dir='ltr'><strong>Flor.</strong></span> <span class='ocrx_word' id='word_1_114' title='bbox 499 1207 543 1240; x_wconf 82' lang='lat' dir='ltr'><em>R.</em></span> <span class='ocrx_word' id='word_1_115' title='bbox 557 1207 732 1241; x_wconf 83' lang='lat' dir='ltr'><strong>exhibere</strong></span> 
     </span>
     <span class='ocr_line' id='line_1_18' title="bbox 63 1253 732 1308; baseline -0.001 -20"><span class='ocrx_word' id='word_1_116' title='bbox 63 1253 220 1294; x_wconf 79' lang='lat' dir='ltr'><strong>videtur,</strong></span> <span class='ocrx_word' id='word_1_117' title='bbox 267 1264 367 1308; x_wconf 89' lang='lat' dir='ltr'><strong>quem</strong></span> <span class='ocrx_word' id='word_1_118' title='bbox 406 1253 650 1287; x_wconf 84' lang='lat' dir='ltr'><strong>Stallbamnius</strong></span> <span class='ocrx_word' id='word_1_119' title='bbox 683 1254 732 1287; x_wconf 81' lang='lat' dir='ltr'><strong>ita</strong></span> 
     </span>
     <span class='ocr_line' id='line_1_19' title="bbox 61 1296 732 1344; baseline 0.001 -12"><span class='ocrx_word' id='word_1_120' title='bbox 61 1310 127 1344; x_wconf 86' lang='lat' dir='ltr'><strong>pro</strong></span> <span class='ocrx_word' id='word_1_121' title='bbox 155 1298 280 1332; x_wconf 80' lang='grc' dir='ltr'><em>Τοῦτο</em></span> <span class='ocrx_word' id='word_1_122' title='bbox 299 1296 345 1342; x_wconf 89' lang='grc' dir='ltr'><em>δὴ</em></span> <span class='ocrx_word' id='word_1_123' title='bbox 363 1324 373 1342; x_wconf 87' lang='grc'><em>,</em></span> <span class='ocrx_word' id='word_1_124' title='bbox 399 1298 489 1343; x_wconf 89' lang='lat' dir='ltr'><strong>quod</strong></span> <span class='ocrx_word' id='word_1_125' title='bbox 513 1299 628 1344; x_wconf 80' lang='lat' dir='ltr'><strong>paullo</strong></span> <span class='ocrx_word' id='word_1_126' title='bbox 654 1302 732 1343; x_wconf 91' lang='lat' dir='ltr'><strong>post</strong></span> 
     </span>
     <span class='ocr_line' id='line_1_20' title="bbox 63 1345 693 1401; baseline -0.002 -22"><span class='ocrx_word' id='word_1_127' title='bbox 63 1345 211 1401; x_wconf 82' lang='lat' dir='ltr'><strong>legitur,</strong></span> <span class='ocrx_word' id='word_1_128' title='bbox 235 1345 404 1400; x_wconf 86' lang='lat' dir='ltr'><strong>scriptum</strong></span> <span class='ocrx_word' id='word_1_129' title='bbox 425 1345 553 1378; x_wconf 88' lang='lat' dir='ltr'><strong>habere</strong></span> <span class='ocrx_word' id='word_1_130' title='bbox 577 1345 693 1379; x_wconf 67' lang='lat' dir='ltr'><strong>tradit.</strong></span> 
     </span>
    </p>

    <p class='ocr_par' dir='ltr' id='par_1_8' title="bbox 59 1387 732 1530">
     <span class='ocr_line' id='line_1_21' title="bbox 112 1387 731 1436; baseline 0.002 -12"><span class='ocrx_word' id='word_1_131' title='bbox 112 1389 150 1433; x_wconf 75' lang='grc' dir='ltr'><em>ἐξ</em></span> <span class='ocrx_word' id='word_1_132' title='bbox 164 1387 313 1436; x_wconf 68' lang='grc' dir='ltr'><em>Ἅιδου]</em></span> <span class='ocrx_word' id='word_1_133' title='bbox 340 1388 476 1432; x_wconf 76' lang='grc' dir='ltr'><em>ἐξάδου</em></span> <span class='ocrx_word' id='word_1_134' title='bbox 497 1391 597 1425; x_wconf 87' lang='lat' dir='ltr'><strong>Vind.</strong></span> <span class='ocrx_word' id='word_1_135' title='bbox 620 1392 665 1426; x_wconf 89' lang='lat' dir='ltr'><em>F.</em></span> <span class='ocrx_word' id='word_1_136' title='bbox 690 1391 731 1425; x_wconf 89' lang='lat' dir='ltr'><em>In</em></span> 
     </span>
     <span class='ocr_line' id='line_1_22' title="bbox 61 1437 732 1472; baseline 0 0"><span class='ocrx_word' id='word_1_137' title='bbox 61 1437 164 1472; x_wconf 84' lang='lat' dir='ltr'><strong>editis</strong></span> <span class='ocrx_word' id='word_1_138' title='bbox 207 1442 289 1471; x_wconf 87' lang='lat' dir='ltr'><strong>ante</strong></span> <span class='ocrx_word' id='word_1_139' title='bbox 330 1437 524 1472; x_wconf 80' lang='lat' dir='ltr'><strong>Bekkerum</strong></span> <span class='ocrx_word' id='word_1_140' title='bbox 557 1449 678 1472; x_wconf 84' lang='lat' dir='ltr'><strong>nomen</strong></span> <span class='ocrx_word' id='word_1_141' title='bbox 711 1449 732 1472; x_wconf 87' lang='lat' dir='ltr'><strong>a</strong></span> 
     </span>
     <span class='ocr_line' id='line_1_23' title="bbox 59 1483 398 1538; baseline -0.006 -20"><span class='ocrx_word' id='word_1_142' title='bbox 59 1483 250 1518; x_wconf 82' lang='lat' dir='ltr'><strong>minuscula</strong></span> <span class='ocrx_word' id='word_1_143' title='bbox 270 1483 398 1538; x_wconf 77' lang='lat' dir='ltr'><strong>incipit.</strong></span> 
     </span>
    </p>

    <p class='ocr_par' dir='ltr' id='par_1_9' title="bbox 59 1527 731 1610">
     <span class='ocr_line' id='line_1_24' title="bbox 107 1527 731 1574; baseline 0.005 -11"><span class='ocrx_word' id='word_1_144' title='bbox 107 1527 308 1574; x_wconf 82' lang='grc' dir='ltr'><em>λέγονται]</em></span> <span class='ocrx_word' id='word_1_145' title='bbox 356 1527 526 1574; x_wconf 78' lang='grc' dir='ltr'><em>λέγοντες</em></span> <span class='ocrx_word' id='word_1_146' title='bbox 572 1531 653 1566; x_wconf 84' lang='lat' dir='ltr'><strong>vat.</strong></span> <span class='ocrx_word' id='word_1_147' title='bbox 685 1531 731 1567; x_wconf 89' lang='lat' dir='ltr'><em>H.</em></span> 
     </span>
     <span class='ocr_line' id='line_1_25' title="bbox 59 1575 284 1610; baseline 0 -1"><span class='ocrx_word' id='word_1_148' title='bbox 59 1575 156 1610; x_wconf 86' lang='lat' dir='ltr'><strong>Flor.</strong></span> <span class='ocrx_word' id='word_1_149' title='bbox 181 1575 284 1609; x_wconf 88' lang='lat' dir='ltr'><strong>ACV.</strong></span> 
     </span>
    </p>

    <p class='ocr_par' dir='ltr' id='par_1_10' title="bbox 58 1619 730 1944">
     <span class='ocr_line' id='line_1_26' title="bbox 110 1619 730 1669; baseline 0.003 -14"><span class='ocrx_word' id='word_1_150' title='bbox 110 1622 234 1656; x_wconf 82' lang='grc' dir='ltr'><em>Τοῦτο</em></span> <span class='ocrx_word' id='word_1_151' title='bbox 265 1619 311 1665; x_wconf 92' lang='grc' dir='ltr'><em>δὴ</em></span> <span class='ocrx_word' id='word_1_152' title='bbox 329 1638 377 1647; x_wconf 79' lang='lat'><em>—-</em></span> <span class='ocrx_word' id='word_1_153' title='bbox 404 1619 578 1666; x_wconf 79' lang='grc' dir='ltr'><em>φήσομεν</em></span> <span class='ocrx_word' id='word_1_154' title='bbox 606 1620 730 1669; x_wconf 84' lang='grc' dir='ltr'><em>εἶναι.]</em></span> 
     </span>
     <span class='ocr_line' id='line_1_27' title="bbox 59 1665 726 1705; baseline 0.006 -4"><span class='ocrx_word' id='word_1_155' title='bbox 59 1665 197 1702; x_wconf 69' lang='lat' dir='ltr'><strong>laudat</strong></span> <span class='ocrx_word' id='word_1_156' title='bbox 207 1667 365 1702; x_wconf 82' lang='lat' dir='ltr'>Clemens</span> <span class='ocrx_word' id='word_1_157' title='bbox 389 1669 440 1702; x_wconf 77' lang='lat' dir='ltr'><em>Al.</em></span> <span class='ocrx_word' id='word_1_158' title='bbox 467 1669 594 1702; x_wconf 89' lang='lat' dir='ltr'><strong>Strom</strong></span> <span class='ocrx_word' id='word_1_159' title='bbox 619 1669 660 1704; x_wconf 90' lang='lat' dir='ltr'><em>L.</em></span> <span class='ocrx_word' id='word_1_160' title='bbox 685 1672 726 1705; x_wconf 79' lang='lat' dir='ltr'><em>V.</em></span> 
     </span>
     <span class='ocr_line' id='line_1_28' title="bbox 61 1714 725 1760; baseline 0 -10"><span class='ocrx_word' id='word_1_161' title='bbox 61 1725 94 1759; x_wconf 88' lang='lat' dir='ltr'><em>p.</em></span> <span class='ocrx_word' id='word_1_162' title='bbox 107 1716 187 1750; x_wconf 72' lang='lat'><strong>729.</strong></span> <span class='ocrx_word' id='word_1_163' title='bbox 212 1725 255 1747; x_wconf 83' lang='lat' dir='ltr'><em>ex</em></span> <span class='ocrx_word' id='word_1_164' title='bbox 279 1725 389 1759; x_wconf 80' lang='lat' dir='ltr'><strong>eoque</strong></span> <span class='ocrx_word' id='word_1_165' title='bbox 411 1714 584 1748; x_wconf 78' lang='lat' dir='ltr'>Eusebius</span> <span class='ocrx_word' id='word_1_166' title='bbox 606 1728 725 1760; x_wconf 89' lang='lat' dir='ltr'><strong>praep.</strong></span> 
     </span>
     <span class='ocr_line' id='line_1_29' title="bbox 60 1759 729 1805; baseline 0.003 -11"><span class='ocrx_word' id='word_1_167' title='bbox 60 1772 115 1795; x_wconf 83' lang='lat' dir='ltr'><em>ev.</em></span> <span class='ocrx_word' id='word_1_168' title='bbox 152 1760 194 1796; x_wconf 89' lang='lat' dir='ltr'><strong>L.</strong></span> <span class='ocrx_word' id='word_1_169' title='bbox 219 1759 321 1794; x_wconf 88' lang='lat' dir='ltr'>XIII</span> <span class='ocrx_word' id='word_1_170' title='bbox 356 1771 391 1805; x_wconf 89' lang='lat' dir='ltr'><strong>p.</strong></span> <span class='ocrx_word' id='word_1_171' title='bbox 415 1760 496 1795; x_wconf 83' lang='grc'><em>404.</em></span> <span class='ocrx_word' id='word_1_172' title='bbox 534 1761 657 1796; x_wconf 85' lang='grc' dir='ltr'><em>Τοῦτο</em></span> <span class='ocrx_word' id='word_1_173' title='bbox 689 1761 729 1796; x_wconf 81' lang='grc' dir='ltr'><em>δὲ</em></span> 
     </span>
     <span class='ocr_line' id='line_1_30' title="bbox 59 1796 728 1853; baseline 0.003 -13"><span class='ocrx_word' id='word_1_174' title='bbox 59 1811 128 1841; x_wconf 81' lang='lat' dir='ltr'><strong>etc.</strong></span> <span class='ocrx_word' id='word_1_175' title='bbox 153 1796 261 1841; x_wconf 85' lang='lat' dir='ltr'><strong>Clem.</strong></span> <span class='ocrx_word' id='word_1_176' title='bbox 285 1805 338 1840; x_wconf 85' lang='lat' dir='ltr'><em>De</em></span> <span class='ocrx_word' id='word_1_177' title='bbox 361 1812 455 1841; x_wconf 84' lang='lat' dir='ltr'><strong>testa</strong></span> <span class='ocrx_word' id='word_1_178' title='bbox 479 1808 523 1841; x_wconf 87' lang='lat' dir='ltr'><em>cf.</em></span> <span class='ocrx_word' id='word_1_179' title='bbox 548 1808 583 1842; x_wconf 91' lang='lat' dir='ltr'><strong>in</strong></span> <span class='ocrx_word' id='word_1_180' title='bbox 606 1809 728 1853; x_wconf 76' lang='lat' dir='ltr'><strong>piimis</strong></span> 
     </span>
     <span class='ocr_line' id='line_1_31' title="bbox 58 1852 728 1888; baseline 0.001 -1"><span class='ocrx_word' id='word_1_181' title='bbox 58 1853 218 1888; x_wconf 87' lang='lat' dir='ltr'><strong>Hermias</strong></span> <span class='ocrx_word' id='word_1_182' title='bbox 251 1852 295 1886; x_wconf 90' lang='lat' dir='ltr'><em>ad</em></span> <span class='ocrx_word' id='word_1_183' title='bbox 327 1853 519 1887; x_wconf 88' lang='lat' dir='ltr'><strong>Phaedrum</strong></span> <span class='ocrx_word' id='word_1_184' title='bbox 551 1854 596 1888; x_wconf 89' lang='lat' dir='ltr'><em>ab</em></span> <span class='ocrx_word' id='word_1_185' title='bbox 629 1855 728 1888; x_wconf 87' lang='lat' dir='ltr'><strong>Astio</strong></span> 
     </span>
     <span class='ocr_line' id='line_1_32' title="bbox 59 1899 311 1944; baseline -0.004 -10"><span class='ocrx_word' id='word_1_186' title='bbox 59 1899 174 1934; x_wconf 77' lang='lat' dir='ltr'><strong>editus</strong></span> <span class='ocrx_word' id='word_1_187' title='bbox 197 1910 231 1944; x_wconf 91' lang='lat' dir='ltr'><em>p.</em></span> <span class='ocrx_word' id='word_1_188' title='bbox 254 1900 311 1933; x_wconf 82' lang='lat'><em>90.</em></span> 
     </span>
    </p>

    <p class='ocr_par' dir='ltr' id='par_1_11' title="bbox 58 1943 728 2584">
     <span class='ocr_line' id='line_1_33' title="bbox 104 1943 728 1990; baseline 0.002 -12"><span class='ocrx_word' id='word_1_189' title='bbox 104 1944 248 1990; x_wconf 81' lang='grc' dir='ltr'><em>ψυχῆς]</em></span> <span class='ocrx_word' id='word_1_190' title='bbox 281 1956 346 1979; x_wconf 86' lang='lat' dir='ltr'><em>om.</em></span> <span class='ocrx_word' id='word_1_191' title='bbox 371 1943 474 1979; x_wconf 82' lang='lat' dir='ltr'><strong>Vind.</strong></span> <span class='ocrx_word' id='word_1_192' title='bbox 501 1945 543 1979; x_wconf 94' lang='lat' dir='ltr'><em>F.</em></span> <span class='ocrx_word' id='word_1_193' title='bbox 566 1965 614 1971; x_wconf 94' lang='lat'>—</span> <span class='ocrx_word' id='word_1_194' title='bbox 646 1945 728 1979; x_wconf 88' lang='lat' dir='ltr'><strong>Cle-</strong></span> 
     </span>
     <span class='ocr_line' id='line_1_34' title="bbox 59 1990 726 2048; baseline 0.003 -23"><span class='ocrx_word' id='word_1_195' title='bbox 59 1998 158 2025; x_wconf 79' lang='lat' dir='ltr'><strong>mens</strong></span> <span class='ocrx_word' id='word_1_196' title='bbox 188 1991 211 2024; x_wconf 89' lang='lat' dir='ltr'><em>l.</em></span> <span class='ocrx_word' id='word_1_197' title='bbox 245 2003 275 2025; x_wconf 87' lang='lat' dir='ltr'><em>c.</em></span> <span class='ocrx_word' id='word_1_198' title='bbox 308 1990 349 2024; x_wconf 75' lang='lat'><em>1..</em></span> <span class='ocrx_word' id='word_1_199' title='bbox 374 1991 456 2026; x_wconf 91' lang='lat' dir='ltr'><strong>IIII.</strong></span> <span class='ocrx_word' id='word_1_200' title='bbox 491 2003 532 2048; x_wconf 93' lang='grc' dir='ltr'><em>Ρ.</em></span> <span class='ocrx_word' id='word_1_201' title='bbox 548 1992 635 2034; x_wconf 88' lang='grc'><em>575,</em></span> <span class='ocrx_word' id='word_1_202' title='bbox 660 1993 726 2027; x_wconf 87' lang='lat'><em>40:</em></span> 
     </span>
     <span class='ocr_line' id='line_1_35' title="bbox 58 2033 726 2093; baseline 0.001 -22"><span class='ocrx_word' id='word_1_203' title='bbox 58 2035 131 2081; x_wconf 79' lang='grc' dir='ltr'><em>τὴν</em></span> <span class='ocrx_word' id='word_1_204' title='bbox 147 2033 188 2071; x_wconf 83' lang='grc' dir='ltr'><em>δε</em></span> <span class='ocrx_word' id='word_1_205' title='bbox 208 2034 470 2093; x_wconf 73' lang='grc' dir='ltr'><em>μεταστροφήν</em></span> <span class='ocrx_word' id='word_1_206' title='bbox 492 2035 563 2080; x_wconf 85' lang='grc' dir='ltr'><em>τὴν</em></span> <span class='ocrx_word' id='word_1_207' title='bbox 591 2035 653 2072; x_wconf 82' lang='grc' dir='ltr'><em>ἐπὶ</em></span> <span class='ocrx_word' id='word_1_208' title='bbox 677 2037 726 2072; x_wconf 77' lang='grc' dir='ltr'><em>τὰ</em></span> 
     </span>
     <span class='ocr_line' id='line_1_36' title="bbox 59 2081 726 2140; baseline 0.003 -23"><span class='ocrx_word' id='word_1_209' title='bbox 59 2084 153 2117; x_wconf 81' lang='grc' dir='ltr'><em>θεῖα</em></span> <span class='ocrx_word' id='word_1_210' title='bbox 176 2082 214 2117; x_wconf 75' lang='grc' dir='ltr'><em>οἱ</em></span> <span class='ocrx_word' id='word_1_211' title='bbox 235 2082 302 2127; x_wconf 81' lang='grc' dir='ltr'><em>μὲν</em></span> <span class='ocrx_word' id='word_1_212' title='bbox 326 2082 494 2118; x_wconf 81' lang='grc' dir='ltr'><em>Στωϊκοὶ</em></span> <span class='ocrx_word' id='word_1_213' title='bbox 512 2081 551 2118; x_wconf 79' lang='grc' dir='ltr'><em>ἐκ</em></span> <span class='ocrx_word' id='word_1_214' title='bbox 568 2084 726 2140; x_wconf 79' lang='grc' dir='ltr'><em>μεταβο-</em></span> 
     </span>
     <span class='ocr_line' id='line_1_37' title="bbox 62 2127 726 2185; baseline 0.005 -23"><span class='ocrx_word' id='word_1_215' title='bbox 62 2128 129 2173; x_wconf 86' lang='grc' dir='ltr'><em>λῆς</em></span> <span class='ocrx_word' id='word_1_216' title='bbox 158 2128 253 2172; x_wconf 82' lang='grc' dir='ltr'><em>φασὶ</em></span> <span class='ocrx_word' id='word_1_217' title='bbox 280 2127 478 2185; x_wconf 78' lang='grc' dir='ltr'><em>γενέσθαι,</em></span> <span class='ocrx_word' id='word_1_218' title='bbox 503 2129 664 2165; x_wconf 78' lang='grc' dir='ltr'><em>Πλάτων</em></span> <span class='ocrx_word' id='word_1_219' title='bbox 685 2128 726 2165; x_wconf 77' lang='grc' dir='ltr'><em>δὲ</em></span> 
     </span>
     <span class='ocr_line' id='line_1_38' title="bbox 59 2172 726 2231; baseline 0.002 -21"><span class='ocrx_word' id='word_1_220' title='bbox 59 2175 128 2219; x_wconf 81' lang='grc' dir='ltr'><em>τῆς</em></span> <span class='ocrx_word' id='word_1_221' title='bbox 146 2176 270 2231; x_wconf 81' lang='grc' dir='ltr'><em>ψυχῆς</em></span> <span class='ocrx_word' id='word_1_222' title='bbox 291 2172 351 2209; x_wconf 79' lang='grc' dir='ltr'><em>ἐπὶ</em></span> <span class='ocrx_word' id='word_1_223' title='bbox 370 2174 418 2210; x_wconf 83' lang='grc' dir='ltr'><em>τὰ</em></span> <span class='ocrx_word' id='word_1_224' title='bbox 440 2174 579 2220; x_wconf 72' lang='grc' dir='ltr'><em>ἀμείνω</em></span> <span class='ocrx_word' id='word_1_225' title='bbox 599 2189 726 2221; x_wconf 87' lang='grc' dir='ltr'><em>περια-</em></span> 
     </span>
     <span class='ocr_line' id='line_1_39' title="bbox 60 2219 727 2278; baseline 0.003 -23"><span class='ocrx_word' id='word_1_226' title='bbox 60 2219 189 2278; x_wconf 82' lang='grc' dir='ltr'><em>γωγὴν</em></span> <span class='ocrx_word' id='word_1_227' title='bbox 219 2219 407 2266; x_wconf 80' lang='grc' dir='ltr'><em>λαβούσης</em></span> <span class='ocrx_word' id='word_1_228' title='bbox 436 2221 501 2257; x_wconf 82' lang='grc' dir='ltr'><em>καὶ</em></span> <span class='ocrx_word' id='word_1_229' title='bbox 522 2234 727 2278; x_wconf 83' lang='grc' dir='ltr'><em>μεταστρο-</em></span> 
     </span>
     <span class='ocr_line' id='line_1_40' title="bbox 59 2264 728 2356; baseline 0.003 -9"><span class='ocrx_word' id='word_1_230' title='bbox 59 2264 196 2347; x_wconf 44' lang='lat'><em>{725²</em></span> <span class='ocrx_word' id='word_1_231' title='bbox 214 2269 435 2356; x_wconf 54' lang='grc' dir='ltr'><em>’ἷυξῖἓῗιῖἒῖ</em></span> <span class='ocrx_word' id='word_1_232' title='bbox 450 2265 728 2368; x_wconf 56' lang='grc' dir='ltr'><em>τξῖοῗῗιέῖῖρῖῗ</em></span> 
     </span>
     <span class='ocr_line' id='line_1_41' title="bbox 60 2325 726 2417; baseline 0.003 -24"><span class='ocrx_word' id='word_1_233' title='bbox 60 2356 83 2399; x_wconf 76' lang='grc' dir='ltr'><em>ὁ</em></span> <span class='ocrx_word' id='word_1_234' title='bbox 93 2325 306 2394; x_wconf 44' lang='lat' dir='ltr'><em>moiffmv’</em></span> <span class='ocrx_word' id='word_1_235' title='bbox 288 2356 328 2393; x_wconf 77' lang='grc' dir='ltr'><em>ἐν</em></span> <span class='ocrx_word' id='word_1_236' title='bbox 347 2371 415 2417; x_wconf 80' lang='grc' dir='ltr'><em>μεν</em></span> <span class='ocrx_word' id='word_1_237' title='bbox 432 2360 484 2407; x_wconf 80' lang='grc' dir='ltr'><em>τῷ</em></span> <span class='ocrx_word' id='word_1_238' title='bbox 499 2358 654 2416; x_wconf 72' lang='grc' dir='ltr'><em>ἑβδόμῳ</em></span> <span class='ocrx_word' id='word_1_239' title='bbox 657 2362 726 2406; x_wconf 86' lang='grc' dir='ltr'><em>τῆς</em></span> 
     </span>
     <span class='ocr_line' id='line_1_42' title="bbox 59 2396 726 2463; baseline 0.003 -24"><span class='ocrx_word' id='word_1_240' title='bbox 59 2405 259 2445; x_wconf 80' lang='grc' dir='ltr'><em>Πολιτείας</em></span> <span class='ocrx_word' id='word_1_241' title='bbox 284 2403 355 2461; x_wconf 83' lang='grc' dir='ltr'><em>τὴν</em></span> <span class='ocrx_word' id='word_1_242' title='bbox 383 2396 554 2441; x_wconf 74' lang='grc' dir='ltr'><em>ἐνταῦθα</em></span> <span class='ocrx_word' id='word_1_243' title='bbox 582 2404 726 2463; x_wconf 78' lang='grc' dir='ltr'><em>ἡμέραν</em></span> 
     </span>
     <span class='ocr_line' id='line_1_43' title="bbox 58 2449 726 2502; baseline 0.004 -17"><span class='ocrx_word' id='word_1_244' title='bbox 58 2449 276 2496; x_wconf 81' lang='grc' dir='ltr'><em>νυκτερινὴν</em></span> <span class='ocrx_word' id='word_1_245' title='bbox 312 2449 484 2502; x_wconf 82' lang='grc' dir='ltr'><em>κέκληκεν</em></span> <span class='ocrx_word' id='word_1_246' title='bbox 531 2451 595 2487; x_wconf 89' lang='grc' dir='ltr'><em>δια</em></span> <span class='ocrx_word' id='word_1_247' title='bbox 635 2451 726 2494; x_wconf 79' lang='grc' dir='ltr'><em>τούς</em></span> 
     </span>
     <span class='ocr_line' id='line_1_44' title="bbox 59 2497 725 2553; baseline 0.005 -21"><span class='ocrx_word' id='word_1_248' title='bbox 59 2497 373 2553; x_wconf 78' lang='grc' dir='ltr'><em>κοσμοκράτορας,</em></span> <span class='ocrx_word' id='word_1_249' title='bbox 399 2502 521 2544; x_wconf 88' lang='grc' dir='ltr'><em>οἱμαι,</em></span> <span class='ocrx_word' id='word_1_250' title='bbox 546 2500 615 2534; x_wconf 85' lang='grc' dir='ltr'><em>τοῦ</em></span> <span class='ocrx_word' id='word_1_251' title='bbox 638 2498 725 2535; x_wconf 86' lang='grc' dir='ltr'><em>σκό</em></span> 
     </span>
     <span class='ocr_line' id='line_1_45' title="bbox 58 2542 318 2584; baseline 0 -6"><span class='ocrx_word' id='word_1_252' title='bbox 58 2555 148 2584; x_wconf 80' lang='grc' dir='ltr'><em>τους</em></span> <span class='ocrx_word' id='word_1_253' title='bbox 167 2542 318 2578; x_wconf 86' lang='grc' dir='ltr'><em>τούτου.</em></span> 
     </span>
    </p>

    <p class='ocr_par' dir='ltr' id='par_1_12' title="bbox 105 2586 606 2646">
     <span class='ocr_line' id='line_1_46' title="bbox 105 2586 606 2646; baseline 0.002 -22"><span class='ocrx_word' id='word_1_254' title='bbox 105 2586 285 2635; x_wconf 77' lang='grc' dir='ltr'><em>ἡμέρας]</em></span> <span class='ocrx_word' id='word_1_255' title='bbox 276 2589 426 2646; x_wconf 53' lang='lat' dir='ltr'><em>‚poleas</em></span> <span class='ocrx_word' id='word_1_256' title='bbox 448 2590 541 2626; x_wconf 90' lang='lat' dir='ltr'><strong>Mon.</strong></span> <span class='ocrx_word' id='word_1_257' title='bbox 565 2591 606 2625; x_wconf 91' lang='grc' dir='ltr'><em>Β.</em></span> 
     </span>
    </p>

    <p class='ocr_par' dir='ltr' id='par_1_13' title="bbox 59 2637 725 2769">
     <span class='ocr_line' id='line_1_47' title="bbox 102 2637 725 2690; baseline 0 -19"><span class='ocrx_word' id='word_1_258' title='bbox 102 2637 237 2690; x_wconf 83' lang='grc' dir='ltr'><em>ουτος]</em></span> <span class='ocrx_word' id='word_1_259' title='bbox 273 2648 391 2686; x_wconf 86' lang='grc' dir='ltr'><em>οντως</em></span> <span class='ocrx_word' id='word_1_260' title='bbox 422 2637 524 2673; x_wconf 90' lang='lat' dir='ltr'><strong>Vind.</strong></span> <span class='ocrx_word' id='word_1_261' title='bbox 549 2637 590 2673; x_wconf 92' lang='lat' dir='ltr'><em>B.</em></span> <span class='ocrx_word' id='word_1_262' title='bbox 616 2637 725 2672; x_wconf 86' lang='lat' dir='ltr'><strong>Clem.</strong></span> 
     </span>
     <span class='ocr_line' id='line_1_48' title="bbox 59 2678 724 2730; baseline 0.003 -14"><span class='ocrx_word' id='word_1_263' title='bbox 59 2681 154 2716; x_wconf 87' lang='lat' dir='ltr'><strong>cuius</strong></span> <span class='ocrx_word' id='word_1_264' title='bbox 193 2678 565 2723; x_wconf 66' lang='lat' dir='ltr'><strong>cod.F10r.‹’›&#39;vwg</strong></span> <span class='ocrx_word' id='word_1_265' title='bbox 602 2680 724 2730; x_wconf 73' lang='grc' dir='ltr'><em>ὄντος,</em></span> 
     </span>
     <span class='ocr_line' id='line_1_49' title="bbox 59 2724 609 2769; baseline 0.004 -8"><span class='ocrx_word' id='word_1_266' title='bbox 59 2727 227 2763; x_wconf 82' lang='lat' dir='ltr'><strong>ottobon.</strong></span> <span class='ocrx_word' id='word_1_267' title='bbox 250 2739 332 2763; x_wconf 79' lang='lat' dir='ltr'><strong>vero</strong></span> <span class='ocrx_word' id='word_1_268' title='bbox 357 2724 469 2769; x_wconf 78' lang='grc' dir='ltr'><em>ὄντος</em></span> <span class='ocrx_word' id='word_1_269' title='bbox 493 2730 609 2765; x_wconf 85' lang='lat' dir='ltr'><strong>habet.</strong></span> 
     </span>
    </p>

    <p class='ocr_par' dir='ltr' id='par_1_14' title="bbox 105 2768 726 2819">
     <span class='ocr_line' id='line_1_50' title="bbox 105 2768 726 2819; baseline 0.005 -11"><span class='ocrx_word' id='word_1_270' title='bbox 105 2768 252 2819; x_wconf 71' lang='grc' dir='ltr'><em>οὖσαν]</em></span> <span class='ocrx_word' id='word_1_271' title='bbox 288 2786 354 2809; x_wconf 84' lang='lat' dir='ltr'><em>om.</em></span> <span class='ocrx_word' id='word_1_272' title='bbox 389 2775 474 2809; x_wconf 89' lang='lat' dir='ltr'><strong>Ven.</strong></span> <span class='ocrx_word' id='word_1_273' title='bbox 507 2776 547 2809; x_wconf 90' lang='lat' dir='ltr'><em>B.</em></span> <span class='ocrx_word' id='word_1_274' title='bbox 593 2772 726 2816; x_wconf 80' lang='grc' dir='ltr'><em>ἰούσας</em></span> 
     </span>
    </p>
   </div>
   <div class='ocr_carea' id='block_1_7' title="bbox 61 2813 724 2866">
    <p class='ocr_par' dir='ltr' id='par_1_15' title="bbox 61 2813 724 2866">
     <span class='ocr_line' id='line_1_51' title="bbox 61 2813 724 2866; baseline 0.005 -12"><span class='ocrx_word' id='word_1_275' title='bbox 61 2818 137 2855; x_wconf 81' lang='lat' dir='ltr'><strong>Ald.</strong></span> <span class='ocrx_word' id='word_1_276' title='bbox 170 2821 253 2856; x_wconf 68' lang='lat' dir='ltr'><strong>Bas.</strong></span> <span class='ocrx_word' id='word_1_277' title='bbox 287 2813 344 2856; x_wconf 78' lang='lat' dir='ltr'><em>ah.</em></span> <span class='ocrx_word' id='word_1_278' title='bbox 393 2819 521 2866; x_wconf 85' lang='grc' dir='ltr'><em>ἰούσης</em></span> <span class='ocrx_word' id='word_1_279' title='bbox 554 2821 649 2858; x_wconf 88' lang='grc' dir='ltr'><em>Μοιι.</em></span> <span class='ocrx_word' id='word_1_280' title='bbox 682 2823 724 2857; x_wconf 89' lang='grc' dir='ltr'><em>Β.</em></span> 
     </span>
    </p>
   </div>
   <div class='ocr_carea' id='block_1_8' title="bbox 773 1020 1458 2867">
    <p class='ocr_par' dir='ltr' id='par_1_16' title="bbox 779 1020 1458 2867">
     <span class='ocr_line' id='line_1_52' title="bbox 790 1020 1456 1066; baseline 0.003 -12"><span class='ocrx_word' id='word_1_281' title='bbox 790 1021 870 1054; x_wconf 91' lang='lat' dir='ltr'><strong>Par.</strong></span> <span class='ocrx_word' id='word_1_282' title='bbox 894 1020 971 1055; x_wconf 90' lang='lat' dir='ltr'><em>DK.</em></span> <span class='ocrx_word' id='word_1_283' title='bbox 996 1021 1090 1055; x_wconf 89' lang='lat' dir='ltr'><strong>Flor.</strong></span> <span class='ocrx_word' id='word_1_284' title='bbox 1115 1021 1160 1055; x_wconf 91' lang='lat' dir='ltr'><em>U.</em></span> <span class='ocrx_word' id='word_1_285' title='bbox 1195 1021 1317 1066; x_wconf 85' lang='lat' dir='ltr'><strong>Steph.</strong></span> <span class='ocrx_word' id='word_1_286' title='bbox 1341 1025 1378 1055; x_wconf 84' lang='lat' dir='ltr'><strong>et</strong></span> <span class='ocrx_word' id='word_1_287' title='bbox 1400 1032 1456 1056; x_wconf 89' lang='lat' dir='ltr'><em>re-</em></span> 
     </span>
     <span class='ocr_line' id='line_1_53' title="bbox 791 1066 1458 1112; baseline 0.001 -11"><span class='ocrx_word' id='word_1_288' title='bbox 791 1067 984 1109; x_wconf 82' lang='lat' dir='ltr'><strong>centiores;</strong></span> <span class='ocrx_word' id='word_1_289' title='bbox 1016 1067 1106 1112; x_wconf 89' lang='lat' dir='ltr'><strong>quod</strong></span> <span class='ocrx_word' id='word_1_290' title='bbox 1139 1066 1221 1101; x_wconf 88' lang='lat' dir='ltr'><strong>mihi</strong></span> <span class='ocrx_word' id='word_1_291' title='bbox 1257 1079 1323 1102; x_wconf 92' lang='lat' dir='ltr'><em>non</em></span> <span class='ocrx_word' id='word_1_292' title='bbox 1348 1067 1458 1102; x_wconf 67' lang='lat' dir='ltr'><strong>soltun</strong></span> 
     </span>
     <span class='ocr_line' id='line_1_54' title="bbox 791 1113 1454 1158; baseline 0.003 -12"><span class='ocrx_word' id='word_1_293' title='bbox 791 1116 933 1158; x_wconf 71' lang='lat' dir='ltr'><strong>propter</strong></span> <span class='ocrx_word' id='word_1_294' title='bbox 959 1113 1094 1148; x_wconf 85' lang='lat' dir='ltr'><strong>codices</strong></span> <span class='ocrx_word' id='word_1_295' title='bbox 1119 1113 1367 1158; x_wconf 80' lang='lat' dir='ltr'><strong>respuendum,</strong></span> <span class='ocrx_word' id='word_1_296' title='bbox 1392 1115 1454 1148; x_wconf 77' lang='lat' dir='ltr'><em>sed</em></span> 
     </span>
     <span class='ocr_line' id='line_1_55' title="bbox 789 1159 1457 1204; baseline 0.004 -12"><span class='ocrx_word' id='word_1_297' title='bbox 789 1159 893 1193; x_wconf 87' lang='lat' dir='ltr'><strong>etiam</strong></span> <span class='ocrx_word' id='word_1_298' title='bbox 917 1171 978 1204; x_wconf 83' lang='lat' dir='ltr'><strong>per</strong></span> <span class='ocrx_word' id='word_1_299' title='bbox 1002 1171 1039 1193; x_wconf 85' lang='lat' dir='ltr'><em>se</em></span> <span class='ocrx_word' id='word_1_300' title='bbox 1061 1160 1167 1193; x_wconf 86' lang='lat' dir='ltr'><strong>multo</strong></span> <span class='ocrx_word' id='word_1_301' title='bbox 1191 1159 1342 1194; x_wconf 79' lang='lat' dir='ltr'><strong>deterius</strong></span> <span class='ocrx_word' id='word_1_302' title='bbox 1360 1160 1457 1195; x_wconf 86' lang='lat' dir='ltr'><strong>vide-</strong></span> 
     </span>
     <span class='ocr_line' id='line_1_56' title="bbox 789 1203 1458 1251; baseline 0.004 -13"><span class='ocrx_word' id='word_1_303' title='bbox 789 1210 858 1238; x_wconf 87' lang='lat' dir='ltr'><strong>tur.</strong></span> <span class='ocrx_word' id='word_1_304' title='bbox 905 1205 996 1239; x_wconf 83' lang='lat' dir='ltr'><em>Nam</em></span> <span class='ocrx_word' id='word_1_305' title='bbox 1019 1203 1150 1249; x_wconf 83' lang='grc' dir='ltr'><em>ἰούσης</em></span> <span class='ocrx_word' id='word_1_306' title='bbox 1179 1206 1304 1250; x_wconf 83' lang='grc' dir='ltr'><em>ψυχῆς</em></span> <span class='ocrx_word' id='word_1_307' title='bbox 1327 1218 1458 1251; x_wconf 83' lang='grc' dir='ltr'><em>περια-</em></span> 
     </span>
     <span class='ocr_line' id='line_1_57' title="bbox 787 1248 1457 1307; baseline 0.004 -23"><span class='ocrx_word' id='word_1_308' title='bbox 787 1248 885 1305; x_wconf 68' lang='grc' dir='ltr'><em>γωγή</em></span> <span class='ocrx_word' id='word_1_309' title='bbox 909 1251 1106 1296; x_wconf 82' lang='lat' dir='ltr'><strong>significata</strong></span> <span class='ocrx_word' id='word_1_310' title='bbox 1129 1252 1162 1286; x_wconf 93' lang='lat' dir='ltr'><em>h.</em></span> <span class='ocrx_word' id='word_1_311' title='bbox 1183 1254 1206 1286; x_wconf 94' lang='lat' dir='ltr'><em>l.</em></span> <span class='ocrx_word' id='word_1_312' title='bbox 1227 1264 1304 1286; x_wconf 85' lang='lat' dir='ltr'><strong>esse</strong></span> <span class='ocrx_word' id='word_1_313' title='bbox 1311 1254 1457 1307; x_wconf 84' lang='lat' dir='ltr'><strong>nequit,</strong></span> 
     </span>
     <span class='ocr_line' id='line_1_58' title="bbox 789 1297 1456 1343; baseline 0.004 -13"><span class='ocrx_word' id='word_1_314' title='bbox 789 1299 916 1343; x_wconf 81' lang='lat' dir='ltr'><strong>quippe</strong></span> <span class='ocrx_word' id='word_1_315' title='bbox 946 1310 1035 1342; x_wconf 86' lang='lat' dir='ltr'><strong>quae</strong></span> <span class='ocrx_word' id='word_1_316' title='bbox 1069 1298 1152 1331; x_wconf 84' lang='lat' dir='ltr'><strong>nihil</strong></span> <span class='ocrx_word' id='word_1_317' title='bbox 1176 1297 1265 1332; x_wconf 84' lang='lat' dir='ltr'><strong>aliud</strong></span> <span class='ocrx_word' id='word_1_318' title='bbox 1292 1298 1356 1341; x_wconf 85' lang='lat' dir='ltr'><strong>sit,</strong></span> <span class='ocrx_word' id='word_1_319' title='bbox 1391 1299 1456 1333; x_wconf 90' lang='lat' dir='ltr'><strong>nisi</strong></span> 
     </span>
     <span class='ocr_line' id='line_1_59' title="bbox 786 1343 1456 1389; baseline 0.004 -13"><span class='ocrx_word' id='word_1_320' title='bbox 786 1343 985 1377; x_wconf 85' lang='lat' dir='ltr'><strong>‹leturbatio</strong></span> <span class='ocrx_word' id='word_1_321' title='bbox 1019 1344 1141 1378; x_wconf 76' lang='lat' dir='ltr'><strong>mentis</strong></span> <span class='ocrx_word' id='word_1_322' title='bbox 1165 1348 1202 1378; x_wconf 84' lang='lat' dir='ltr'><strong>et</strong></span> <span class='ocrx_word' id='word_1_323' title='bbox 1225 1356 1246 1378; x_wconf 88' lang='lat' dir='ltr'><strong>a</strong></span> <span class='ocrx_word' id='word_1_324' title='bbox 1269 1350 1365 1379; x_wconf 73' lang='lat' dir='ltr'><strong>recta</strong></span> <span class='ocrx_word' id='word_1_325' title='bbox 1388 1345 1456 1389; x_wconf 84' lang='lat' dir='ltr'><strong>via,</strong></span> 
     </span>
     <span class='ocr_line' id='line_1_60' title="bbox 784 1389 1454 1436; baseline 0.004 -13"><span class='ocrx_word' id='word_1_326' title='bbox 784 1401 888 1435; x_wconf 85' lang='lat' dir='ltr'><strong>quam</strong></span> <span class='ocrx_word' id='word_1_327' title='bbox 921 1390 1054 1434; x_wconf 80' lang='lat' dir='ltr'>ingredi</span> <span class='ocrx_word' id='word_1_328' title='bbox 1093 1389 1161 1424; x_wconf 83' lang='lat' dir='ltr'><strong>iam</strong></span> <span class='ocrx_word' id='word_1_329' title='bbox 1203 1391 1378 1436; x_wconf 70' lang='lat' dir='ltr'><strong>coepelit,</strong></span> <span class='ocrx_word' id='word_1_330' title='bbox 1418 1392 1454 1426; x_wconf 91' lang='lat' dir='ltr'><strong>in</strong></span> 
     </span>
     <span class='ocr_line' id='line_1_61' title="bbox 787 1436 1455 1482; baseline 0.003 -13"><span class='ocrx_word' id='word_1_331' title='bbox 787 1447 928 1481; x_wconf 86' lang='lat' dir='ltr'><strong>pravam</strong></span> <span class='ocrx_word' id='word_1_332' title='bbox 954 1436 1139 1471; x_wconf 79' lang='lat' dir='ltr'><strong>revocatio.</strong></span> <span class='ocrx_word' id='word_1_333' title='bbox 1187 1437 1311 1482; x_wconf 88' lang='lat' dir='ltr'><strong>Itaque</strong></span> <span class='ocrx_word' id='word_1_334' title='bbox 1336 1448 1376 1471; x_wconf 88' lang='lat' dir='ltr'><em>ea</em></span> <span class='ocrx_word' id='word_1_335' title='bbox 1400 1437 1455 1471; x_wconf 87' lang='lat' dir='ltr'><strong>in—</strong></span> 
     </span>
     <span class='ocr_line' id='line_1_62' title="bbox 786 1481 1454 1527; baseline 0.004 -12"><span class='ocrx_word' id='word_1_336' title='bbox 786 1482 897 1526; x_wconf 83' lang='lat' dir='ltr'><strong>telligi</strong></span> <span class='ocrx_word' id='word_1_337' title='bbox 933 1481 1066 1525; x_wconf 82' lang='lat' dir='ltr'><strong>debet,</strong></span> <span class='ocrx_word' id='word_1_338' title='bbox 1112 1493 1181 1527; x_wconf 87' lang='lat' dir='ltr'><em>qua</em></span> <span class='ocrx_word' id='word_1_339' title='bbox 1215 1494 1309 1516; x_wconf 86' lang='lat' dir='ltr'><strong>mens</strong></span> <span class='ocrx_word' id='word_1_340' title='bbox 1342 1483 1454 1518; x_wconf 74' lang='grc' dir='ltr'><em>ἰοῦσα</em></span> 
     </span>
     <span class='ocr_line' id='line_1_63' title="bbox 787 1526 1454 1585; baseline 0.004 -24"><span class='ocrx_word' id='word_1_341' title='bbox 787 1528 874 1570; x_wconf 82' lang='lat' dir='ltr'><strong>fiat,</strong></span> <span class='ocrx_word' id='word_1_342' title='bbox 900 1528 1024 1572; x_wconf 84' lang='grc' dir='ltr'><em>ψυχῆς</em></span> <span class='ocrx_word' id='word_1_343' title='bbox 1043 1526 1251 1585; x_wconf 76' lang='grc' dir='ltr'><em>περιαγωγὴ</em></span> <span class='ocrx_word' id='word_1_344' title='bbox 1274 1529 1327 1568; x_wconf 83' lang='grc' dir='ltr'><em>εἰς</em></span> <span class='ocrx_word' id='word_1_345' title='bbox 1344 1527 1388 1564; x_wconf 85' lang='grc' dir='ltr'><em>τὸ</em></span> <span class='ocrx_word' id='word_1_346' title='bbox 1415 1527 1454 1564; x_wconf 79' lang='grc' dir='ltr'><em>ἐκ</em></span> 
     </span>
     <span class='ocr_line' id='line_1_64' title="bbox 786 1572 1453 1632; baseline 0.003 -24"><span class='ocrx_word' id='word_1_347' title='bbox 786 1575 1001 1630; x_wconf 82' lang='grc' dir='ltr'><em>νυκτερινῆς</em></span> <span class='ocrx_word' id='word_1_348' title='bbox 1019 1572 1123 1614; x_wconf 82' lang='grc' dir='ltr'><em>τινὸς</em></span> <span class='ocrx_word' id='word_1_349' title='bbox 1141 1573 1283 1632; x_wconf 75' lang='grc' dir='ltr'><em>ἡμέρας</em></span> <span class='ocrx_word' id='word_1_350' title='bbox 1295 1575 1356 1614; x_wconf 83' lang='grc' dir='ltr'><em>εἰς</em></span> <span class='ocrx_word' id='word_1_351' title='bbox 1368 1572 1453 1620; x_wconf 77' lang='grc' dir='ltr'><em>άλη-</em></span> 
     </span>
     <span class='ocr_line' id='line_1_65' title="bbox 785 1613 1454 1665; baseline 0.003 -11"><span class='ocrx_word' id='word_1_352' title='bbox 785 1618 903 1665; x_wconf 77' lang='grc' dir='ltr'><em>θινὴν</em></span> <span class='ocrx_word' id='word_1_353' title='bbox 918 1621 986 1655; x_wconf 80' lang='grc' dir='ltr'><em>τοῦ</em></span> <span class='ocrx_word' id='word_1_354' title='bbox 1007 1616 1118 1660; x_wconf 87' lang='grc' dir='ltr'><em>ὄντος</em></span> <span class='ocrx_word' id='word_1_355' title='bbox 1136 1619 1233 1655; x_wconf 83' lang='grc' dir='ltr'><em>ἰέναι</em></span> <span class='ocrx_word' id='word_1_356' title='bbox 1254 1613 1454 1656; x_wconf 74' lang='grc' dir='ltr'><em>ἐπάνοδον.</em></span> 
     </span>
     <span class='ocr_line' id='line_1_66' title="bbox 787 1667 1454 1713; baseline 0.004 -13"><span class='ocrx_word' id='word_1_357' title='bbox 787 1670 892 1712; x_wconf 89' lang='lat' dir='ltr'><strong>atque</strong></span> <span class='ocrx_word' id='word_1_358' title='bbox 915 1667 963 1700; x_wconf 87' lang='lat' dir='ltr'><em>ita</em></span> <span class='ocrx_word' id='word_1_359' title='bbox 995 1667 1205 1711; x_wconf 85' lang='lat' dir='ltr'><strong>Stephanum</strong></span> <span class='ocrx_word' id='word_1_360' title='bbox 1230 1668 1373 1713; x_wconf 84' lang='lat' dir='ltr'><strong>eiusque</strong></span> <span class='ocrx_word' id='word_1_361' title='bbox 1397 1680 1454 1703; x_wconf 82' lang='lat' dir='ltr'><em>as-</em></span> 
     </span>
     <span class='ocr_line' id='line_1_67' title="bbox 785 1713 1455 1757; baseline 0.004 -11"><span class='ocrx_word' id='word_1_362' title='bbox 785 1715 896 1747; x_wconf 87' lang='lat' dir='ltr'><strong>seclas</strong></span> <span class='ocrx_word' id='word_1_363' title='bbox 942 1713 1088 1757; x_wconf 79' lang='lat' dir='ltr'><strong>intelligi</strong></span> <span class='ocrx_word' id='word_1_364' title='bbox 1135 1713 1285 1748; x_wconf 86' lang='lat' dir='ltr'><strong>voluisse</strong></span> <span class='ocrx_word' id='word_1_365' title='bbox 1324 1726 1455 1750; x_wconf 87' lang='lat' dir='ltr'><strong>comma</strong></span> 
     </span>
     <span class='ocr_line' id='line_1_68' title="bbox 786 1757 1453 1805; baseline 0.004 -13"><span class='ocrx_word' id='word_1_366' title='bbox 786 1760 828 1793; x_wconf 85' lang='lat' dir='ltr'><em>ab</em></span> <span class='ocrx_word' id='word_1_367' title='bbox 864 1760 914 1793; x_wconf 90' lang='lat' dir='ltr'><strong>eis</strong></span> <span class='ocrx_word' id='word_1_368' title='bbox 949 1763 1028 1805; x_wconf 83' lang='lat' dir='ltr'><strong>post</strong></span> <span class='ocrx_word' id='word_1_369' title='bbox 1061 1757 1270 1804; x_wconf 74' lang='grc' dir='ltr'><em>περιαγωγὴ</em></span> <span class='ocrx_word' id='word_1_370' title='bbox 1306 1761 1453 1805; x_wconf 86' lang='lat' dir='ltr'><strong>positum</strong></span> 
     </span>
     <span class='ocr_line' id='line_1_69' title="bbox 785 1805 1450 1841; baseline 0.005 -3"><span class='ocrx_word' id='word_1_371' title='bbox 785 1805 950 1840; x_wconf 82' lang='lat' dir='ltr'><strong>declarat.</strong></span> <span class='ocrx_word' id='word_1_372' title='bbox 998 1805 1068 1839; x_wconf 82' lang='lat' dir='ltr'><em>Sed</em></span> <span class='ocrx_word' id='word_1_373' title='bbox 1093 1807 1234 1840; x_wconf 84' lang='lat' dir='ltr'><strong>eandem</strong></span> <span class='ocrx_word' id='word_1_374' title='bbox 1259 1818 1356 1840; x_wconf 88' lang='lat' dir='ltr'><strong>nemo</strong></span> <span class='ocrx_word' id='word_1_375' title='bbox 1381 1819 1450 1841; x_wconf 90' lang='lat' dir='ltr'><em>non</em></span> 
     </span>
     <span class='ocr_line' id='line_1_70' title="bbox 783 1851 1453 1909; baseline 0.003 -25"><span class='ocrx_word' id='word_1_376' title='bbox 783 1851 882 1885; x_wconf 81' lang='lat' dir='ltr'><strong>videt</strong></span> <span class='ocrx_word' id='word_1_377' title='bbox 921 1851 1060 1885; x_wconf 87' lang='lat' dir='ltr'><strong>brevius</strong></span> <span class='ocrx_word' id='word_1_378' title='bbox 1093 1856 1128 1886; x_wconf 87' lang='lat' dir='ltr'><strong>et</strong></span> <span class='ocrx_word' id='word_1_379' title='bbox 1167 1853 1295 1886; x_wconf 81' lang='lat' dir='ltr'><strong>certius</strong></span> <span class='ocrx_word' id='word_1_380' title='bbox 1321 1854 1453 1909; x_wconf 81' lang='grc' dir='ltr'><em>ψυχῆς</em></span> 
     </span>
     <span class='ocr_line' id='line_1_71' title="bbox 784 1895 1451 1943; baseline 0.005 -12"><span class='ocrx_word' id='word_1_381' title='bbox 784 1895 1018 1942; x_wconf 85' lang='grc' dir='ltr'><em>περιαγωγὴν</em></span> <span class='ocrx_word' id='word_1_382' title='bbox 1040 1897 1092 1937; x_wconf 75' lang='grc' dir='ltr'><em>εἰς</em></span> <span class='ocrx_word' id='word_1_383' title='bbox 1111 1895 1330 1943; x_wconf 75' lang='grc' dir='ltr'><em>άληθινὴν’</em></span> <span class='ocrx_word' id='word_1_384' title='bbox 1313 1899 1451 1934; x_wconf 79' lang='grc' dir='ltr'><em>επάνο-</em></span> 
     </span>
     <span class='ocr_line' id='line_1_72' title="bbox 786 1944 1452 1988; baseline 0.006 -11"><span class='ocrx_word' id='word_1_385' title='bbox 786 1944 855 1978; x_wconf 90' lang='grc' dir='ltr'><em>δον</em></span> <span class='ocrx_word' id='word_1_386' title='bbox 879 1944 958 1978; x_wconf 81' lang='lat' dir='ltr'><strong>dici.</strong></span> <span class='ocrx_word' id='word_1_387' title='bbox 1005 1944 1129 1988; x_wconf 83' lang='lat' dir='ltr'><strong>Neque</strong></span> <span class='ocrx_word' id='word_1_388' title='bbox 1161 1945 1342 1979; x_wconf 89' lang='lat' dir='ltr'><strong>obscurum</strong></span> <span class='ocrx_word' id='word_1_389' title='bbox 1373 1958 1452 1982; x_wconf 87' lang='lat' dir='ltr'><strong>esse</strong></span> 
     </span>
     <span class='ocr_line' id='line_1_73' title="bbox 784 1987 1450 2036; baseline 0.005 -13"><span class='ocrx_word' id='word_1_390' title='bbox 784 1994 919 2035; x_wconf 86' lang='lat' dir='ltr'><strong>potest,</strong></span> <span class='ocrx_word' id='word_1_391' title='bbox 950 1990 1031 2036; x_wconf 87' lang='lat' dir='ltr'><strong>quid</strong></span> <span class='ocrx_word' id='word_1_392' title='bbox 1055 1991 1103 2025; x_wconf 89' lang='lat' dir='ltr'><em>sit</em></span> <span class='ocrx_word' id='word_1_393' title='bbox 1125 1991 1194 2025; x_wconf 84' lang='grc' dir='ltr'><em>τοῦ</em></span> <span class='ocrx_word' id='word_1_394' title='bbox 1225 1987 1335 2032; x_wconf 89' lang='grc' dir='ltr'><em>ὄντος</em></span> <span class='ocrx_word' id='word_1_395' title='bbox 1361 1988 1450 2026; x_wconf 79' lang='grc' dir='ltr'><em>ἐπά·</em></span> 
     </span>
     <span class='ocr_line' id='line_1_74' title="bbox 783 2036 1451 2084; baseline 0.003 -14"><span class='ocrx_word' id='word_1_396' title='bbox 783 2036 908 2079; x_wconf 85' lang='grc' dir='ltr'><em>νοδος,</em></span> <span class='ocrx_word' id='word_1_397' title='bbox 932 2048 1000 2081; x_wconf 86' lang='lat' dir='ltr'><em>qua</em></span> <span class='ocrx_word' id='word_1_398' title='bbox 1023 2037 1170 2071; x_wconf 80' lang='lat' dir='ltr'><strong>dictione</strong></span> <span class='ocrx_word' id='word_1_399' title='bbox 1184 2037 1347 2071; x_wconf 87' lang='lat' dir='ltr'><strong>Alcinous</strong></span> <span class='ocrx_word' id='word_1_400' title='bbox 1364 2050 1451 2084; x_wconf 93' lang='lat' dir='ltr'><strong>quo-</strong></span> 
     </span>
     <span class='ocr_line' id='line_1_75' title="bbox 783 2082 1450 2128; baseline 0.005 -13"><span class='ocrx_word' id='word_1_401' title='bbox 783 2094 851 2127; x_wconf 87' lang='lat' dir='ltr'><em>que</em></span> <span class='ocrx_word' id='word_1_402' title='bbox 884 2082 920 2115; x_wconf 91' lang='lat' dir='ltr'><strong>in</strong></span> <span class='ocrx_word' id='word_1_403' title='bbox 954 2083 1018 2116; x_wconf 89' lang='lat' dir='ltr'><em>hac</em></span> <span class='ocrx_word' id='word_1_404' title='bbox 1050 2094 1088 2116; x_wconf 90' lang='lat' dir='ltr'><em>re</em></span> <span class='ocrx_word' id='word_1_405' title='bbox 1120 2083 1227 2116; x_wconf 85' lang='lat' dir='ltr'><strong>utitur</strong></span> <span class='ocrx_word' id='word_1_406' title='bbox 1249 2083 1335 2128; x_wconf 81' lang='lat' dir='ltr'><strong>isag.</strong></span> <span class='ocrx_word' id='word_1_407' title='bbox 1362 2096 1390 2119; x_wconf 82' lang='lat' dir='ltr'><em>c.</em></span> <span class='ocrx_word' id='word_1_408' title='bbox 1415 2087 1450 2121; x_wconf 88' lang='lat'><em>7.</em></span> 
     </span>
     <span class='ocr_line' id='line_1_76' title="bbox 786 2128 1450 2175; baseline 0.005 -14"><span class='ocrx_word' id='word_1_409' title='bbox 786 2129 842 2162; x_wconf 88' lang='lat' dir='ltr'><em>Cf.</em></span> <span class='ocrx_word' id='word_1_410' title='bbox 876 2128 1076 2169; x_wconf 84' lang='lat' dir='ltr'><strong>Bernhardy</strong></span> <span class='ocrx_word' id='word_1_411' title='bbox 1111 2133 1201 2172; x_wconf 68' lang='lat' dir='ltr'><strong>s3nt.</strong></span> <span class='ocrx_word' id='word_1_412' title='bbox 1235 2129 1374 2175; x_wconf 81' lang='lat' dir='ltr'><strong>p.174.</strong></span> <span class='ocrx_word' id='word_1_413' title='bbox 1413 2137 1450 2165; x_wconf 83' lang='lat' dir='ltr'><strong>et</strong></span> 
     </span>
     <span class='ocr_line' id='line_1_77' title="bbox 773 2174 1452 2230; baseline 0.006 -23.054"><span class='ocrx_word' id='word_1_414' title='bbox 773 2174 1007 2230; x_wconf 38' lang='lat' dir='ltr'><strong>‘Apollodorus</strong></span> <span class='ocrx_word' id='word_1_415' title='bbox 1037 2175 1163 2218; x_wconf 68' lang='lat' dir='ltr'><strong>He&gt;nii</strong></span> <span class='ocrx_word' id='word_1_416' title='bbox 1199 2188 1230 2218; x_wconf 84' lang='lat' dir='ltr'><strong>p</strong></span> <span class='ocrx_word' id='word_1_417' title='bbox 1263 2178 1342 2211; x_wconf 68' lang='lat'><strong>200.</strong></span> <span class='ocrx_word' id='word_1_418' title='bbox 1383 2177 1452 2221; x_wconf 86' lang='grc' dir='ltr'><em>τῆς</em></span> 
     </span>
     <span class='ocr_line' id='line_1_78' title="bbox 773 2216 1450 2274; baseline 0.006 -21.066"><span class='ocrx_word' id='word_1_419' title='bbox 773 2216 900 2255; x_wconf 80' lang='grc' dir='ltr'><em>Ἅιδου</em></span> <span class='ocrx_word' id='word_1_420' title='bbox 930 2219 1173 2274; x_wconf 78' lang='grc' dir='ltr'><em>καταβάσεως</em></span> <span class='ocrx_word' id='word_1_421' title='bbox 1197 2219 1353 2265; x_wconf 86' lang='grc' dir='ltr'><em>στόαιον</em></span> <span class='ocrx_word' id='word_1_422' title='bbox 1388 2235 1450 2257; x_wconf 87' lang='lat' dir='ltr'><em>ea-</em></span> 
     </span>
     <span class='ocr_line' id='line_1_79' title="bbox 783 2267 1449 2320; baseline 0.005 -20"><span class='ocrx_word' id='word_1_423' title='bbox 783 2267 858 2300; x_wconf 86' lang='lat' dir='ltr'><em>dem</em></span> <span class='ocrx_word' id='word_1_424' title='bbox 883 2267 1016 2301; x_wconf 85' lang='lat' dir='ltr'><strong>ratione</strong></span> <span class='ocrx_word' id='word_1_425' title='bbox 1038 2268 1166 2302; x_wconf 89' lang='lat' dir='ltr'><strong>dicens.</strong></span> <span class='ocrx_word' id='word_1_426' title='bbox 1208 2268 1309 2320; x_wconf 85' lang='lat' dir='ltr'><em>Quod</em></span> <span class='ocrx_word' id='word_1_427' title='bbox 1335 2272 1449 2303; x_wconf 87' lang='lat' dir='ltr'><strong>autem</strong></span> 
     </span>
     <span class='ocr_line' id='line_1_80' title="bbox 783 2309 1447 2358; baseline 0.005 -12"><span class='ocrx_word' id='word_1_428' title='bbox 783 2313 828 2347; x_wconf 84' lang='lat' dir='ltr'><em>ad</em></span> <span class='ocrx_word' id='word_1_429' title='bbox 853 2309 1039 2358; x_wconf 72' lang='grc' dir='ltr'><em>ἀληθινήν</em></span> <span class='ocrx_word' id='word_1_430' title='bbox 1073 2314 1176 2347; x_wconf 85' lang='lat' dir='ltr'><strong>etiam</strong></span> <span class='ocrx_word' id='word_1_431' title='bbox 1208 2324 1326 2348; x_wconf 84' lang='grc' dir='ltr'><em>ουσαν</em></span> <span class='ocrx_word' id='word_1_432' title='bbox 1351 2315 1447 2349; x_wconf 90' lang='lat' dir='ltr'><strong>addi-</strong></span> 
     </span>
     <span class='ocr_line' id='line_1_81' title="bbox 781 2359 1449 2404; baseline 0.004 -11"><span class='ocrx_word' id='word_1_433' title='bbox 781 2359 854 2401; x_wconf 85' lang='lat' dir='ltr'><strong>dit,</strong></span> <span class='ocrx_word' id='word_1_434' title='bbox 877 2360 1004 2404; x_wconf 87' lang='lat' dir='ltr'><strong>partim</strong></span> <span class='ocrx_word' id='word_1_435' title='bbox 1025 2360 1170 2404; x_wconf 84' lang='lat' dir='ltr'><strong>proximi</strong></span> <span class='ocrx_word' id='word_1_436' title='bbox 1195 2372 1307 2400; x_wconf 85' lang='grc' dir='ltr'><em>οντος</em></span> <span class='ocrx_word' id='word_1_437' title='bbox 1326 2372 1449 2396; x_wconf 83' lang='lat' dir='ltr'><strong>caussa</strong></span> 
     </span>
     <span class='ocr_line' id='line_1_82' title="bbox 780 2406 1448 2451; baseline 0.001 -11"><span class='ocrx_word' id='word_1_438' title='bbox 780 2407 909 2440; x_wconf 84' lang='lat' dir='ltr'><strong>factum</strong></span> <span class='ocrx_word' id='word_1_439' title='bbox 932 2406 1042 2440; x_wconf 83' lang='lat' dir='ltr'><strong>videri</strong></span> <span class='ocrx_word' id='word_1_440' title='bbox 1063 2410 1198 2451; x_wconf 82' lang='lat' dir='ltr'><strong>potest,</strong></span> <span class='ocrx_word' id='word_1_441' title='bbox 1232 2406 1342 2450; x_wconf 84' lang='lat' dir='ltr'><strong>magis</strong></span> <span class='ocrx_word' id='word_1_442' title='bbox 1366 2419 1448 2442; x_wconf 90' lang='lat' dir='ltr'><strong>vero</strong></span> 
     </span>
     <span class='ocr_line' id='line_1_83' title="bbox 781 2452 1446 2497; baseline 0.002 -11"><span class='ocrx_word' id='word_1_443' title='bbox 781 2452 826 2486; x_wconf 83' lang='lat' dir='ltr'><em>ad</em></span> <span class='ocrx_word' id='word_1_444' title='bbox 858 2452 1046 2497; x_wconf 85' lang='lat' dir='ltr'><strong>augendam</strong></span> <span class='ocrx_word' id='word_1_445' title='bbox 1078 2452 1238 2486; x_wconf 73' lang='lat' dir='ltr'><strong>veiitatis</strong></span> <span class='ocrx_word' id='word_1_446' title='bbox 1271 2452 1446 2496; x_wconf 78' lang='lat' dir='ltr'><strong>significa-</strong></span> 
     </span>
     <span class='ocr_line' id='line_1_84' title="bbox 779 2498 1449 2552; baseline 0.001 -20"><span class='ocrx_word' id='word_1_447' title='bbox 779 2499 906 2533; x_wconf 88' lang='lat' dir='ltr'><strong>tionem</strong></span> <span class='ocrx_word' id='word_1_448' title='bbox 936 2499 1097 2552; x_wconf 81' lang='lat' dir='ltr'><strong>pertinet.</strong></span> <span class='ocrx_word' id='word_1_449' title='bbox 1154 2499 1245 2532; x_wconf 86' lang='lat' dir='ltr'><strong>Sunt</strong></span> <span class='ocrx_word' id='word_1_450' title='bbox 1285 2498 1372 2532; x_wconf 90' lang='lat' dir='ltr'><strong>enim</strong></span> <span class='ocrx_word' id='word_1_451' title='bbox 1413 2503 1449 2533; x_wconf 77' lang='lat' dir='ltr'><strong>et</strong></span> 
     </span>
     <span class='ocr_line' id='line_1_85' title="bbox 780 2541 1448 2587; baseline 0.003 -9"><span class='ocrx_word' id='word_1_452' title='bbox 780 2545 870 2578; x_wconf 80' lang='lat' dir='ltr'><strong>aliae</strong></span> <span class='ocrx_word' id='word_1_453' title='bbox 894 2542 1075 2579; x_wconf 78' lang='grc' dir='ltr'><em>ἐπάνοδοι</em></span> <span class='ocrx_word' id='word_1_454' title='bbox 1096 2541 1164 2578; x_wconf 82' lang='lat' dir='ltr'><em>ov&#39;n</em></span> <span class='ocrx_word' id='word_1_455' title='bbox 1186 2541 1367 2587; x_wconf 79' lang='grc' dir='ltr'><em>άληθιναι</em></span> <span class='ocrx_word' id='word_1_456' title='bbox 1381 2545 1448 2580; x_wconf 79' lang='grc' dir='ltr'><em>οὐ·</em></span> 
     </span>
     <span class='ocr_line' id='line_1_86' title="bbox 781 2589 1449 2635; baseline 0.003 -11"><span class='ocrx_word' id='word_1_457' title='bbox 781 2601 865 2634; x_wconf 89' lang='grc' dir='ltr'><em>σαι,</em></span> <span class='ocrx_word' id='word_1_458' title='bbox 914 2602 1000 2635; x_wconf 89' lang='lat' dir='ltr'><strong>quas</strong></span> <span class='ocrx_word' id='word_1_459' title='bbox 1042 2590 1202 2634; x_wconf 84' lang='lat' dir='ltr'><strong>vulgares</strong></span> <span class='ocrx_word' id='word_1_460' title='bbox 1244 2589 1334 2624; x_wconf 90' lang='lat' dir='ltr'><strong>illius</strong></span> <span class='ocrx_word' id='word_1_461' title='bbox 1367 2591 1449 2626; x_wconf 81' lang='lat' dir='ltr'><strong>aevi</strong></span> 
     </span>
     <span class='ocr_line' id='line_1_87' title="bbox 780 2633 1448 2682; baseline 0.002 -11"><span class='ocrx_word' id='word_1_462' title='bbox 780 2637 938 2680; x_wconf 81' lang='lat' dir='ltr'><strong>magistii</strong></span> <span class='ocrx_word' id='word_1_463' title='bbox 957 2635 1016 2682; x_wconf 86' lang='grc' dir='ltr'><em>(οι</em></span> <span class='ocrx_word' id='word_1_464' title='bbox 1034 2636 1087 2676; x_wconf 88' lang='grc' dir='ltr'><em>εἰς</em></span> <span class='ocrx_word' id='word_1_465' title='bbox 1105 2636 1335 2681; x_wconf 83' lang='grc' dir='ltr'><em>φιλοσοφίαν</em></span> <span class='ocrx_word' id='word_1_466' title='bbox 1354 2633 1448 2672; x_wconf 74' lang='grc' dir='ltr'><em>οἶνοί</em></span> 
     </span>
     <span class='ocr_line' id='line_1_88' title="bbox 780 2682 1450 2727; baseline 0.001 -10"><span class='ocrx_word' id='word_1_467' title='bbox 780 2693 909 2727; x_wconf 86' lang='grc' dir='ltr'><em>γοντες</em></span> <span class='ocrx_word' id='word_1_468' title='bbox 939 2694 972 2727; x_wconf 89' lang='grc' dir='ltr'><em>Ρ.</em></span> <span class='ocrx_word' id='word_1_469' title='bbox 1008 2684 1088 2718; x_wconf 75' lang='grc'><em>529.</em></span> <span class='ocrx_word' id='word_1_470' title='bbox 1118 2682 1179 2727; x_wconf 89' lang='grc' dir='ltr'><em>Α.)</em></span> <span class='ocrx_word' id='word_1_471' title='bbox 1212 2684 1450 2718; x_wconf 77' lang='lat' dir='ltr'><strong>monstrabant</strong></span> 
     </span>
     <span class='ocr_line' id='line_1_89' title="bbox 781 2729 1448 2774; baseline 0.001 -11"><span class='ocrx_word' id='word_1_472' title='bbox 781 2730 826 2763; x_wconf 85' lang='lat' dir='ltr'><em>ab</em></span> <span class='ocrx_word' id='word_1_473' title='bbox 850 2740 893 2763; x_wconf 89' lang='lat' dir='ltr'><em>ea</em></span> <span class='ocrx_word' id='word_1_474' title='bbox 917 2729 1153 2774; x_wconf 83' lang='lat' dir='ltr'><strong>philosophia,</strong></span> <span class='ocrx_word' id='word_1_475' title='bbox 1187 2739 1289 2774; x_wconf 89' lang='lat' dir='ltr'><strong>quam</strong></span> <span class='ocrx_word' id='word_1_476' title='bbox 1319 2730 1448 2764; x_wconf 84' lang='lat' dir='ltr'><strong>Socra-</strong></span> 
     </span>
     <span class='ocr_line' id='line_1_90' title="bbox 783 2775 1449 2820; baseline 0.003 -12"><span class='ocrx_word' id='word_1_477' title='bbox 783 2778 837 2809; x_wconf 84' lang='lat' dir='ltr'><strong>tes</strong></span> <span class='ocrx_word' id='word_1_478' title='bbox 868 2785 989 2810; x_wconf 73' lang='lat' dir='ltr'><strong>veram</strong></span> <span class='ocrx_word' id='word_1_479' title='bbox 1022 2778 1214 2817; x_wconf 81' lang='lat' dir='ltr'><strong>statueret,</strong></span> <span class='ocrx_word' id='word_1_480' title='bbox 1254 2775 1356 2820; x_wconf 86' lang='lat' dir='ltr'><strong>longe</strong></span> <span class='ocrx_word' id='word_1_481' title='bbox 1390 2787 1449 2810; x_wconf 84' lang='lat' dir='ltr'><em>re-</em></span> 
     </span>
     <span class='ocr_line' id='line_1_91' title="bbox 782 2821 1445 2867; baseline 0.002 -11"><span class='ocrx_word' id='word_1_482' title='bbox 782 2821 876 2857; x_wconf 85' lang='lat' dir='ltr'><strong>moti.</strong></span> <span class='ocrx_word' id='word_1_483' title='bbox 923 2822 1045 2867; x_wconf 85' lang='lat' dir='ltr'><strong>Itaque</strong></span> <span class='ocrx_word' id='word_1_484' title='bbox 1067 2821 1103 2856; x_wconf 88' lang='lat' dir='ltr'><strong>in</strong></span> <span class='ocrx_word' id='word_1_485' title='bbox 1133 2821 1357 2867; x_wconf 83' lang='lat' dir='ltr'><strong>sequentibus</strong></span> <span class='ocrx_word' id='word_1_486' title='bbox 1378 2833 1445 2857; x_wconf 89' lang='lat' dir='ltr'><em>non</em></span> 
     </span>
    </p>
   </div>
   <div class='ocr_carea' id='block_1_9' title="bbox 1179 2877 1254 2919">
    <p class='ocr_par' dir='ltr' id='par_1_17' title="bbox 1179 2877 1254 2919">
     <span class='ocr_line' id='line_1_92' title="bbox 1179 2877 1254 2919; baseline -0.027 0"><span class='ocrx_word' id='word_1_487' title='bbox 1179 2877 1254 2919; x_wconf 65' lang='lat' dir='ltr'><em>SQ</em></span> 
     </span>
    </p>
   </div>
  </div>
 </body>
</html>
