1807 3219
267 129 352 169 160

719 123 1197 167 PLATONIS

173 249 242 284 490
265 236 470 294 κάγαθόν
500 235 722 292 ἐσόμενον.
763 235 909 293 ἡγεῖτο
941 233 982 279 δ’
1017 234 1161 292 αὐτῷ,
1198 236 1235 278 εἰ
1263 238 1329 293 νῷ
1357 234 1486 292 ἔχεις,
1526 242 1649 293 πρῶ-

262 323 342 350 τον
372 306 449 361 μὲν
482 304 691 360 ἀλήθεια,
732 303 790 361 ἢν
820 302 996 347 διώκειν
1027 301 1163 346 αὐτὸν
1189 301 1364 354 πάντως
1401 303 1476 346 καὶ
1511 303 1651 361 πάντη

263 374 371 426 ἔδει,
412 373 440 430 ἢ
471 372 648 424 αλαζόνι
678 372 773 415 ὄντι
812 373 989 428 μηδαμῇ
1024 375 1214 427 μετεῖναι
1253 372 1522 426 φιλοσοφίας
1551 371 1651 428 ἄλη-

262 447 406 498 θινῆς.

459 437 541 484 ’Hv
570 439 653 496 γὰρ
685 438 802 483 ου’τω
833 438 1078 496 λεγόμενον.
1114 437 1294 483 Οὐκοῦν
1329 440 1378 482 ἑν
1414 439 1493 495 μὲν
1521 444 1653 484 τοῦτο

265 509 443 567 σφόδρα
487 507 604 552 οὕτω
647 508 766 563 παρὰ
809 507 942 560 δόξαν
983 513 1075 559 τοῖς
1110 512 1194 551 νῦν
1235 507 1526 562 δοκουμένοις
1555 508 1657 562 περὶ

266 578 431 628 αὐτοῦς
480 577 571 619 Καὶ
600 574 737 633 μάλα,
783 576 880 633 ἓᾞφη
931 570 1016 631 AQ'
1050 570 1134 619 οὖν
1165 575 1217 632 δὴ
1248 574 1302 619 οὐ
1332 577 1517 632 μετρίως
1548 574 1656 620 ἄπο-

264 644 571 702 λογησόμεθα,
620 643 688 687 ὅτι
723 644 836 698 πρὸς
867 643 916 688 τό
952 643 1004 688 ὂν
1032 643 1242 699 πεφυκώς
1283 646 1349 701 εἴη
1389 643 1657 701 ἁμιλλᾶσθαι

265 715 292 760 ὅ
321 732 369 772 γε
401 713 538 764 ὅντως
567 711 820 769 φιλομαθής
851 712 928 756 καὶ
966 710 1051 757 οὐκ
1081 710 1275 768 ἐπιμένοι
1305 712 1374 757 ἐπὶ
1403 719 1496 766 τοῖς
1527 716 1656 767 δοξα-

311 860 508 918 κὰγαθὸν]
543 858 627 906 κᾷγ.
652 860 733 894 editi
756 864 835 895 ante
859 861 934 897 Ast.

266 910 330 944 καὶ
350 907 520 962 ἀγαθὸν
525 908 628 942 Vind.
653 907 693 940 F.

176 959 247 993 490
315 954 380 1000 ⁷{y8
366 957 462 1000 ito]
498 951 630 999 ήγείτω
655 953 741 988 Lob.
776 949 860 998 ἡγεῖ
881 953 934 988 vc&

270 1004 349 1038 Vat.
375 1003 431 1036 H.-

317 1046 357 1083 δ
357 1049 378 1104 ]
407 1046 445 1081 δὲ
470 1045 572 1079 Vind.
595 1045 672 1079 EF.

317 1092 444 1140 αὐτῷ]
473 1089 600 1125 αὐτῶν
622 1090 722 1126 Vind.
747 1090 821 1125 EF.
845 1091 933 1135 Ang.

269 1143 312 1176 Β.
336 1152 452 1185 margo
486 1138 581 1172 Flor.
606 1138 647 1172 A.
693 1134 816 1171 αὐτοῦ
841 1137 936 1173 Μοιι.

316 1231 394 1279 νῷ]
430 1229 469 1265 ἐν
499 1223 529 1275 ᾦ
555 1239 671 1272 margo
703 1228 796 1262 Flor.
822 1228 864 1263 A.
897 1224 937 1261 ἓν

271 1280 326 1326 νῷ
353 1280 443 1312 F.lor
468 1277 546 1310 RT.
570 1275 671 1311 Vind.
696 1274 770 1308 EF
794 1275 881 1318 Ang.
897 1275 935 1309 Β.

268 1314 309 1360 εἰς’
337 1326 397 1358 int.
428 1334 518 1356 vers.
563 1334 583 1355 a
619 1320 937 1365 111.s.adse1ipta

268 1369 524 1417 praepositione
556 1367 659 1403 Vind.
692 1366 731 1399 B.
767 1367 860 1400 Mon.
893 1367 935 1401 B.

268 1418 424 1452 Eandem
447 1428 468 1449 a
502 1414 676 1458 Stephano
710 1412 745 1445 in
775 1423 816 1445 m.
843 1424 934 1446 com-

270 1464 461 1498 mendatam
485 1460 603 1494 Astius
621 1471 663 1492 ne
683 1459 717 1491 in
735 1458 839 1491 tertia
858 1458 936 1502 qui-

270 1511 347 1544 dem
371 1510 424 1543 ed.
445 1505 665 1542 omittendam
686 1504 830 1548 putavit.
853 1504 936 1537 Vul-

270 1561 387 1601 gatam
419 1558 455 1588 et
489 1552 577 1586 ratio
618 1555 655 1584 et
690 1550 824 1594 linguae
854 1561 935 1584 usus

270 1607 396 1637 tuetur.
445 1597 736 1640 Quemadmodum
760 1597 795 1630 in
813 1595 936 1629 dictio-

272 1650 372 1682 nibus
404 1646 456 1693 νῷ
488 1643 615 1687 λαβεῖν
651 1642 937 1686 (Herodot.111.

275 1681 938 1730 143.V.91.V111.19.cl.111.41.

273 1742 329 1775 51.
365 1740 425 1773 ubi
457 1736 590 1771 codices
623 1735 761 1779 quidam
805 1731 844 1767 ἐν
877 1734 940 1768 ad-

275 1787 376 1830 dunt)
396 1782 503 1828 φρενὶ
527 1781 652 1825 λαβεῖν
666 1780 812 1837 (Iderod.
824 1780 938 1815 VIIII.

275 1835 330 1868 10.
355 1832 414 1865 ubi
437 1831 519 1864 item
543 1830 622 1861 sunt
645 1826 703 1871 qui
727 1824 765 1860 ἐν
790 1826 941 1860 additum

274 1877 451 1920 habeant)
486 1871 580 1919 λόγῳ
611 1873 739 1918 λαβεῖν
773 1872 885 1915 (Leg.
911 1873 940 1906 I.

277 1927 357 1961 638.
385 1924 426 1957 C.
459 1925 494 1955 et
527 1931 639 1964 saepe.
673 1920 716 1952 cf.
748 1918 942 1952 Boeckhius

277 1972 322 2005 ad
347 1970 429 2005 Min
453 1965 610 2013 p.124)
635 1965 789 2019 λογισμῷ
816 1964 942 2009 λαβεῖν

278 2018 454 2071 (parmen.
453 1980 557 2048 Ρ130.
580 2013 639 2064 A.)
665 2012 713 2044 ita
736 2011 770 2044 in
793 2012 857 2044 hac
880 2011 943 2044 da-

278 2064 369 2098 tivus
392 2058 609 2095 instrumenti
633 2062 704 2099 est,
729 2069 796 2112 quo
821 2068 941 2101 perce—

278 2113 374 2163 ptum
398 2107 532 2146 animo,
555 2102 597 2139 τὸ
623 2100 850 2147 εἰλημμένον,
875 2115 942 2148 quo

279 2155 407 2188 ιιιίιιιι5
421 2152 575 2193 excidat,
607 2150 783 2183 retinetur.
831 2151 944 2194 Atque

277 2201 329 2236 ita
353 2198 548 2242 Euthyphr.
580 2208 613 2241 p.
638 2198 671 2230 2.
697 2196 735 2229 B.
761 2207 860 2240 quem
893 2196 941 2229 lo-

279 2260 354 2282 cum
387 2247 488 2280 etiam
539 2243 716 2276 Bekkerus
750 2241 786 2275 in
825 2253 942 2276 comm.

278 2292 427 2328 conferri
450 2289 567 2330 iussit,
601 2288 639 2322 εἰ
655 2299 739 2322 τινα
766 2288 819 2333 νῷ
853 2286 943 2330 ἔχεις

278 2336 430 2374 Πιτθέα
462 2333 569 2379 Mean
573 2346 638 2368 τον
677 2334 731 2368 vel
778 2322 943 2367 Μ’έλιτον

279 2396 395 2421 omnes
420 2383 499 2416 libri
532 2393 599 2415 uno
623 2381 707 2415 ven.
734 2380 772 2413 Β.
800 2385 943 2436 excepto

281 2444 343 2478 pro
369 2430 507 2474 vulgato
541 2427 580 2461 εἴ
607 2423 674 2460 τιν’
705 2423 743 2460 ἐν
772 2426 824 2471 νῷ
857 2424 948 2469 ἔχεις

281 2479 431 2518 habent,
457 2479 492 2508 et
515 2473 681 2508 Herodot.
704 2473 746 2507 V.
770 2474 825 2507 92.
852 2472 948 2506 cuius

283 2521 525 2558 Stallbaumius
548 2519 747 2553 mentionem
765 2518 858 2561 fecit,
877 2518 948 2551 Πε-

284 2569 460 2623 ρίανδρος
481 2564 521 2600 δὲ
553 2563 687 2602 συνιεις
715 2561 759 2598 τὸ
788 2544 950 2619 ποιηθὲν

283 2614 348 2650 καὶ
371 2612 464 2659 νόῳ
491 2612 622 2656 ἴσχων
647 2606 698 2649 ω’ς·
719 2608 754 2644 οἳ
774 2606 950 2643 υπετιθε-

285 2674 328 2696 το
362 2648 627 2713 Θρασύβουλος
666 2654 757 2695 τοὺς
798 2652 949 2700 νπειρό-

285 2720 373 2752 χους
395 2706 471 2740 τῶν
500 2715 624 2737 αστων
654 2701 836 2746 φονεῦσαι
870 2713 951 2735 con-

287 2760 383 2788 stans
421 2755 456 2786 et
488 2754 584 2784 certa
617 2749 718 2783 lectio
760 2744 824 2782 est.
880 2748 952 2782 Sed

288 2800 345 2834 ubi
367 2796 553 2835 infinitivus
576 2795 751 2842 sequitur,
785 2798 824 2828 ut
847 2806 952 2841 supra

991 861 1031 894 L.
1059 860 1086 894 Ι.
1120 871 1190 905 pag
1167 860 1304 904 g-344.
1328 860 1370 894 D.
1407 859 1468 918 (ἐν
1486 861 1541 907 νῷ
1564 858 1657 904 εἶχεν

993 903 1165 956 απιέναι)
1190 907 1235 941 II.
1260 908 1340 941 362.
1358 907 1400 941 D.
1425 896 1523 951 (glria
1531 905 1597 950 μὲν
1619 919 1658 940 εν

989 953 1044 999 νῷ
1071 950 1170 996 εἰχόν
1199 965 1234 985 τι
1268 950 1409 998 λέγειν)
1451 953 1659 999 praepositio

990 1001 1113 1034 abesse
1135 998 1263 1043 nequit.

1036 1042 1210 1087 παντως]
1238 1055 1390 1078 παντων
1413 1043 1500 1079 Lob.

1037 1089 1132 1134 ἔδει]
1172 1088 1236 1134 ἕδη
1272 1091 1367 1125 Μοιι.
1398 1091 1438 1125 Β.
1476 1102 1498 1125 a
1530 1103 1572 1124 m.
1604 1102 1658 1136 pr.

993 1137 1092 1172 debet
1116 1136 1189 1171 Fic.

1040 1179 1194 1223 οἰλαζόνι
1213 1177 1308 1227 ὄντι]
1324 1178 1562 1223 ἄλαζόνιόντι
1570 1183 1657 1218 Lob.

993 1229 1156 1263 Timaeus
1179 1228 1245 1262 lex.
1282 1240 1359 1272 pag.
1384 1231 1451 1263 21:
1491 1226 1657 1270 ἀλαζών·

992 1272 1116 1319 ’ψευδ’
1121 1286 1148 1313 ς.
1198 1274 1253 1307 Cf.
1294 1275 1516 1308 Ruhnkenius
1544 1281 1578 1309 et
1602 1286 1658 1319 sy-

994 1333 1072 1364 nag.
1130 1320 1249 1354 ekkexi
1274 1322 1392 1356 anecd.
1419 1334 1453 1366 p.
1478 1322 1569 1363 374,
1593 1324 1659 1356 20.

994 1364 1154 1400 Πλάτων
1196 1364 1236 1400 δὲ
1265 1364 1442 1408 οἷλαζόσιν
1472 1365 1558 1402 ἀντὶ
1588 1368 1660 1402 τοῦ

990 1410 1183 1456 ψεύσταις.

1037 1457 1218 1503 μηδαμῇ]
1270 1459 1429 1503 μηδαμῆ
1470 1459 1553 1493 editi
1584 1462 1665 1494 ante

991 1505 1195 1561 Bekkerum.

1035 1547 1100 1605 εν]
1129 1548 1166 1584 ἐν
1192 1549 1291 1586 Vind.
1317 1551 1357 1585 F.
1385 1563 1406 1585 a
1428 1563 1473 1585 m.
1498 1563 1552 1596 pr.

1031 1594 1113 1675 μὲιιζι]
1137 1594 1204 1640 μὲν
1226 1596 1296 1631 οὐν
1320 1597 1399 1632 kar.
1408 1597 1451 1632 K.
1472 1597 1658 1632 secundum

994 1644 1069 1679 Bek

1040 1685 1155 1732 οὕτω]
1181 1692 1259 1722 ante
1285 1686 1444 1744 σφόδρα
1455 1689 1542 1725 Lob.
1564 1689 1662 1723 Vind.

995 1737 1036 1769 Β.
1061 1736 1141 1770 Vat.
1166 1735 1246 1770 ΒΜ.
1270 1736 1368 1768 male.
1395 1731 1496 1769 οὑτω
1524 1748 1566 1769 ex
1582 1736 1666 1769 Adi-

995 1781 1102 1815 manti
1133 1781 1249 1815 verbis
1283 1782 1478 1837 repetitum
1499 1786 1534 1815 et
1557 1794 1661 1837 piae-

996 1828 1066 1861 cise
1091 1827 1218 1860 dictum
1249 1831 1303 1861 est
1333 1839 1395 1873 pro
1429 1823 1529 1862 οὕτω
1564 1825 1665 1872 λεγό-

996 1885 1110 1917 μενον
1134 1873 1199 1928 η’ν.

1044 1916 1149 1962 παρὰ
1171 1916 1301 1963 δόξαν]
1326 1917 1547 1963 παραδόξαν
1562 1919 1666 1956 Vind.

1000 1966 1043 2000 Ε.
1093 1965 1194 2005 Quod
1231 1965 1442 2018 opinionibus
1477 1967 1665 2011 opinionem

999 2011 1146 2052 tribuit,
1190 2012 1245 2044 cui
1275 2010 1311 2044 id
1346 2018 1533 2056 repugnet,
1577 2012 1667 2056 quod

998 2057 1065 2102 ipsi
1091 2057 1251 2099 dixe1int,
1271 2058 1499 2102 negligentius
1519 2059 1668 2092 fortasse

998 2105 1126 2137 factum
1150 2107 1226 2144 est,
1260 2104 1321 2137 sed
1355 2104 1487 2137 minime
1510 2104 1599 2145 tale,
1629 2107 1669 2138 ut

1000 2151 1217 2194 corruptelae
1260 2149 1486 2194 suspicionem
1526 2149 1669 2184 iniicere

999 2196 1128 2248 possit,
1174 2207 1240 2228 non
1272 2196 1400 2239 magis,
1449 2207 1550 2241 quam
1584 2196 1668 2230 illud

1001 2237 1121 2284 ου’τω,
1158 2241 1193 2274 in
1217 2253 1285 2284 quo
1320 2241 1563 2276 Stallbaumius
1586 2243 1670 2276 hae-

1000 2288 1056 2322 sit.
1091 2285 1195 2343 παρὰ
1223 2285 1338 2329 δόξαν
1369 2288 1457 2321 idem
1489 2288 1668 2333 significat,

1001 2333 1090 2379 quod
1106 2331 1317 2414 4ἐναντίον.
1379 2334 1477 2368 conf.
1511 2335 1554 2369 L.
1587 2335 1669 2369 VH.

1006 2422 1194 2506 v.‘{.²’'ffl²’
1206 2422 1670 2518 ὲῦἵῖέῗέὲὲὒιῼὲἛιὲ

1005 2518 1136 2552 kerum.

1049 2561 1188 2619 ςμάλα]
1212 2560 1302 2606 μάλ’
1328 2563 1428 2598 Vind.
1452 2563 1492 2600 F.
1517 2565 1604 2609 Ang.
1628 2564 1670 2600 Β.

1056 2606 1116 2664 Αρ’
1130 2611 1142 2653 ]
1165 2607 1224 2653 αρ’
1251 2610 1350 2645 Vind.
1373 2610 1417 2644 F.

1044 2653 1400 2711 ἀπολογησόμεθα]
1435 2652 1672 2701 ἄπολογηθη·

1008 2699 1155 2744 σόμεθα
1186 2702 1264 2735 Par.
1299 2702 1343 2736 K.
1393 2703 1506 2735 Astius
1538 2702 1572 2735 in
1603 2715 1672 2738 sec.

1009 2748 1161 2781 offensus
1173 2748 1334 2791 optativis
1350 2748 1569 2792 sequentibus
1584 2745 1672 2782 οἷπε-

1009 2790 1247 2838 λογησαμεθα
1276 2794 1436 2840 scripsit,
1468 2795 1558 2840 quod
1586 2798 1615 2829 si
1638 2795 1672 2828 in
