1807 3219
16 1606 56 1648 D

446 138 783 180 CIVITAS
828 140 949 183 LIB.
980 143 1054 184 Vl.
1084 148 1150 181 511

1400 143 1485 183 245

101 252 305 307 λέγεσθαι
333 249 569 306 ἐπιστήμης
597 253 680 294 τοῦ
710 249 838 303 ὄντος
865 268 912 296 τε
940 253 1014 296 καὶ
1043 256 1209 309 νοητοῦ
1227 249 1483 306 θεωρούμε-

99 336 204 371 νον,
240 318 269 375 ἢ
297 319 347 370 τὸ
377 316 464 362 ὑπὸ
496 322 585 361 τῶν
612 323 775 375 τεχνῶν
806 322 1112 376 καλουμένων,
1144 318 1214 372 αἶς
1241 320 1288 362 αἱ
1314 316 1483 362 ὑποθέ-

99 399 189 440 σεις
219 385 348 443 ἀρχαὶ
376 386 450 430 καὶ
492 388 666 446 διανοίᾳ
695 387 775 441 μὲν
810 388 1152 445 ἀναγκάζονται,
1192 386 1302 432 ἀλλὰ
1330 387 1389 444 μή
1415 388 1482 431 αἰ-

96 455 327 514 σθήσεσιν,
360 452 470 497 αὐτοὶ
498 458 690 499 θεᾶσθαι
720 457 765 499 οἱ
794 456 1039 512 θεώμενοι,
1070 457 1143 500 διὰ
1171 455 1218 500 δὲ
1245 455 1296 500 τὸ
1326 455 1385 512 μή
1418 453 1481 500 ἐπ’
1505 462 1546 503 D

96 523 236 580 ἀρχὴν
275 522 535 574 ἀνελθόντες
566 529 774 577 σκοπεῖν,
827 522 924 568 ἀλλ’
969 524 1012 576 ἐξ
1050 521 1329 576 ὑποθέσεων,
1368 526 1482 567 νοῦν

96 591 179 637 οὐκ
208 593 343 648 ἴσχειν
366 591 463 646 περὶ
493 589 604 635 αὐτοὶ
637 594 822 637 δοκοῦσι’
852 605 944 643 σοι,
974 593 1118 635 καίτοι
1144 596 1317 649 νοητῶν
1337 590 1482 635 ὄντων

94 659 201 716 μετὰ
239 657 387 716 ἀρχῆς.
440 657 645 704 διάνοιαν
694 661 741 705 δὲ
780 666 931 705 καλεῖν
972 676 1049 715 μοι
1088 661 1232 712 δοκεῖς
1270 659 1351 716 τὴν
1391 663 1482 703 τῶν

46 743 55 755 ¹
94 732 399 785 γεωμετρικῶν
436 745 480 771 τε
511 729 584 772 καὶ
624 728 706 785 τήν
749 733 840 773 τῶν
880 724 1098 773 τοιούτων
1127 727 1240 782 ἕξιν,
1292 725 1390 772 ἀλλ’
1424 726 1480 772 οὐ

91 801 231 850 νοῦν,
265 795 326 848 ῶς
355 796 514 852 μεταξύ
540 814 582 840 τι
610 797 738 854 δόξης
767 814 811 841 τε
840 797 915 842 καὶ
944 800 1029 840 νοῦ
1057 795 1137 853 τὴν
1170 794 1375 840 διάνοιαν
1402 790 1480 840 οὖ-

93 878 192 910 σαν.

247 862 531 918 Ἱκανώτατα,
561 859 616 922 ἦν
646 865 688 910 δ’
720 865 824 922 ἐγώ,
854 863 1058 917 ἀπεδέξω.
1089 866 1165 908 καί
1192 881 1268 920 μοι
1296 863 1366 907 ἐπὶ
1387 869 1480 916 τοῖς

92 934 291 989 τέτταρσι
319 932 509 990 τμήμασι
540 934 724 991 τέτταρα
762 939 900 979 ταῦτα
930 930 1170 989 παθήματα
1200 932 1247 976 ἓν
1276 935 1330 990 τῇ
1359 936 1480 990 ψυχῇ

136 1100 395 1158 καλουμένων]
428 1102 641 1147 καλουμὲνω
676 1105 754 1139 vat.

92 1148 136 1182 H.
161 1162 197 1182 τι
218 1147 455 1192 καλουμένων
480 1151 563 1189 Ven.
588 1152 628 1185 Β
656 1152 753 1185 Vind.

92 1194 130 1228 F.
155 1208 192 1229 τι
209 1193 438 1238 καλούμενον
457 1196 558 1232 Vind.
562 1197 610 1232 Ε.
635 1197 671 1231 τί
688 1210 752 1231 κα·

90 1239 255 1291 λουμένῳ
281 1241 372 1276 Flor.
391 1242 464 1275 Ac.

136 1285 198 1327 αἶς
222 1276 275 1332 αἱ]
294 1284 359 1327 οἷς
384 1288 468 1323 Ven.
492 1288 532 1323 B.

135 1334 306 1388 διανοία]
356 1333 541 1378 διανοίαι,
593 1346 613 1367 a
648 1346 690 1368 ιιι.
724 1345 753 1368 s.

89 1377 280 1422 διάνοιαι,
307 1379 404 1416 Vind.
430 1381 470 1414 F

132 1424 373 1470 αἰσθήσεσιν]
398 1424 573 1471 αἰσθήσει
597 1426 696 1461 Vind.
710 1428 752 1461 Ε.

87 1472 173 1516 Ang.
197 1472 236 1505 B.
259 1472 440 1527 micanum
464 1474 543 1507 Vat.
569 1473 614 1507 H.

133 1517 171 1552 οἱ
189 1515 388 1564 θεώμενοι]
415 1517 581 1563 οἰόμενοι
604 1519 697 1553 Μοιι.
711 1520 751 1553 Β.

84 1575 106 1598 a
129 1575 374 1654 ἲνεῗιζόντες]
406 1611 461 1645 Ita
485 1611 565 1646 Par.
589 1611 629 1646 A.
666 1611 753 1646 Lob.

87 1656 191 1691 Vind.
222 1657 328 1690 BEF.
364 1657 442 1692 Vat.
475 1657 556 1692 ΒΜ.
590 1659 675 1692 V.en
710 1659 751 1691 B.

85 1703 174 1747 Ang.
196 1703 238 1738 B.
271 1703 364 1738 Flor.
396 1704 536 1737 ACTV.
587 1700 753 1738 ἀνελθὸν

87 1749 180 1782 Μοιι.
205 1750 244 1783 Β.
279 1744 510 1789 ἀνελθόντας
533 1750 655 1795 reliqui
679 1762 754 1784 clun

85 1795 199 1830 editis.
246 1794 498 1830 Nominativuun
521 1807 667 1842 sequens
691 1797 753 1830 δο-

85 1851 195 1875 κουσι
212 1845 340 1874 tuetur.

132 1883 247 1932 μετα]
284 1884 361 1931 μετ’
396 1887 496 1923 Vind.
520 1888 562 1923 F.
595 1888 682 1932 Ang.
708 1889 749 1923 Β.

87 1933 183 1968 Flor.
207 1934 251 1968 R.

92 1992 94 1994 ·
133 1981 260 2013 καλεῖν
285 1990 350 2022 μοι
383 1979 525 2025 δοκεῖς]
572 1978 667 2024 καλή
687 1992 751 2023 μοι

86 2025 209 2064 δοκεῖς
232 2024 312 2060 Vat.
332 2025 376 2059 H.
402 2026 523 2066 δοκεῖς
541 2038 606 2070 μοι
626 2029 751 2061 καλεῖν

87 2072 166 2106 Par.
188 2072 232 2106 K.
257 2073 331 2106 Ast.
355 2076 437 2107 tert.

85 2165 114 2197 B
132 2115 195 2196 κξιῖὶ
205 2116 322 2197 ετὴΙιόιιξΙΙΙ
339 2130 409 2197 Ἕν
434 2131 498 2198 vulti
536 2119 622 2153 Lob.
649 2119 750 2154 Vind.

118 2190 127 2198 -
183 2175 203 2198 a
222 2189 230 2197 ι
289 2185 297 2197 ι.
326 2190 335 2199 .
389 2176 438 2198 ar.
499 2191 509 2200 .

133 2206 180 2244 οὕ
199 2209 317 2253 νοῦν]
349 2210 404 2244 Ita
427 2211 507 2245 Par.
531 2211 604 2244 AD.
648 2211 750 2246 Vind.

21 2291 31 2298 ,
85 2255 444 2300 E.A11g.B.F10r.
483 2257 653 2290 ACRTV.
703 2254 751 2290 ου’

84 2302 156 2335 νῦν
181 2302 281 2335 Vind.
300 2302 339 2335 F.
364 2302 443 2336 Vat.
463 2304 504 2337 H.
536 2302 606 2336 ούν
631 2303 753 2348 reliqui

86 2347 236 2401 editique
260 2350 340 2381 ante,
361 2348 435 2383 Bel
437 2349 568 2382 kei-um.
624 2350 655 2383 V
657 2360 751 2382 eram

86 2393 264 2428 lectionem
295 2399 434 2427 secutus
467 2400 521 2429 est
553 2394 723 2428 Ficinus
714 2406 750 2428 ιιι

85 2451 211 2484 genere
234 2439 311 2474 τῶν
341 2440 593 2484 γεωμετρικῶν
626 2441 749 2475 falsus:

85 2487 214 2520 videris
231 2492 346 2520 autem
364 2487 449 2520 mihi
463 2483 751 2532 geometricarum

85 2537 120 2566 et
143 2533 307 2566 similium
330 2544 442 2566 rerum
473 2534 628 2567 habitum
653 2534 751 2579 cogi-

85 2579 252 2612 tationem
284 2579 402 2622 potius
434 2581 611 2624 appellare
645 2592 748 2624 quam

84 2624 305 2658 intellectum.

130 2670 187 2727 ²⁶5]
211 2682 287 2704 που
312 2670 412 2704 Vind.
431 2671 472 2705 Β.
498 2683 561 2706 om.
586 2670 687 2705 Vind.
705 2671 747 2705 Ε.

131 2717 272 2761 ουσαν]
308 2716 442 2751 ἰοῦσαν
466 2717 546 2751 Par.
570 2717 615 2750 K.
660 2715 746 2751 καλ-

86 2763 165 2795 λιον
191 2762 308 2796 οὖσαν
332 2762 452 2796 idem'
443 2775 477 2796 ιιι
502 2763 653 2808 mangine
677 2776 746 2801 sec.

85 2807 194 2842 Bekk.
227 2809 314 2852 (sec.
337 2809 413 2855 Bip.
442 2809 487 2844 nil
511 2809 574 2844 nisi
598 2809 747 2856 ουσαν.)

854 1100 1104 1148 Ἱκαναίτατα]
1145 1099 1362 1137 Ἱκανότατα
1395 1101 1478 1136 Bas.

811 1151 867 1185 ab.

859 1194 1045 1240 ἀπεδέξω]
1081 1192 1263 1236 (ἐπεδείξω
1299 1193 1399 1228 Vind.
1435 1194 1477 1228 B.

812 1245 891 1279 vat.
923 1244 973 1278 M.
1012 1243 1091 1276 Par.
1115 1242 1158 1275 K.
1192 1253 1261 1276 sec.
1294 1241 1406 1276 Bekk.
1444 1244 1479 1274 et

811 1293 892 1323 ante
915 1301 1003 1322 corr.
1029 1288 1115 1322 Lob.

857 1333 1040 1378 τέτταρσι]
1066 1331 1236 1376 τέσσαρσι
1260 1332 1346 1368 Lob.
1371 1331 1474 1366 Vind.

812 1382 852 1414 B.
895 1383 987 1415 Mon.
1023 1382 1064 1414 B.
1111 1380 1204 1413 Flor.
1237 1379 1282 1412 U.
1353 1378 1477 1423 Neque

812 1429 910 1461 abest
933 1426 1101 1469 suspicio,
1126 1425 1207 1471 quin
1231 1424 1318 1458 idem
1345 1425 1380 1459 in
1400 1424 1475 1458 aliis

810 1473 962 1507 Bekkeri
983 1473 1153 1506 codicibus
1177 1474 1310 1513 exstet,
1334 1482 1476 1516 quorum

811 1523 880 1553 tam
911 1520 1084 1553 inimemor
1119 1518 1246 1559 suerit,
1280 1529 1382 1562 quam
1412 1517 1476 1550 fuit

811 1566 911 1602 Vind.
948 1570 983 1600 et
1015 1565 1109 1599 Mon.
1159 1564 1320 1597 Ceterum
1353 1563 1476 1607 wilga-

809 1616 880 1646 tanl
904 1624 969 1646 non
997 1613 1105 1645 solum
1127 1621 1273 1654 sequens
1302 1607 1473 1653 τέτταρα,

810 1670 927 1692 verum
952 1661 1134 1699 constans,
1158 1660 1197 1689 ut
1214 1656 1360 1698 videtur,
1387 1655 1474 1689 scri-

810 1704 920 1749 ptoris
954 1715 1034 1737 usus
1066 1702 1212 1746 flagitat.
1264 1702 1321 1736 Cf.
1354 1701 1394 1735 L.
1431 1702 1473 1735 V.

809 1763 843 1796 p.
868 1751 947 1785 460.
973 1750 1015 1783 Ε.
1054 1749 1149 1782 VIII.
1175 1748 1254 1783 544.
1278 1749 1319 1781 Β.
1362 1748 1473 1781 Phae—

810 1798 888 1830 don.
915 1796 992 1831 104.
1016 1797 1056 1829 Β.
1082 1795 1213 1828 Phileb.
1237 1796 1293 1830 23.
1314 1794 1355 1828 Ε.
1381 1793 1473 1828 Tim.

809 1842 866 1878 44.
902 1842 945 1876 Ε.
989 1841 1112 1894 quibus
1151 1841 1235 1874 locis
1276 1852 1338 1885 pro
1378 1850 1473 1874 τεσσ.

806 1888 896 1935 quod
932 1888 966 1922 in
1002 1887 1207 1922 editionibus
1240 1890 1335 1928 erat,
1383 1898 1471 1920 nunc

805 1935 990 1970 secundum
1031 1928 1166 1967 codices
1207 1945 1299 1967 τεττ.
1333 1933 1471 1977 legitur.

808 1983 898 2015 Naln
923 1981 966 2015 de
988 1981 1069 2014 Par.
1093 1981 1135 2014 A.
1166 1991 1267 2033 quem
1289 1979 1471 2013 Bekkerus

807 2027 941 2062 'Iimaei
963 2027 1036 2060 loco
1069 2026 1159 2059 inter
1180 2025 1318 2059 Atticae
1340 2027 1470 2059 somnae

808 2076 997 2108 assertores
1020 2084 1088 2106 non
1110 2072 1241 2116 magis,
1265 2083 1366 2116 quam
1376 2071 1469 2105 Mon.

807 2121 848 2154 B.
873 2120 931 2164 qui
964 2119 1104 2153 eandem
1135 2118 1294 2157 exhibet,
1319 2117 1469 2152 nomina—

807 2166 879 2207 vit,
911 2165 1011 2200 Vind.
1037 2163 1315 2198 CCCXXXVII.
1339 2164 1373 2196 in
1402 2175 1469 2208 quo

806 2213 889 2245 item
923 2214 1056 2252 exstat,
1100 2211 1157 2244 vix
1190 2210 1347 2243 dubitare
1380 2210 1469 2244 sinit.

808 2259 995 2291 Pimaeteiea
1028 2267 1069 2291 66
1102 2256 1227 2302 oppido
1252 2268 1330 2289 raro
1354 2257 1387 2289 in
1413 2269 1467 2289 (ο

808 2304 938 2338 dicibus
960 2303 1185 2348 singularibus
1206 2303 1338 2336 binisve
1361 2314 1469 2347 appa-

809 2355 884 2391 ret,
918 2353 958 2384 ut
990 2350 1029 2383 L.
1055 2349 1120 2383 IH.
1156 2361 1236 2393 pag.
1261 2349 1339 2383 400.
1364 2347 1403 2381 Α.
1435 2348 1468 2382 ἰιι

805 2377 903 2431 Ami).
928 2396 968 2430 C.
996 2396 1087 2430 Flor.
1111 2396 1156 2429 T.
1197 2396 1237 2428 V.
1262 2396 1341 2429 449.
1367 2395 1406 2427 A.
1432 2395 1467 2428 in

806 2443 885 2476 Par.
909 2443 952 2476 D.
977 2442 1070 2476 Flor.
1080 2442 1123 2475 T.
1148 2442 1305 2474 Parmen.
1326 2442 1403 2475 127.
1425 2441 1467 2475 Β.

805 2489 840 2522 in
860 2489 977 2523 Claxk.
997 2485 1311 2532 (τεσσαράκοντα)
1331 2487 1467 2522 Menon.

806 2538 862 2570 91.
887 2535 930 2570 Ε.
963 2535 999 2569 in
1032 2535 1111 2569 Vat.
1137 2535 1178 2568 A.
1214 2533 1348 2587 (idem)
1374 2532 1466 2568 Tim.

805 2583 862 2617 56.
885 2581 926 2616 Ε.
950 2580 987 2614 in
1010 2581 1095 2615 Lob.
1120 2581 1197 2614 Par.
1216 2579 1263 2613 Y
1288 2575 1467 2622 (τέσσαρα

804 2640 866 2673 pro
892 2626 981 2670 δύο)
1016 2627 1068 2660 lb.
1094 2629 1150 2661 60.
1180 2628 1220 2659 A.
1255 2625 1291 2658 in
1322 2625 1401 2659 Par.
1426 2626 1465 2659 S.

803 2675 889 2718 Leg.
921 2673 982 2708 VI.
1022 2674 1101 2708 759.
1140 2673 1181 2705 Ε.
1225 2671 1259 2704 in
1299 2671 1384 2715 Aug.
1423 2672 1464 2704 Β.

803 2720 844 2754 1..
877 2719 958 2754 XII.
991 2731 1023 2764 p.
1056 2720 1138 2755 963.
1172 2719 1212 2752 C.
1245 2717 1280 2752 in
1314 2717 1388 2753 Pai.
1423 2717 1463 2751 C.

803 2767 898 2800 Flor.
922 2766 969 2799 M.

851 2810 1036 2857 τμήμασι]
1062 2808 1238 2855 τιμήμασι
1263 2810 1361 2845 Vind.
1384 2809 1426 2844 Ε.
