1807 3219
289 195 344 235 18

289 304 371 345 τοῦ
401 299 590 356 ἀγαθοῦ.

1149 50 1165 69 Ἃ

734 188 1211 234 PLATONIS

651 299 913 344 Παντάπασι
953 300 1033 355 μὲν
1070 295 1177 354 οὖν,
1216 300 1313 358 ἔφη.
1363 294 1450 355 Ἆρ’
1492 296 1576 345 οὖν
1614 301 1671 346 οὐ

290 372 468 424 πρῶτον
498 369 576 426 μὲν
604 373 735 412 τοῦτο
767 370 866 422 περὶ
898 367 1043 412 αὐτῶν
1067 367 1444 425 ἀνομολογητέον,
1476 372 1512 413 εἰ
1535 373 1672 414 δυνα-

295 438 371 489 τὰ,
411 438 440 494 ἢ
471 437 546 487 οὔ,
578 438 650 481 καὶ
681 437 831 482 δοτέον
862 434 1206 492 ἀμφισβήτησιν,
1246 439 1326 481 εἴτε
1369 454 1433 488 τις
1463 441 1672 493 φιλοπαί-

296 519 417 560 σμων
448 507 531 549 εἴτε
571 505 890 557 σπουδαστικὸς
930 505 1069 548 ἐθέλει
1099 505 1445 561 ἀμφισβητῆσαι,
1487 504 1675 561 πότερον

174 577 269 614 >453
295 573 459 629 δυνατή
487 572 620 630 φύσις
650 573 676 629 ἡ
710 572 990 629 ἀνθρωπίνη,
1033 573 1059 629 ἡ
1084 573 1259 629 θήλεια,
1295 577 1348 630 τῇ
1377 578 1458 617 τοῦ
1490 573 1676 630 ἄρῤενος

291 642 448 698 γένους
478 646 745 697 κοινωνῆσαι
775 644 833 693 εἰς
865 641 1036 684 ἅπαντα
1064 641 1116 684 τοὶ
1149 642 1277 698 ἔργα,
1316 642 1346 697 ἢ
1377 641 1475 685 οὐδ’
1513 644 1573 694 εἷς
1609 645 1674 696 ἓν,

292 708 320 765 ἢ
352 711 411 760 εἰς
440 710 492 752 τοὶ
523 710 600 765 μὲν
631 711 704 753 οἴα
734 727 803 761 τε,
851 711 910 760 εἰς
949 710 994 753 δὲ
1034 709 1087 752 τοὶ
1124 708 1200 761 οὒ,

1251 710 1325 753 καὶ
1361 715 1494 754 τοῦτο
1532 711 1584 767 δή
1624 712 1672 756 τό

292 779 391 832 περὶ
412 778 491 821 τόν
509 777 700 832 πόλεμον
721 778 918 830 ποτέρων
944 778 1080 829 ἐστίν,·
1111 772 1174 830 ἆρ’
1210 776 1288 833 οὐχ
1319 777 1460 831 οὕτως
1491 778 1546 823 ἂν
1568 779 1676 823 κόιλ-

294 845 418 888 λιστά
449 862 512 895 τις
546 842 783 901 ἀρχόμενος
815 845 874 896 ὠς
909 845 956 889 τὸ
996 845 1112 896 εἰκός
1141 845 1214 888 καὶ
1243 844 1449 889 κάλλιστα
1477 847 1676 904 τελευτή-

294 925 405 962 σειε,·
437 912 562 957 Πολύ
594 930 662 969 γε,
696 914 790 970 ἔφη.
820 914 980 958 Βούλει
1001 909 1104 963 οὖν,
1134 909 1189 969 ἦν
1219 911 1263 957 δ’
1287 914 1392 970 ἐγώ,
1423 914 1545 972 ἡμεῖς
1566 917 1678 972 πρὸς

292 981 405 1038 ἡμᾶς
436 980 597 1033 αὐτοὺς
633 982 743 1037 ὑπὲρ
773 987 862 1025 τῶν
891 982 1035 1025 ἄλλων
1066 980 1483 1038 ἀμφισβητήσωμεν,
1515 985 1588 1028 ἵνα
1617 983 1676 1041 μὴ

231 1066 267 1108 Β
299 1050 436 1107 ἔρημα
465 1051 517 1093 τὰ
545 1054 627 1092 τοῦ
658 1050 805 1104 ἑτέρου
834 1049 970 1105 λόγου
1007 1054 1310 1105 πολιορκῆται,

1373 1050 1513 1095 Οὐδὲν
1525 1084 1536 1105 ,
1579 1052 1677 1109 ἔφη,

296 1117 470 1163 κωλύει.
502 1117 708 1173 Λέγωμεν
738 1117 791 1174 δὴ
819 1116 931 1173 ὑπὲρ
966 1116 1137 1170 αὐτῶν,
1176 1117 1266 1171 ὅτι,
1309 1113 1344 1162 ὦ
1374 1117 1608 1174 Σώκρατές
1633 1136 1679 1164 τε

341 1239 520 1287 ἀγαθοῦ]
548 1238 720 1285 ἀγαθοῦ,-
748 1242 835 1277 Lob.
861 1242 959 1276 Vind.

336 1328 427 1383 AQ']
463 1330 522 1378 ἄρ’
548 1334 647 1368 Vind.
671 1333 712 1367 F.

343 1377 441 1423 οὖν]
467 1393 530 1414 om.
558 1381 636 1414 Par.
660 1380 703 1413 D.

341 1427 470 1470 τοῦτο]
497 1426 636 1460 τοῦτον
658 1427 746 1471 Ang.
756 1425 795 1458 B.
821 1427 858 1459 et
881 1427 961 1459 ante

296 1484 384 1507 corr.
411 1473 510 1506 Vind.
536 1473 576 1506 F.

343 1516 495 1562 αὐτῶν]
543 1519 600 1551 Ita
628 1517 746 1551 Astius
786 1517 820 1551 in
853 1517 961 1561 prima

296 1565 348 1599 ed.
374 1576 417 1598 ex
441 1566 521 1598 Par.
544 1564 588 1597 K.
620 1575 687 1597 sec.
713 1564 788 1607 Bip.
825 1563 962 1597 Bekke-

295 1622 354 1644 rus
380 1622 423 1644 ex
447 1611 532 1643 Ven.
556 1611 597 1645 B.
624 1610 717 1644 Mon.
741 1610 782 1643 Β.
808 1610 892 1654 Ang-
918 1610 958 1643 B.

296 1656 542 1690 Stallbaumius
577 1668 620 1689 ex
656 1656 749 1690 Flor.
774 1657 851 1689 RU.
886 1656 960 1689 edi-

295 1703 432 1736 derunt.
480 1702 541 1736 His
567 1702 700 1736 accedit
733 1702 832 1735 Vind.
856 1702 899 1735 E.
925 1704 961 1734 et

294 1749 356 1782 int.
387 1759 478 1782 vers.
514 1749 554 1783 F.
585 1748 645 1793 qui
677 1748 713 1781 in
748 1747 824 1791 ipso
858 1758 961 1781 versu

296 1806 371 1828 cum
392 1794 531 1839 reliquis
551 1794 720 1828 codicibus
740 1793 961 1827 editionibus-

295 1852 362 1885 que
386 1841 479 1874 Astio
504 1840 732 1874 anterioribus
756 1836 876 1873 αυτὸν
901 1850 961 1873 ex-

295 1887 403 1920 hibet.

345 1928 661 1976 οἷνομολογητέον]
701 1927 750 1964 dv
775 1928 834 1974 ὁμ.
860 1930 960 1965 Vind.

343 2021 627 2067 φιλοπαίσμων]
675 2023 751 2055 Hoc
783 2023 826 2056 ab
863 2022 960 2056 Astio

295 2069 363 2103 iam
386 2069 420 2102 in
445 2069 551 2113 prima
576 2068 628 2102 ed.
653 2068 837 2102 secundum
861 2069 961 2102 scho-

295 2115 420 2149 liasten
443 2115 575 2148 Atticos
597 2114 647 2147 ita
679 2115 804 2148 dixisse
827 2119 961 2148 testan-

296 2166 365 2195 tem
389 2172 451 2206 pro
474 2160 610 2202 vulgato
628 2161 884 2204 φιλοπαίγμων
903 2173 960 2194 re-

298 2211 457 2252 ceptum,
481 2206 602 2239 deinde
624 2207 658 2240 in
682 2207 760 2239 Par.
785 2209 823 2240 A.
861 2207 958 2240 Vind.

298 2254 342 2287 Ε.
366 2254 444 2286 Vat.
468 2252 512 2286 H.
544 2253 635 2286 Flor.
660 2253 765 2286 ACV.
788 2253 960 2286 inventum

299 2304 334 2333 et
359 2311 379 2333 a
398 2298 570 2332 Lobeckio
595 2298 638 2332 ad
662 2299 788 2342 Phryn.
822 2311 856 2343 p.
879 2300 958 2333 241.

298 2346 477 2389 probatum
502 2356 576 2377 cum
600 2344 758 2378 Bekkero
793 2352 828 2378 et
852 2345 960 2378 Stall-

298 2390 432 2425 baumio
455 2390 636 2424 tenendum
659 2390 786 2435 putavi.
846 2391 961 2425 Etiam

299 2437 384 2470 Ven.
411 2436 450 2470 C.
483 2446 524 2478 6,
567 2436 628 2470 sed
662 2436 894 2481 superscripto
925 2449 959 2480 γ,

298 2487 335 2516 et
359 2483 438 2515 vat.
462 2482 502 2516 B.
529 2492 550 2516 6
582 2493 685 2527 super
717 2495 738 2526 γ
767 2483 903 2516 exhibet
926 2489 962 2518 et

298 2529 334 2562 in
355 2528 455 2562 Vind.
479 2528 519 2561 F.
544 2540 565 2571 γ
590 2540 611 2562 a
634 2528 840 2562 correctoris
861 2540 962 2563 manu

298 2574 427 2608 illatum
446 2578 508 2608 est.
534 2573 696 2608 Similiter
715 2575 811 2608 Crat.
829 2586 861 2619 p.
882 2576 961 2610 406.

301 2620 341 2653 C.
366 2619 521 2653 meliores
555 2620 636 2653 libri
667 2619 703 2653 in
733 2621 843 2666 iisque
875 2621 961 2655 Lob.

300 2666 589 2709 φιλοπαίσμονες
612 2666 761 2708 habent,
794 2667 885 2711 quod
907 2679 963 2701 re·-

299 2711 411 2746 stituit
451 2712 639 2745 Bekkerus.
702 2712 772 2746 Sed
810 2713 961 2757 Euthyd.

298 2769 333 2802 p.
366 2759 446 2792 278.
481 2758 520 2791 C.
562 2769 623 2802 pro
656 2757 796 2802 vulgato
829 2762 962 2793 παῖσαι

300 2803 338 2837 in
362 2803 479 2837 Clark.
504 2803 758 2849 Lob..aliisque
791 2816 858 2839 non
882 2817 964 2839 con-

299 2849 488 2884 temnendis
522 2849 650 2894 legitur
681 2850 826 2897 παῖξαι.
859 2853 963 2895 φιλο·

1017 1253 1095 1274 παι
1089 1253 1220 1285 χμονος
1242 1242 1341 1276 Hom.
1367 1243 1433 1277 Od.
1444 1243 1577 1277 XXIII.
1600 1244 1680 1280 134.

1017 1294 1114 1321 extia
1139 1290 1402 1323 controversiam
1422 1290 1567 1334 positum
1592 1296 1655 1324 est.

1063 1331 1196 1389 ἐθέλει]
1224 1332 1349 1368 ἐθέλοι
1372 1337 1456 1369 Ven
1469 1337 1508 1369 B.
1530 1336 1621 1370 Flor.
1634 1337 1679 1370 T.

1064 1377 1305 1435 ἀνθρωπίνη]
1337 1382 1457 1415 Pollux
1480 1382 1527 1414 ΙΙ.
1552 1383 1592 1416 5:
1616 1381 1681 1416 καὶ

1019 1423 1239 1470 ἀνθρωπεία
1263 1425 1392 1471 τέχνη,
1420 1440 1471 1466 ως
1498 1428 1680 1462 Θονκυδί-

1018 1473 1105 1516 δης,
1133 1473 1192 1516 (an
1218 1473 1260 1506 L.
1277 1473 1322 1506 II.
1348 1486 1376 1507 c.
1400 1476 1455 1507 50.
1481 1473 1572 1506 ubi
1564 1487 1596 1507 m
1617 1487 1681 1508 no-

1018 1519 1101 1552 stris
1124 1519 1295 1552 codicibus
1322 1516 1542 1561 ανθρωπεία
1567 1518 1682 1563 φύσις

1019 1565 1124 1607 est2)
1149 1564 1211 1598 καὶ
1236 1562 1457 1610 ανθρωπίνη
1483 1563 1608 1611 φύσις,
1630 1578 1681 1606 ως

1018 1608 1188 1645 Πλάτων.

1017 1676 1206 1758 Uye'vovg]
1231 1691 1262 1724 γ.
1289 1677 1400 1724 φύσει
1422 1680 1515 1716 Mon.
1525 1681 1565 1716 Β.
1588 1682 1749 1720 Flor.453

1062 1770 1116 1811 εἰς
1137 1768 1200 1816 ἓν]
1228 1769 1301 1805 εἶεν
1323 1769 1367 1806 ἓν
1391 1772 1490 1807 Vind.
1514 1774 1558 1808 Ε.

1064 1839 1128 1874 ora
1140 1840 1191 1883 τε]
1215 1837 1279 1873 οἷά
1297 1851 1336 1874 τε
1359 1841 1444 1875 Lob.
1465 1843 1564 1876 Vind.
1578 1843 1682 1878 BEF.

1018 1885 1092 1919 Ald.
1117 1887 1198 1920 Bas.
1224 1888 1277 1920 ab.
1304 1885 1368 1921 02‘02
1392 1899 1432 1922 τε
1456 1889 1548 1923 Μοη.
1573 1890 1611 1924 Β.

1064 1950 1104 1988 δε
1129 1952 1198 1999 τὰ]
1226 1953 1273 1988 τὰ
1303 1952 1342 1990 δε
1366 1956 1451 1991 Lob.
1486 1958 1683 1993 Vind.}31).

1015 2000 1171 2092 {ag-1131.
1220 2001 1320 2036 Conf.
1357 2002 1558 2049 Bernhardy
1591 2009 1681 2049 synt.

1062 2113 1146 2160 τὸν]
1171 2113 1215 2150 τὸ
1242 2129 1317 2152 cum
1340 2130 1363 2151 ν
1385 2118 1446 2152 int.
1470 2130 1562 2153 vers.
1581 2119 1682 2154 Vind.

1016 2160 1255 2253 Enoz's'qcov]
1280 2188 1428 2254 ποτέρα)
1452 2210 1554 2244 Vind.
1578 2188 1622 2245 D.

1015 2310 1026 2344 l
1062 2262 1251 2345 καλλιστα]
1279 2272 1371 2301 recte
1388 2267 1461 2301 Fic.
1484 2268 1566 2302 item
1585 2269 1685 2314 paul-

1031 2322 1049 2344 o
1074 2323 1137 2366 pos

1064 2353 1138 2401 ως]
1166 2356 1218 2396 εἰς
1241 2358 1328 2402 Ang.
1353 2358 1394 2392 B.
1421 2358 1519 2392 Vind.
1543 2359 1585 2394 F.

1017 2461 1041 2494 k
1065 2411 1303 2460 τελευτήσειε]
1329 2414 1575 2460 τελευτήσειεν
1591 2416 1685 2451 Bek-

1044 2472 1133 2494 erus.

1065 2508 1117 2551 γε]
1143 2504 1174 2551 γ’
1202 2507 1302 2540 Vind.
1327 2507 1367 2541 F.
1391 2507 1478 2552 Ang.
1502 2509 1544 2542 B.

1065 2573 1199 2609 Βούλει
1224 2576 1294 2610 οὐν
1313 2595 1359 2602 --
1391 2573 1683 2620 ἅπολογεῖσθαις

1019 2621 1076 2664 C.]
1101 2622 1217 2656 laudat
1245 2623 1398 2656 Galenus
1422 2623 1466 2657 T.
1492 2623 1533 2658 V.
1557 2635 1590 2668 p.
1603 2625 1684 2659 736.

1019 2664 1136 2713 βούλη
1161 2672 1228 2702 etc.
1255 2669 1353 2703 Vind.
1377 2669 1420 2702 E.

1064 2733 1185 2783 ἡμᾶς]
1210 2733 1310 2781 υμᾶς
1333 2737 1433 2772 Vind.
1461 2737 1501 2772 B.

1067 2802 1430 2851 ἄμφισβητήσωμεν]
1452 2802 1686 2851 ἀμφισβητή-

1021 2862 1131 2895 σομξν
1154 2853 1255 2887 Vind.
1273 2853 1313 2887 F.
1341 2853 1424 2887 Ven.
1443 2853 1485 2887 B.
1509 2853 1589 2887 Par.
1608 2852 1686 2887 DK.
