1807 3219
272 182 300 222 2
730 172 1207 216 PLATONIS

278 286 513 343 τασκευὴν,
555 287 602 332 ἐν
639 287 837 341 τέτταρσι
875 285 1090 341 πονηρίας
1129 284 1287 327 ε’ίδεσιν
1317 279 1463 334 οὔσας.

1523 284 1664 335 Ποίας

281 355 334 412 δή
364 353 546 415 ταύταςς
578 355 673 412 ἔφη.
724 355 810 397 Καὶ
840 353 923 410 ἐγώ
954 353 1033 410 μὲν
1062 347 1121 408 ᾗα
1148 351 1226 402 τοὶς
1257 351 1409 406 ἐφεξῆς
1440 351 1574 406 ἐρῶν,
1606 352 1664 402 ὥς

218 427 254 468 Β
280 440 353 480 μοι
392 423 626 477 ἐφαίνοντο
666 422 844 466 ἕκασται
883 422 926 473 ἐξ
970 419 1168 476 ἀλλήλων
1208 420 1504 475 μεταβαίνειν·

1553 419 1665 463 ὁδὲ

279 488 560 545 Πολέμαρχος
615 489 836 547 (σμικρὸν
873 489 956 546 γὰρ
982 487 1213 542 ’ἀπωτέρω
1263 490 1344 530 τοῦ
1384 484 1690 541 Ἀδειμάντου

278 558 493 614 καθῆστο)
526 558 715 607 ἐκτείνας
744 558 824 614 τὴν
853 563 973 613 χεῖρα
1003 557 1077 600 καὶ
1107 555 1348 612 λαβόμενος
1378 558 1458 597 τοῦ
1491 555 1666 609 ἱματίου

281 624 454 669 ἄνωθεν
484 623 625 669 αὐτοῦ
655 625 776 678 παροέ
807 627 885 670 τόν
916 627 1040 681 ὦμον
1078 622 1247 668 ἐκεῖνόν
1287 640 1331 666 τε
1366 621 1666 677 προσηγάγετο

281 694 355 738 καὶ
399 696 630 748 προτείνας
670 692 828 737 ἑαυτὸν
867 695 1009 750 ε’λεγεν
1050 691 1157 735 ἄττα
1207 690 1552 745 προσκεκυφώς,
1605 692 1669 733 ὠν

283 761 388 806 ἄλλο
418 763 498 819 μὲν
529 761 661 806 οὐδὲν
690 762 1046 819 κατηκούσαμεν,
1075 759 1175 804 τόδε
1207 760 1273 804 δέ·
1306 757 1538 816 αφήσομεν
1572 753 1668 812 οὖν,

283 921 343 944 seu
378 912 552 943 externam
578 908 669 943 eirca
701 909 866 943 hominum
891 920 947 942 so-

284 956 428 989 cietates
466 956 688 989 moderandas
728 956 948 989 versaride—

280 1007 526 1043 monstrasset,
568 1002 666 1035 alteri
699 1013 759 1034 seu
794 1001 950 1035 internae

284 1048 429 1082 animum
453 1047 620 1092 animique
652 1048 801 1081 habitum
825 1046 950 1081 consti-

285 1094 446 1127 tuendum
484 1094 645 1136 assignat.
718 1094 830 1137 Atque
867 1093 950 1125 illud

285 1138 368 1182 περὶ
402 1151 512 1184 neque
538 1140 580 1172 ad
607 1138 725 1178 κακὰς
748 1138 810 1172 καὶ
833 1135 951 1182 ἡμαρ-

285 1184 445 1229 τημένας
481 1186 720 1226 referendum,
765 1196 832 1229 quo
857 1185 952 1217 Mat-

285 1233 380 1265 thiae
403 1242 542 1275 gramm.
568 1243 601 1275 p.
618 1233 715 1265 1178
741 1243 773 1263 v.
798 1232 831 1265 3.
856 1234 952 1262 retu-

285 1278 346 1319 lit,
379 1288 489 1321 neque
521 1288 595 1310 cum
631 1276 812 1321 participio
838 1271 953 1314 οὔσας

288 1323 567 1364 construendum,
608 1323 667 1356 sed
691 1323 739 1355 ita
762 1322 952 1365 intelligen—

289 1371 366 1402 dum
391 1372 455 1410 est,
479 1374 517 1402 ut
541 1368 749 1413 reliquarum
775 1368 953 1401 civitatum

288 1415 437 1459 ipsarum
472 1415 660 1456 obiectum,
694 1414 784 1460 quod
818 1417 954 1454 vocant,

288 1461 413 1515 duplex
437 1460 587 1494 definiat.

334 1504 535 1550 τέτταρσι]
585 1503 755 1549 τέσσαρσι
799 1505 878 1538 Par.
911 1504 954 1537 D.

288 1551 382 1587 Flor.
407 1553 452 1586 T.

335 1596 497 1654 ταύτας]
527 1594 666 1640 ταύτης
687 1596 762 1629 Ald.
786 1596 867 1630 Bas.
893 1607 924 1629 a.

335 1642 421 1690 μεν]
437 1656 512 1699 ,⁰m·
537 1643 636 1676 Vind.
662 1643 704 1675 D.

338 1690 406 1736 ῄα]
432 1686 499 1733 ἤϊα
523 1690 623 1743 Ang‘,
629 1689 669 1721 B.
694 1688 786 1721 Flor.
803 1688 845 1721 R.
871 1680 956 1731 ἦλα,

289 1726 392 1770 inm.
418 1748 448 1769 a.
474 1747 517 1768 111.
546 1746 573 1768 5.
598 1730 690 1790 ἤια,
717 1734 816 1767 Vind.
840 1734 881 1766 F.

339 1779 564 1825 ἐφαίνοντο]
592 1777 766 1824 ἐφαίνετο
788 1778 831 1814 τὸ
861 1779 959 1813 Vind.

341 1870 510 1916 ἕκασται]
547 1869 682 1905 ἕκαστα
715 1869 813 1903 Vind.
846 1870 889 1904 D.
923 1873 960 1904 et

294 1920 382 1954 Astii
405 1919 513 1964 prima
537 1917 641 1951 editio
665 1916 895 1962 tjpographi,
921 1921 959 1950 ut

293 1966 452 2005 videtur,
482 1975 610 1997 errore.

343 2009 380 2054 ἐξ
406 2007 598 2054 ἀλλήλων]
625 2005 832 2052 ἐξαλλήλων
856 2007 956 2042 Vind.

342 2100 600 2157 μεταβαίνειν]
626 2100 816 2144 dependere
838 2099 911 2132 Fic.

344 2146 497 2192 σμικρὸν
528 2166 576 2172 —-
614 2146 814 2189 καθῆστο]
865 2146 960 2180 Haec

297 2196 425 2236 verba,
459 2193 582 2238 quibus
612 2193 750 2232 Astius‚
782 2192 960 2225 Bekkerus

299 2245 335 2276 et
358 2240 601 2274 Stallbaumius
631 2250 692 2283 pro
717 2238 960 2282 parentheseos

299 2286 403 2331 signis
436 2285 541 2319 lineas
572 2290 787 2317 transversas
818 2283 961 2317 circum-

300 2333 486 2373 dederunt,
518 2330 655 2364 Ficinus
679 2330 728 2363 ita
750 2330 960 2374 interpreta-

298 2383 377 2414 tur·
410 2358 517 2422 pau'lo
550 2378 639 2410 enim
671 2388 693 2409 a
725 2388 777 2409 me
798 2377 962 2409 remotior

300 2430 378 2459 erat
404 2436 506 2468 quam
525 2424 752 2462 Adcmmntus,
778 2422 961 2455 Arlimanti

297 2476 383 2523 post·
401 2476 539 2515 tergum
563 2470 702 2509 sedens,
733 2479 874 2512 quorum
897 2479 960 2512 po—

301 2515 447 2550 steriora
455 2498 700 2560 superaddere
713 2513 871 2555 debebat,
881 2513 960 2558 quia

302 2561 488 2606 genitivum
512 2573 532 2594 a
556 2559 784 2604 comparativo
808 2559 879 2603 regi
897 2571 960 2604 pu-

301 2612 380 2641 tans
405 2618 537 2640 sensum
559 2607 792 2659 imperfectum
811 2616 887 2638 esse
909 2605 963 2638 in-

302 2653 491 2696 telligebat.
539 2653 683 2696 Regitur
712 2663 794 2685 vero
827 2652 869 2684 ab
901 2651 962 2684 ad-

303 2699 432 2740 verbio,
456 2702 492 2731 et.
514 2698 752 2731 Polemarchus
774 2697 886 2742 paullo
906 2708 963 2729 re-

304 2744 427 2780 motior
451 2743 493 2777 ab
518 2744 716 2798 Adimanto,
748 2754 848 2788 quam
882 2743 962 2776 reli-

305 2791 364 2836 qui
393 2802 413 2824 a
448 2789 517 2823 suis
547 2789 691 2831 vicinis,
736 2790 790 2822 vel
821 2789 964 2833 longius,

305 2848 406 2884 quam
428 2835 671 2871 clandestinum
689 2834 889 2881 colloquium
907 2846 963 2868 re-

1005 907 1184 952 quir‚ebat
1210 906 1337 940 sedisse
1359 906 1505 951 ideoque
1528 910 1671 951 pieten—

1007 954 1097 987 disse
1123 964 1253 986 manum
1287 965 1429 996 eumque
1464 952 1603 996 propius
1628 952 1672 985 ad

1007 1012 1044 1033 se
1081 999 1269 1032 admovisse
1301 998 1436 1031 dieitur.
1507 998 1673 1042 Exempla

1007 1044 1147 1088 genitivi
1182 1044 1286 1077 multa
1323 1045 1427 1077 habet
1475 1044 1671 1078 Pausanias,

1008 1091 1049 1123 L.
1074 1090 1100 1123 I.
1127 1102 1154 1123 c.
1179 1093 1208 1130 1,
1235 1091 1277 1124 3:
1303 1092 1383 1128 τοῖς
1409 1086 1587 1133 ἀπωτέρω
1601 1090 1670 1123 τοῦ

1009 1133 1169 1178 λιμένος.
1200 1136 1275 1169 Alia
1299 1136 1447 1170 ostendit
1470 1136 1614 1169 Siebelis
1637 1135 1674 1169 in

1010 1183 1127 1215 indice.
1176 1181 1291 1215 Astius
1320 1187 1356 1215 et
1384 1182 1674 1216 Schleiermache-

1009 1240 1068 1261 rus
1092 1227 1197 1261 Ficini
1217 1228 1444 1261 additamento
1464 1229 1673 1262 abstinentes

1010 1279 1045 1307 et
1068 1279 1180 1307 tamen
1204 1273 1389 1317 genitivum
1422 1285 1441 1306 a
1467 1273 1684 1325 comparati-q

1009 1332 1051 1353 vo
1068 1325 1262 1365 repetentes
1282 1319 1447 1352 incertum
1467 1320 1675 1364 relinquunt,

1010 1378 1031 1400 a
1055 1377 1200 1410 quonam
1225 1366 1297 1398 loco
1322 1366 1428 1409 magis
1449 1366 1675 1399 1611101115Ρο-

1010 1412 1197 1445 lemarchus
1221 1411 1366 1452 sederit,
1391 1423 1491 1455 quam
1515 1413 1677 1445 Adiman-

1010 1464 1076 1491 tus.
1125 1458 1195 1490 Sed
1229 1457 1301 1490 sive
1334 1457 1362 1489 is
1397 1458 1550 1491 Socratis
1583 1458 1676 1491 locus

1009 1503 1084 1537 sive
1107 1504 1234 1536 medius
1261 1502 1586 1541 cireulivsedentium
1611 1504 1675 1547 (cf.

1011 1550 1052 1582 L.
1078 1549 1106 1582 I.
1141 1561 1172 1593 p.
1198 1551 1276 1584 328.
1305 1549 1364 1593 C.)
1404 1549 1580 1593 fingatur,
1616 1561 1678 1583 cur

1013 1599 1198 1640 propterea
1229 1606 1362 1628 manum
1396 1596 1610 1640 protenderit
1641 1598 1678 1629 et

1013 1641 1226 1674 Adimantum
1252 1641 1453 1683 attraxerit,
1479 1653 1544 1675 non
1569 1653 1677 1686 appa-

1015 1691 1086 1728 ret,
1127 1687 1191 1719 nisi
1223 1688 1406 1720 secundum
1436 1699 1511 1721 eum
1549 1688 1679 1721 sedisse

1014 1738 1208 1774 statuatur,
1245 1733 1336 1777 quod
1367 1734 1476 1777 ipsum
1501 1733 1632 1767 ostendi
1658 1745 1679 1767 a

1016 1779 1182 1822 scriptore
1207 1779 1355 1812 debebat
1386 1780 1512 1824 illaque
1537 1791 1558 1813 a
1581 1779 1678 1813 nobis

1013 1824 1099 1857 inita
1145 1825 1278 1858 ratione
1300 1850 1309 1865 ‚
1364 1836 1465 1870 quam
1513 1825 1677 1866 Grovius,

1014 1870 1290 1914 Francogallicus
1314 1871 1497 1916 interpres,
1523 1876 1558 1905 et
1570 1871 1679 1905 Kleu-

1013 1916 1116 1949 kerus
1150 1922 1284 1949 nostras
1316 1916 1382 1950 iarn
1425 1918 1554 1962 pridem
1593 1917 1679 1950 inie-

1013 1967 1110 2003 rant,
1135 1962 1230 1995 simul
1254 1963 1455 1997 ostenditur.
1488 1982 1535 1989 -
1567 1964 1680 1996 Voca-

1013 2008 1083 2041 buli
1122 2005 1300 2051 α’πωτέρω
1333 2009 1474 2052 primam
1513 2009 1679 2052 syllabam

1015 2054 1114 2087 Vind.
1138 2054 1178 2086 F.
1201 2054 1292 2086 inter
1313 2065 1433 2087 versus
1456 2055 1571 2088 habet.

1063 2099 1197 2144 ω’μον]
1246 2097 1364 2142 νόμον
1397 2100 1476 2134 Par.
1518 2101 1565 2134 K.

1014 2146 1124 2180 Bekk.

1064 2187 1182 2235 α’ττα]
1210 2186 1305 2225 ἅττα
1328 2191 1427 2225 Vind.
1453 2192 1495 2226 D.

1062 2235 1364 2282 προσκεκυφώς]
1438 2236 1682 2282 προκεκνφώς

1018 2283 1115 2316 Vind.
1142 2283 1184 2316 E.
1210 2284 1288 2317 Par.
1314 2284 1356 2318 K.
1382 2296 1450 2319 sec.
1470 2284 1579 2318 Bekk.
1600 2285 1680 2318 'Vat.

1017 2329 1062 2363 H.
1081 2329 1178 2374 Flor.
1202 2329 1309 2362 ACT.

1064 2374 1138 2419 ὠν]
1165 2371 1216 2408 ὢν
1240 2375 1339 2408 Vind.
1365 2375 1405 2408 F.
1431 2375 1511 2409 Par.
1535 2376 1578 2410 D.

1062 2417 1086 2465 ἢ
1112 2421 1171 2477 τί]
1199 2417 1258 2455 ὅτι
1282 2421 1360 2455 Par.
1386 2421 1431 2455 K.

1061 2468 1115 2521 γε]
1140 2479 1160 2510 γ
1196 2467 1297 2500 Vind.
1323 2468 1365 2500 Ε.
1390 2467 1481 2501 Flor.
1507 2467 1576 2500 AC.

1061 2511 1249 2557 μάλιστα]
1299 2510 1443 2556 μάλιστ’
1491 2513 1590 2546 Vind.
1639 2513 1681 2549 F.

1019 2559 1154 2602 Ang.B

1063 2604 1216 2648 ἀφίετε]
1253 2601 1406 2648 ἀφίεται
1440 2615 1514 2638 cum
1539 2615 1556 2638 ε
1578 2615 1681 2649 super

1017 2662 1057 2684 αι
1082 2651 1183 2684 Vind.
1208 2651 1250 2684 E.

1063 2694 1129 2741 Σὲ]
1157 2709 1221 2731 om.
1248 2696 1346 2729 Vind.
1370 2695 1411 2731 F.
1437 2693 1496 2740 σύ,
1521 2696 1555 2730 in
1573 2708 1681 2741 marg.

1018 2754 1039 2776 a
1062 2755 1106 2777 111.
1130 2754 1181 2798 pr.
1209 2753 1268 2785 σε,
1303 2743 1396 2776 Mon.
1419 2742 1460 2775 B.

1055 2785 1137 2822 ’Έτι
1162 2786 1228 2832 ἐγώ
1259 2768 1391 2821 εἷπον·
1427 2788 1463 2821 τί
1486 2786 1644 2832 μάλιστα
1655 2789 1725 2832 ;]C

1019 2834 1118 2869 Hanc
1149 2834 1292 2868 oninium
1326 2833 1504 2877 codicum,
1536 2839 1680 2880 excepto

1612 2112 1679 2134 sec.
