1807 3219
444 131 475 170 C
496 129 514 169 1
535 130 570 171 V
593 130 612 170 1
632 129 669 169 T
690 128 732 169 A
752 130 783 171 S
825 130 949 173 LlB.
970 129 1064 172 Vll.
1093 134 1158 170 531

1408 132 1491 172 811

106 244 214 296 τούς
252 242 413 294 θεοὺς,
453 241 538 297 ἔφη
561 274 572 292 ,
621 239 695 284 καὶ
731 242 914 296 γελοίως
950 257 1032 298 γε,
1091 237 1331 296 πυκνώματ
1385 237 1495 283 ἄττα

106 309 396 367 ὀνομάζοντες
422 309 496 352 καὶ
525 308 882 365 παραβάλλοντες
914 308 967 353 τὰ
997 304 1113 361 εἶτα,
1151 305 1249 352 οἷον
1278 308 1324 351 ἐκ
1353 304 1493 364 paz-6-

107 397 200 425 νων
232 378 388 437 φωνήν
419 376 718 462 θηρευόμενοι
736 409 748 428 ,
790 380 834 422 οἱ
863 376 943 434 μέν
973 389 1111 435 φασιν
1139 378 1201 421 ἔτι
1229 375 1494 421 κατακούειν

107 449 157 494 ἐν
189 449 303 515 μέσῳ
333 446 434 491 τινὰ
461 445 570 503 ἠχὴν
599 447 673 490 καὶ

705 446 999 502 σμικρότατον
1022 445 1136 491 εἶναι
1158 449 1291 490 τοῦτο
1315 443 1493 500 διάστη-

107 534 191 574 μα,
222 517 256 577 ᾧ
286 515 544 573 μετρητέον,
577 517 620 559 οἱ
649 514 695 558 δὲ
726 514 1104 572 ἀμφισβητοῦντες
1134 532 1194 567 ως
1225 513 1384 571 ὅμοιον
1409 512 1494 571 ἤδη

107 585 448 643 φθεγγομένων,
488 581 733 640 ἀμφότεροι
771 585 862 628 ώτα
890 587 972 628 τοῦ
1009 588 1097 629 νοῦ
1123 580 1488 640 προστησάμενοι.
1518 581 1555 623 Β

107 653 179 699 Σΰ
208 654 315 710 μὲν,
353 646 411 710 ἦν
440 649 484 696 δ’
514 652 620 709 ἐγώ,
665 653 770 706 τούς
799 650 1015 710 χρηστούς
1055 651 1218 709 λέγεις,
1254 649 1359 702 τοὺς
1399 654 1495 701 ταῖς

40 739 50 752 ‘
105 725 287 780 χορδαῖς
323 722 554 777 πράγματα
595 721 866 778 παρέχοντας
914 721 988 766 καὶ
1028 723 1342 779 βασανίζοντας
1363 752 1374 772 ,
1425 718 1495 762 ἐπὶ

105 795 195 836 τῶν
222 789 454 836 κολλόπων
493 793 830 847 στρεβλοῦντας·

105 971 225 995 vocum
248 959 484 1005 congestiones
500 959 576 994 Fic.
603 961 772 1004 frequen-

106 1011 265 1041 tamenta
285 1005 391 1040 Gellii
413 1006 452 1039 L.
478 1005 507 1039 I.
532 1017 562 1040 c.
589 1007 643 1042 11.
661 1010 705 1040 ret
728 1005 771 1041 V.

108 1056 139 1087 1.
164 1064 254 1098 quae
276 1051 507 1097 lexicographi
524 1052 590 1086 huc
607 1053 771 1094 referunt,

105 1110 312 1144 quamquam
367 1098 551 1132 secundum
598 1100 772 1132 Graecum

105 1145 307 1181 vocabulum
331 1143 423 1178 dicta
443 1144 613 1187 videntur,
639 1146 682 1179 ab
707 1146 771 1178 hae

105 1194 219 1225 tamen
243 1202 284 1225 re
308 1190 419 1224 aliena
441 1194 520 1224 sunt
544 1191 630 1228 haud
651 1191 772 1232 minus,

102 1249 205 1283 quam
225 1239 429 1282 frequentes
455 1237 662 1271 chordarum
692 1239 771 1282 pul-

102 1285 254 1318 sationes
286 1284 366 1317 'som‘
402 1285 600 1326 experiendi
637 1295 771 1325 caussa,

101 1340 188 1375 quas
224 1328 281 1363 alii
312 1328 367 1362 hic
407 1328 612 1373 intelligunt.
678 1330 771 1363 Artis

100 1376 328 1417 vocabulum,
367 1386 470 1420 quem
501 1376 681 1409 terminum
719 1379 771 1410 te-

101 1421 255 1456 chnicum
275 1425 419 1463 vocant,
451 1433 654 1478 pronomen
662 1417 770 1477 άττα,

99 1469 216 1503 nescio
245 1479 355 1513 quae,
388 1470 424 1501 et
457 1470 598 1501 verbum
633 1466 772 1511 ὄνομά-

102 1515 228 1557 ζοντες
251 1514 340 1548 haud
365 1514 467 1548 dubie
490 1513 643 1556 indicat,
667 1515 772 1560 idque

101 1573 186 1603 rem,
209 1572 275 1594 non
295 1561 465 1595 actionem
485 1561 706 1606 significare
698 1572 772 1606 ipsa

102 1606 248 1642 nominis
280 1607 369 1640 ratio
403 1607 514 1640 docet.
562 1607 636 1640 Iam
668 1619 771 1652 quum

103 1653 329 1687 Aristoxenus
357 1653 537 1686 intervalla
558 1653 616 1687 illa
639 1654 773 1688 minora

102 1699 137 1733 in
160 1699 379 1733 tetrachordo
418 1699 460 1732 ad
485 1710 591 1744 genus
615 1700 771 1734 chroma-

103 1745 210 1779 ticmn
230 1749 265 1779 et
284 1745 513 1779 harmonicum
530 1750 660 1791 aptato,
681 1758 771 1791 quae

103 1791 184 1826 bina
202 1791 340 1825 minima
362 1793 667 1836 comprehendunt,
698 1803 768 1826 πν-

105 1835 177 1872 nvo}
213 1837 440 1883 appellaverit
456 1863 466 1879 ,
511 1838 626 1883 (elem.
657 1839 764 1872 harm.

105 1884 148 1918 L.
172 1884 200 1917 Ι.
226 1895 261 1928 p.
286 1885 343 1918 24.
368 1884 530 1918 Meibom.
555 1881 699 1918 πυκνὸν
726 1882 766 1919 δὲ

106 1928 269 1974 λεγέσθω
291 1927 335 1965 τὸ
361 1927 399 1964 ἐκ
417 1928 487 1965 δύο
507 1928 768 1974 διαστημάτων

107 1974 342 2020 συνεστηκὸς,
369 1972 394 2010 ἃ
419 1975 648 2011 συντεθέντα
667 1975 769 2011 ἔλατ-

105 2034 174 2057 τον
204 2021 389 2066 διάστημα
425 2021 582 2066 περιέξει
606 2024 675 2058 τοῦ
702 2026 769 2057 λει-

104 2066 272 2125 πομένον
297 2067 545 2114 διαστήματος
568 2067 606 2104 ἒν
634 2070 687 2124 τῷ
707 2067 769 2103 διὰ

104 2113 323 2160 τεσσάρων.)
358 2116 443 2150 haec
467 2117 544 2161 ipsa
566 2128 690 2150 πυκνα
714 2117 770 2149 vel

104 2163 170 2196 alia
215 2169 328 2216 parva
368 2167 404 2195 et
434 2167 547 2196 tamen
583 2163 771 2207 composita

103 2208 284 2242 intervalla
316 2207 384 2242 iam
417 2212 496 2242 ante
529 2208 770 2243 Aristoxenum

105 2255 208 2289 simili
230 2254 363 2288 nomine
394 2252 624 2298 πυκνώματα
648 2267 670 2289 a
695 2255 772 2300 qui-

103 2300 245 2334 busdam
278 2304 421 2345 propter
452 2312 610 2335 sonorum
640 2301 674 2334 in
709 2313 771 2334 an—

102 2350 204 2390 gusto
245 2347 356 2390 spatio
393 2347 491 2391 quasi
537 2348 767 2381 confertorum

102 2393 331 2438 frequentiam
362 2393 454 2426 dicta
492 2396 528 2427 et
568 2394 600 2426 in
633 2393 769 2427 dubita-

105 2439 230 2473 tionem
262 2440 379 2472 vocari
423 2439 526 2473 solita
569 2450 643 2473 esse
676 2439 770 2473 credi

103 2488 230 2530 potest.
279 2485 335 2518 Cf.
361 2485 547 2519 Bullialdus
579 2485 623 2519 ad
654 2486 770 2519 Theo-

105 2543 182 2565 nem
201 2543 236 2576 p.
251 2532 331 2566 206.
357 2535 391 2564 et
414 2534 494 2566 279.
519 2535 556 2565 et
578 2532 772 2566 Boeckhius

108 2578 152 2611 de
169 2577 286 2611 metris
310 2577 408 2611 Pind.
432 2590 467 2623 p.
486 2580 565 2612 208.
614 2578 685 2612 Sed
709 2590 771 2624 pro

109 2629 204 2658 certo
227 2624 417 2677 ponendum
442 2636 506 2658 non
529 2628 622 2679 puto.

154 2666 415 2715 θηρευόμενοι]
441 2669 656 2715 θηρωμενοι
679 2670 772 2705 Mon.

111 2716 153 2750 C.
178 2720 214 2750 et
237 2717 334 2750 Theo
358 2729 392 2762 p.
411 2720 463 2751 10.
490 2718 550 2751 sed
569 2729 600 2773 p
615 2718 671 2752 23.
683 2713 772 2750 καθ

113 2757 137 2794 ἃ
157 2761 221 2796 καὶ
246 2759 382 2805 αυτὸς,
406 2763 538 2806 inquit,
575 2759 594 2797 ὁ
614 2760 773 2797 Πλάτων

114 2805 314 2853 ἅφηγεῖται
351 2807 496 2854 λέγων,
542 2822 594 2849 ως
624 2805 669 2843 οὗ
702 2807 770 2854 χρὴ

879 791 953 835 ἵνα
994 789 1041 834 δὲ
1082 789 1140 847 μή
1179 787 1430 846 μακροτέρα
1464 785 1493 844 ἡ

827 969 951 1003 ωσπερ
973 956 1013 994 ἐκ
1023 956 1221 1014 γειτόνων
1245 954 1387 1012 (τόνων
1405 956 1492 1012 Reg.

829 1006 890 1050 C.)
929 1003 1061 1050 φωνὴν
1078 1001 1371 1059 θηρευομένους
1397 1013 1493 1046 πρα-

827 1064 972 1097 γματα
988 1049 1161 1107 παρέχειν
1204 1052 1289 1089 ταῖς
1331 1049 1494 1103 χορδαῖς.

827 1101 922 1133 velut
949 1099 1114 1133 viciniore
1152 1099 1225 1132 loco
1249 1108 1365 1130 vocem
1383 1097 1495 1140 ipsam

828 1151 994 1181 venantes
1026 1144 1102 1179 Fic.
1134 1155 1224 1189 quae
1252 1141 1494 1187 interpretatio

828 1203 895 1225 non
942 1189 1049 1235 magis
1104 1189 1291 1235 probabilis
1346 1188 1495 1229 videtur,

828 1248 928 1282 quam
964 1249 1033 1282 qua
1057 1235 1390 1269 Schleiermacherus
1414 1244 1496 1267 usus

828 1286 902 1317 est.
930 1285 982 1318 als
1009 1285 1048 1317 ob
1078 1284 1126 1316 sie
1157 1284 1222 1316 den
1244 1283 1316 1315 'son
1342 1293 1410 1315 von
1429 1281 1496 1314 sei-

827 1341 906 1363 nem
929 1331 1094 1364 Nachbar
1114 1329 1319 1362 ablanschen
1344 1328 1494 1361 wolltcn.

830 1375 960 1410 Eodem
983 1375 1080 1409 modo
1103 1375 1162 1408 isti
1186 1374 1229 1408 ad
1254 1373 1408 1416 chordas,
1429 1384 1496 1417 quo

829 1433 872 1456 ex
908 1422 1067 1466 contigua
1108 1421 1206 1455 domo
1237 1432 1356 1455 vocem
1391 1431 1496 1453 aucu-

829 1471 950 1514 pantes
984 1468 1028 1502 ad
1055 1467 1220 1512 parietem
1257 1477 1358 1500 aures
1379 1465 1495 1500 admo-

828 1526 910 1549 vere
934 1514 1103 1548 dicuntur.

876 1571 990 1604 φασιν
1010 1558 1084 1604 ε’τι]
1113 1569 1228 1603 φασιν
1260 1553 1320 1593 ὅτι
1345 1558 1425 1592 Par.
1449 1557 1494 1591 K.

829 1618 923 1651 φασι
958 1607 1057 1640 Vind.
1090 1606 1134 1641 F.
1183 1605 1297 1639 Etiam
1331 1606 1420 1649 Ang.
1452 1604 1495 1638 B.

826 1654 923 1687 Flor.
950 1654 992 1687 R.
1020 1650 1072 1686 ἔτι
1096 1652 1266 1686 omittunt.

873 1699 1010 1756 τοῦτο]
1036 1699 1150 1733 τοῦτο
1171 1696 1215 1732 τὸ
1242 1697 1336 1731 Flor.
1354 1697 1400 1731 T.

874 1739 929 1793 ῳ]
965 1742 1017 1786 ὥς
1040 1745 1128 1780 Lob.
1168 1746 1249 1781 Vat.
1283 1743 1364 1778 ΒΜ.
1397 1742 1494 1778 Flor.

870 1835 909 1872 δὲ
896 1839 932 1882 ]
968 1834 1164 1872 3’E11seb.
1212 1836 1280 1870 Pro
1307 1832 1492 1892 ἀμφισβη-

823 1885 977 1924 τοῦντες
1010 1883 1275 1929 exspectabatur
1310 1879 1495 1940 ἀμφισβη-

824 1931 975 1973 τοῦσιν,
1009 1930 1099 1975 quod
1132 1929 1352 1983 praecedenti
1378 1927 1494 1972 φασιν

825 1978 1070 2021 responderet3
1112 1980 1216 2021 atque
1247 1975 1299 2009 ita
1331 1976 1495 2020 scriptum

829 2037 851 2059 a
886 2024 1029 2057 Theone
1071 2022 1229 2057 vidimus.
1299 2022 1370 2055 Sed
1406 2021 1496 2054 redit

828 2069 938 2105 oratio
963 2069 1006 2103 ad
1030 2067 1269 2122 participium,
1304 2079 1326 2101 a
1349 2079 1416 2113 quo
1442 2068 1494 2100 fe-

827 2121 923 2151 cerat
946 2115 1101 2157 initium,
1145 2114 1242 2172 quasi
1279 2114 1383 2148 etiam
1419 2110 1494 2158 φά-

827 2173 995 2206 σκοντες,
1031 2173 1098 2196 11011
1123 2159 1239 2205 φασὶν
1261 2161 1410 2206 positum
1437 2171 1495 2194 es-

826 2212 893 2244 set.

873 2251 1139 2299 φθεγγομένων
1149 2253 1164 2298 ]

829 2301 912 2336 Ven.
939 2300 978 2334 B.
1002 2301 1081 2335 Vat
1107 2299 1152 2333 H.

871 2344 1106 2401 ἀμφότεροι]
1143 2342 1340 2390 ἀμφότερα
1365 2344 1494 2379 Euseb.

870 2390 1169 2438 προστησάμενοι
1191 2394 1203 2437 ]
1241 2388 1495 2435 προησάμενοι
1518 2399 1554 2440 Β

824 2441 1038 2485 Ang.13.et
1060 2450 1176 2482 margo
1201 2438 1292 2471 Flor.
1317 2438 1360 2471 R.
1398 2437 1494 2470 Idem

825 2487 911 2520 liber
936 2498 955 2520 a
979 2497 1024 2519 111.
1048 2496 1074 2519 s
1100 2482 1296 2528 δεξάμενοι
1316 2480 1493 2527 α’ρεσθέν-

826 2544 886 2573 τες
900 2532 1053 2588 vulgato
1077 2531 1312 2578 superscripta
1336 2530 1450 2563 habet.

872 2576 969 2622 μεν]
1004 2577 1070 2621 μὲν
1098 2578 1169 2611 οὐν
1193 2577 1285 2610 Flor.
1310 2577 1355 2611 T.

875 2621 1095 2668 κολλόπων]
1136 2620 1310 2658 κολόπων
1338 2622 1429 2656 Μοη.
1455 2622 1494 2656 Β.

829 2671 922 2705 Flor.
949 2671 995 2704 U.
1020 2670 1228 2704 κολλοπίων
1252 2670 1330 2703 Par.
1354 2669 1399 2704 Κ.
1425 2680 1490 2702 sec

830 2718 905 2762 Bip.
930 2717 1020 2761 quod
1044 2717 1118 2751 sine
1140 2715 1285 2750 alticulo
1305 2715 1494 2749 5311500111-

830 2763 962 2797 modum
988 2766 1088 2796 esset.
1114 2759 1311 2796 καλλόπων
1336 2762 1416 2796 Vat.
1440 2761 1488 2794 M.

828 2807 1020 2844 κολλόπων
1052 2821 1126 2843 cum
1160 2808 1183 2854 β
1213 2820 1316 2855 super
1339 2817 1367 2841 π
1390 2807 1489 2841 Vind.

1234 2249 1495 2297 φθεγγόμενον
