1807 3219
204 258 238 299 B
269 254 344 297 καὶ
395 251 454 308 μή
516 251 685 308 ἀποστῇ
705 283 717 302 ,

273 146 358 186 316

783 253 889 306 πρὶν
935 251 991 296 ἄν
1048 252 1156 298 αὐτό

736 141 1212 186 PLATONIS

1223 255 1249 299 ὃ
1306 257 1421 299 ἔστιν
1479 254 1655 310 ἀγαθόν

268 321 381 379 αὐτῇ
420 319 571 376 νοήσει
607 319 744 376 λάβῃ,
786 318 854 363 ἐπ’
888 320 1009 381 αὐτῷ
1045 323 1238 377 γίγνεται
1274 328 1336 384 τῷ
1374 327 1456 367 τοῦ
1486 327 1653 379 νοητοῦ

265 391 393 442 τέλει,
436 389 580 442 ὥσπερ
611 387 776 439 ἐκεῖνος
805 388 901 432 τότε
932 390 1000 433 ἐπὶ
1036 395 1100 448 ,τῷ
1130 395 1214 434 τοῦ
1244 389 1431 446 ὁρατοῦς
1476 391 1655 436 Παντά-

264 469 372 502 πασι
410 457 488 512 μὲν
519 453 633 509 οὖν,
683 456 778 513 ἔφη.
844 459 895 500 Τι’
925 453 1034 509 οὖνς
1085 458 1142 502 ου’
1175 459 1655 517 διαλεκτικὴνταύτην

265 526 346 583 τήν
375 526 561 582 πορείαν
589 529 757 577 καλεῖςς
792 527 842 569 Τι’
861 526 971 583 μὴνς
997 525 1052 570 ‘H
1079 527 1126 571 δέ
1154 545 1227 585 γε,
1257 523 1315 586 ἦν
1338 527 1379 574 δ’
1402 527 1502 585 ἐγώ,
1527 528 1654 580 λύσις

264 698 400 732 desistit
425 700 491 732 etc.
541 697 656 737 Quam
678 697 769 731 viam
792 710 812 732 3
836 698 927 732 Bek-

263 745 347 778 kero
373 748 408 777 et
431 743 653 777 Stallbaumio
678 744 711 777 in
737 756 788 788 pr.
813 748 928 778 tenta—

262 795 332 824 tam
363 790 462 823 valde
496 789 692 846 impeditam
724 791 837 823 reddit
869 803 927 824 co-

263 836 363 881 pulae
392 839 471 880 post
505 833 667 881 ἐπιχειρῆ
702 836 856 871 defectus
892 840 927 870 et

263 882 354 925 quod
378 885 543 915 commate
574 883 630 915 illo
655 883 688 915 in
715 883 788 916 loco
814 883 924 927 posito

261 929 338 962 fieri
362 928 418 961 vix
442 931 574 972 potest,
607 928 686 972 quin
712 925 809 976 ὁρμᾷ
837 930 926 962 indi-

261 975 392 1007 cativus
418 979 453 1006 et
484 975 520 1008 in
544 975 685 1032 apodosi
708 987 784 1008 esse
807 975 926 1009 videa-

261 1023 329 1054 tur.
353 1021 477 1065 Itaque
501 1021 589 1054 inter
611 1019 675 1054 καὶ
700 1025 735 1054 et
756 1019 806 1065 μὴ
831 1019 924 1055 οἷπο-

262 1067 329 1111 στῇ
355 1067 480 1110 aliquid
503 1067 720 1100 inserendum
737 1068 815 1109 erit,
834 1068 924 1113 quod

261 1112 506 1145 coniunctivum
561 1117 660 1156 regat
713 1113 925 1170 alteramque

260 1159 413 1203 protasin
437 1159 566 1192 efficiat
590 1171 664 1192 cum
688 1161 792 1193 verbo
808 1160 922 1204 γίγνε-

259 1217 322 1238 ται
347 1205 415 1243 sic
448 1208 486 1237 ut
519 1205 633 1261 priora
665 1205 723 1238 illa
747 1202 840 1239 ὅταν
870 1219 925 1246 τις

258 1251 311 1297 τῷ
329 1248 447 1294 &caleo
448 1252 565 1284 εσθαι
585 1248 747 1296 ἐπιχειρῇ
767 1264 840 1286 cum
863 1249 924 1297 ὁρ-

258 1297 310 1343 μᾷ
347 1298 593 1332 cohaerentem.
650 1300 698 1331 Ac
730 1299 925 1342 Stephanus

257 1334 393 1389 quidem
432 1340 499 1377 εἀν
531 1344 688 1383 inseruit,
724 1344 852 1386 Ficini‚
885 1349 924 1379 ut

260 1390 403 1434 opinor,
427 1390 742 1435 interpretationem
765 1371 920 1425 secu'tus·

257 1437 354 1470 haud
379 1448 474 1469 secus
500 1449 573 1469 cnm
603 1438 677 1480 quis
694 1438 742 1470 ad
761 1438 922 1471 dialecti-

257 1495 334 1516 cam
365 1488 477 1516 artem
504 1483 692 1516 disserendi
723 1494 758 1516 se
787 1485 923 1526 confert

257 1531 381 1574 absque
401 1530 569 1570 sensibus,
593 1530 729 1562 ratione
748 1530 923 1564 duntaxat

256 1576 304 1609 ad
328 1576 438 1619 ipsum
460 1600 467 1614 ,
515 1576 606 1618 quod
636 1581 686 1608 est
704 1601 714 1616 ‚
747 1577 923 1619 quodlibet

254 1622 380 1655 nititur
391 1634 401 1654 .·
427 1621 484 1665 qui
496 1622 525 1654 si
541 1633 608 1654 non
622 1622 797 1655 destiterit
811 1624 921 1666 prius,

255 1678 358 1712 quam
378 1668 510 1711 ipsum,
536 1668 627 1711 quod
645 1673 693 1701 est
709 1669 845 1709 bonum,
866 1669 921 1702 in-

253 1714 452 1759 telligentia
485 1715 563 1758 ipsa
589 1715 804 1758 perceperit,
839 1720 921 1749 tunc

255 1761 391 1793 demum
444 1760 493 1794 ad
537 1761 648 1803 finem
691 1761 921 1806 intelligibilis

253 1807 361 1850 ipsius
389 1807 442 1839 ita
468 1807 646 1850 pervenit,
669 1812 708 1840 ut
738 1807 798 1840 ille
831 1809 921 1842 alter

254 1853 303 1886 ad
319 1853 462 1885 visibilis
475 1854 585 1896 finem
605 1853 772 1886 ascendit.
794 1852 849 1886 cui
863 1866 921 1887 co-

253 1898 347 1931 dices
381 1909 468 1937 non
515 1902 554 1931 ut
587 1898 692 1940 alibi,
743 1910 918 1933 assensum

252 1924 496 1989 praebuerunt.
553 1944 666 1978 Minus
699 1944 803 1978 etiam
836 1957 917 1991 pro-

252 1990 329 2023 bari
353 1994 468 2035 potest
492 1990 556 2044 εἰ,
557 1991 655 2046 quod
683 1991 769 2035 Ang.
789 1992 830 2026 Β.
856 1993 917 2025 ha-

253 2037 324 2071 bet.
351 2038 517 2082 Superest
540 2032 727 2082 ἢν,(1110(1
753 2049 794 2070 ex
818 2038 916 2073 Vind.

252 2083 293 2118 B.
329 2083 466 2116 allatum
509 2082 840 2118 Schleieimacherus
880 2089 917 2118 et

251 2129 285 2163 in
319 2141 389 2164 sec.
427 2129 671 2163 Stallbaumius
711 2130 919 2173 asciverunt,

251 2175 343 2220 quod
367 2175 469 2208 etiam
493 2175 587 2209 Mon.
614 2177 655 2210 C.
679 2176 828 2210 exhibet.
876 2177 916 2210 Id

253 2221 340 2256 ferri
364 2233 463 2266 posse
488 2233 553 2255 non
577 2234 686 2265 nego
711 2234 917 2275 quamquam

252 2269 366 2302 fateor
400 2279 510 2323 neque
540 2268 575 2301 in
606 2268 737 2312 protasi
772 2269 830 2302 1113
862 2269 915 2303 (11-

250 2314 396 2347 ctionem
408 2310 601 2357 ἐπιχειρεῖν
615 2315 665 2359 τῷ
679 2312 915 2357 διαλέγεσθαι

249 2365 330 2406 post
353 2360 465 2415 paullo
499 2363 577 2393 ante
611 2361 760 2405 positam
785 2358 915 2404 ἐπιχει-

250 2409 329 2450 ρεῖν
351 2402 592 2450 ἀποβλέπειν,
618 2419 727 2451 118(1118
752 2407 916 2451 apodosin

248 2452 359 2497 ipsam
398 2464 603 2496 magnopere
643 2453 724 2485 mihi
763 2454 913 2497 placere,

248 2510 350 2544 quum
387 2498 550 2532 Socrates
594 2500 753 2543 effectum
786 2500 913 2544 potius,

248 2556 351 2589 quam
375 2550 536 2579 conatum
560 2545 759 2578 dialecticae
783 2546 913 2579 descri-

248 2593 332 2624 bere
355 2591 499 2635 ideoqne
525 2591 653 2624 rectius
678 2591 843 2644 apodosin
866 2592 913 2625 illi

249 2648 449 2677 reservare,
481 2637 569 2670 hunc
600 2637 636 2670 in
664 2637 792 2681 protasi
816 2637 912 2671 dein-

247 2694 329 2728 ceps
352 2661 570 2726 signi'ficare,
594 2683 758 2727 denique,
783 2683 813 2717 si
836 2683 913 2729 ipse

246 2729 279 2763 h.
305 2731 328 2763 l.
352 2740 439 2769 eum,
463 2728 521 2773 qui
544 2728 742 2763 dialecticae
764 2730 913 2772 studeat,

246 2775 378 2808 ratione
401 2754 444 2808 ad
467 2774 521 2817 id,
559 2775 650 2828 quod
673 2779 749 2817 est,
773 2779 913 2810 conten-

246 2821 332 2855 dere
354 2819 490 2863 docuit,
524 2819 634 2855 miuus
657 2826 742 2867 apte
763 2821 911 2857 interro-

985 698 1153 742 gationem
1187 699 1277 734 illam
1309 701 1347 735 τί
1379 694 1472 741 ου’νς
1499 697 1546 734 ον’
1575 699 1653 734 δια-

984 744 1153 790 λεκτικὴν
1167 744 1308 790 ταύτην
1328 745 1396 791 τὴν
1416 747 1573 790 πορείαν
1588 758 1653 780 κα-

984 793 1081 832 λεῐςς
1101 792 1271 826 subiicere
1288 793 1466 834 videatur3
1492 793 1551 826 sed
1572 796 1652 827 ante

983 838 1096 871 onmia
1129 839 1261 872 codices
1297 839 1534 894 respiciendos
1571 851 1650 872 cen·

984 895 1054 924 seo,
1078 887 1112 917 in
1136 885 1259 940 quibus
1279 881 1409 938 ὁρμᾲν
1432 885 1522 918 haud
1547 885 1650 918 dubie

981 929 1146 963 facilius*
1138 943 1171 964 111
1198 927 1295 984 ὁρμᾷ
1321 931 1454 973 mutari,
1478 943 1580 975 quam
1596 927 1648 983 ᾖν

982 976 1091 1010 omitti
1122 977 1245 1030 potuit.
1299 977 1368 1011 Per
1399 989 1437 1010 se
1465 989 1548 1011 vero
1586 974 1648 1021 ὁρ·-

980 1022 1057 1067 μᾷν
1090 1023 1253 1066 optimum
1285 1035 1360 1057 esse
1404 1023 1478 1068 quis
1519 1024 1647 1068 neget?

981 1068 1033 1113 τῷ
1055 1067 1291 1112 διαλέγεσθαι
1306 1073 1344 1102 ut
1364 1069 1565 1102 Latinorum
1584 1082 1645 1123 ge-

980 1114 1090 1147 rundii
1136 1115 1306 1149 ablativus
1341 1117 1531 1157 actionem,
1578 1113 1643 1150 διὰ

979 1161 1051 1194 τοῦ
1084 1158 1196 1204 λόγον
1221 1174 1293 1195 rem
1313 1187 1323 1202 ‚
1358 1173 1426 1206 qua
1456 1161 1520 1203 id,
1553 1162 1644 1206 quod

981 1209 1052 1248 est,
1088 1207 1249 1252 consequi
1271 1207 1393 1251 aliquis
1417 1208 1550 1249 studet,
1584 1208 1646 1241 de-

980 1255 1107 1286 monstu
1111 1258 1157 1288 at
1205 1253 1281 1286 Nec
1321 1255 1450 1286 frustra
1492 1253 1547 1287 hic
1579 1266 1646 1288 non

980 1295 1209 1353 simpliciter
1191 1299 1322 1352 ορμᾷν
1332 1296 1386 1333 ἐπ
1401 1297 1494 1334 αὐτὸ
1511 1296 1531 1334 ὃ
1547 1297 1645 1334 ἔστιν

981 1341 1157 1389 ε’,καστον
1182 1347 1242 1379 sed
1267 1346 1347 1390 quia
1372 1357 1427 1379 res
1452 1347 1644 1390 magnimo-

978 1390 1101 1425 liminis
1123 1395 1185 1433 est,
1204 1388 1398 1447 ἐπιχειρεῖν
1414 1390 1534 1439 ὁρμᾷν
1552 1392 1647 1435 item,

979 1439 1018 1469 ut
1039 1437 1096 1470 ille
1120 1435 1314 1482 ἐπιχειρεῖν
1342 1428 1568 1484 ἀποβλέπειν
1591 1439 1645 1472 (11-

980 1482 1079 1518 citur.

1027 1526 1048 1563 ὃ
1075 1527 1199 1572 ἔστιν]
1238 1525 1263 1563 δ’
1288 1526 1386 1563 ἐστιν
1420 1530 1556 1564 codices
1578 1531 1646 1566 mei

980 1575 1130 1631 editique
1154 1581 1234 1609 ante
1254 1577 1459 1610 Bekkerum.

1025 1620 1147 1666 αὐτῆ]
1175 1616 1225 1656 αὖ
1244 1623 1289 1667 τῇ
1314 1623 1389 1656 Α1(1.
1415 1617 1494 1657 Β35.
1509 1635 1539 1656 3.
1564 1624 1644 1657 Par.
1669 1617 1707 1659 Β

978 1666 1023 1702 Κ.
1047 1680 1112 1702 sec.
1141 1669 1251 1703 Bekk.
1299 1666 1396 1714 αυτῇ
1425 1669 1472 1714 τῇ
1504 1670 1585 1704 Β35.
1609 1670 1643 1705 b.

979 1713 1081 1748 Vind.
1106 1714 1151 1749 Ε.
1182 1716 1268 1751 Ven.
1303 1716 1343 1748 B.
1377 1717 1413 1747 et
1445 1715 1588 1749 articulo
1622 1727 1644 1750 a

978 1761 1132 1794 111.5.111
1157 1773 1202 1795 111.
1226 1761 1336 1805 posito
1359 1761 1454 1795 Mon.
1477 1762 1519 1796 B.

1021 1804 1146 1860 λάβῃ]
1171 1805 1281 1852 λάβοι
1305 1808 1390 1841 Lob.
1415 1808 1502 1843 Ven.
1526 1809 1566 1841 Β.
1601 1808 1643 1842 Ι11

978 1852 1179 1887 editionibus
1215 1853 1366 1887 omnibus
1401 1865 1469 1887 una
1492 1854 1642 1889 Bekkeri

974 1903 1119 1954 excepta
1144 1903 1224 1955 post
1261 1897 1356 1944 λάβῃ
1382 1899 1541 1944 leguntur
1563 1912 1641 1934 ver-

973 1946 1019 1978 ba
1042 1943 1126 1979 τότε
1148 1943 1214 1990 δὴ,
1253 1957 1343 1991 (11138
1374 1958 1475 1990 (11111111
1508 1950 1640 1980 tantum

973 1991 1076 2026 Vind.
1099 1992 1176 2026 EF.
1200 1992 1284 2026 Ven.
1309 1992 1348 2027 B
1372 1993 1637 2036 Ang.B.F10r.

974 2038 1083 2073 CRT.
1107 2044 1143 2071 et
1166 2038 1279 2072 Ficini
1298 2038 1504 2072 auctoritate
1524 2039 1638 2073 nitan-

972 2087 1047 2126 tur,
1076 2096 1185 2129 neque
1210 2088 1278 2118 tam
1302 2090 1383 2118 tunc
1401 2085 1547 2126 demum,
1572 2097 1638 2120 non

971 2110 1100 2174 priris,
1144 2142 1246 2176 quam
1284 2130 1415 2164 omnino
1462 2133 1638 2175 perveniri

972 2176 1052 2210 illuc
1077 2189 1138 2218 ea,
1174 2189 1241 2221 qua
1265 2175 1392 2209 dictum
1424 2177 1555 2219 fuerat,
1580 2178 1636 2211 via

973 2223 1126 2256 Socratis
1149 2222 1318 2256 interesse
1342 2222 1499 2256 videatur
1523 2228 1636 2257 osten-

971 2269 1071 2311 dere,
1105 2269 1146 2302 ad
1182 2270 1265 2302 llaec
1297 2266 1385 2302 τότε
1413 2270 1525 2313 paullo
1559 2274 1638 2324 post

972 2315 1039 2348 alia
1086 2314 1336 2358 significatione
1384 2316 1530 2358 positum
1577 2316 1636 2359 sit,

970 2361 1091 2394 merito
1122 2362 1301 2417 Β8κκ81115
1326 2360 1446 2396 omisit.

1018 2403 1135 2453 αὐτῷ]
1162 2404 1255 2442 αυτὸ
1282 2408 1368 2441 Lob.
1394 2408 1474 2443 Vat.
1495 2409 1537 2444 Β.
1565 2421 1633 2443 αν-

969 2454 1039 2487 τοῦ
1065 2442 1157 2487 M‘on.
1182 2454 1222 2488 Β.

1014 2499 1202 2556 γίγνεται]
1217 2500 1299 2556 γίν.
1323 2500 1425 2536 Vind.
1450 2500 1494 2535 Ε.

1014 2543 1174 2600 ἐκεῖνος]
1209 2543 1326 2600 ἐκείνη
1349 2547 1449 2580 1(18111.
1495 2547 1634 2581 Scilicet

967 2587 991 2637 ἢ
1012 2592 1077 2635 τῆς
1102 2588 1226 2635 ὄψεως
1245 2590 1411 2636 δύναμις.

1015 2639 1067 2672 τῶ
1096 2638 1189 2683 τοῦ]
1225 2639 1277 2685 τῷ
1314 2652 1379 2673 om.
1410 2639 1496 2672 Lob.
1532 2638 1632 2673 Vind.

968 2673 1050 2718 ΒΕ.
1069 2684 1161 2718 Mon.
1190 2685 1231 2718 C.
1254 2674 1466 2719 Vat.BHw1.
1490 2686 1575 2719 Ven.
1591 2685 1631 2718 B.

968 2731 1064 2765 Flor.
1088 2730 1261 2767 ACRTV.
1303 2731 1372 2765 τοῦ
1400 2744 1463 2766 om.
1488 2731 1567 2764 Par.
1593 2732 1632 2764 A.

969 2789 990 2812 a
1012 2788 1056 2810 111.
1107 2788 1134 2809 r.

1020 2822 1066 2857 Τι’
1080 2789 1206 2868 lodan]
1231 2822 1374 2868 Signum
1398 2822 1631 2867 interrogandi
