1807 3219
404 173 742 219 CIVITAS
786 169 909 213 LIB.
939 167 994 209 V.
1023 172 1092 210 460

1398 174 1457 216 45

68 288 177 340 τούς
206 287 254 332 δὲ
282 286 590 345 φαυλοτάτους
621 290 716 336 ταῖς
747 282 1044 341 φαυλοτάταις
1072 280 1352 336 τούναντίον,
1383 284 1459 328 καὶ

68 361 160 402 τῶν
188 356 267 414 μὲν
295 355 349 401 τὰ
371 348 548 412 ιἔκγονα
576 355 796 411 τρέφειν,
821 357 910 397 τῶν
948 353 994 397 δὲ
1036 353 1118 409 μὴ,
1167 353 1204 395 εἰ
1232 352 1376 408 μέλλει
1405 351 1456 396 τὸ
1485 359 1520 401 Ε

67 427 279 481 ποίμνιον
307 442 374 469 ou
403 422 650 479 ἆκρθτᾱῑον
679 422 811 468 δῖναι

857 422 931 466 καὶ
961 425 1099 464 ταῦτα
1129 436 1275 464 navt&
1304 438 1459 478 γιγνο-

67 510 180 552 μενα
210 492 448 538 λανθανειν
474 491 589 548 πλὴν
631 491 794 542 αὐτοὺς
832 491 939 541 τούς
978 489 1220 544 ἄρχοντας,
1273 490 1311 531 εἰ
1345 491 1402 532 αὐ
1431 486 1460 545 ἦ

71 562 203 620 ἀγέλη
231 567 318 607 τῶν
348 561 560 619 φυλάκων
591 560 659 605 ὅτι
687 559 873 617 μαλιστα
895 557 1183 608 ἀστασίαστος
1201 556 1329 600 ἔσται.
1360 556 1462 612 Ορ-

67 631 237 677 θότατα
250 665 260 684 ,
312 631 406 688 ἔφη.

479 629 661 674 Οὐκοῦν
707 627 759 684 δή
803 627 952 682 ἑορταί
992 643 1103 678 τινες
1146 629 1461 684 νομοθετητέαι

70 701 270 752 ἔσονται,
301 698 349 743 ἐν
380 696 448 750 αἷς
479 697 720 754 ξυνάξομεν
750 695 825 748 τάς
854 699 909 739 τε
928 695 1107 751 νύμφας
1125 696 1199 739 καὶ
1218 695 1322 748 τούς
1345 713 1457 752 νυμ-

55 771 228 826 φίους,
267 768 341 812 καὶ
370 767 550 820 θυσίαι,
600 767 673 809 καὶ
712 765 846 821 ὕμνοι
885 765 1082 820 ποιητέοι
1111 768 1204 816 τοῖς
1232 763 1459 821 ἡμετέροις

67 841 269 894 ποιηταῖς
297 835 536 892 πρέποντες
566 840 658 887 τοῖς
686 834 961 891 γιγνομένοις
988 831 1169 889 γάμοις·
1199 831 1248 877 τὸ
1281 833 1327 876 δὲ
1346 837 1456 890 πλῆ-
1480 841 1550 876 460

114 959 348 1006 οἷκρότατον]
394 961 580 1004 „Quanvis
623 958 735 1005 α’κρό-

67 1021 182 1043 τατον
223 1019 409 1052 agnoscere
447 1009 605 1041 videatur
641 1007 735 1041 Fici-

68 1066 144 1097 nuS‚
170 1055 228 1100 qui
251 1056 512 1098 interpretatur,
537 1055 577 1087 Si
604 1067 738 1088 armen-

69 1107 143 1135 tum
167 1103 317 1135 futurum
340 1101 385 1134 sit
404 1100 738 1134 excellentissimum:

69 1152 266 1192 suspectum
297 1151 410 1180 tamen
442 1147 568 1180 habeo:
605 1153 641 1180 et
677 1159 737 1180 ve—

69 1205 149 1228 reor
182 1205 225 1226 ne
262 1204 323 1237 pro
366 1189 636 1235 οἷκεραιότατον
678 1197 737 1226 aut

72 1236 331 1286 ἄκρατότατον
376 1239 565 1296 irrepserit.
645 1239 738 1272 Dicit

71 1290 166 1320 certe
198 1282 309 1341 paulo
333 1289 441 1340 post,
482 1284 584 1328 εἴπερ
617 1283 735 1328 μέλλει

71 1330 247 1375 καθαρὸν
270 1329 313 1365 τὸ
341 1329 447 1374 γένος
470 1331 545 1364 τῶν
560 1329 737 1374 φυλακων

73 1377 263 1412 ε’σεσθαι.“
311 1378 432 1422 steph.
470 1383 583 1410 annot.
619 1389 653 1423 p.
680 1379 736 1411 21.

72 1424 143 1458 Sed
175 1424 232 1458 illo
266 1422 340 1457 loco
376 1424 427 1468 (p.
452 1424 530 1459 460.
558 1423 619 1468 C.)
651 1435 738 1457 non-

71 1470 135 1505 nisi
171 1469 214 1504 de
248 1469 458 1507 excludenda
500 1470 596 1514 prole
639 1470 738 1506 ‹lete-

71 1517 183 1558 tiore,
216 1515 271 1549 hic
300 1528 383 1549 vero
420 1516 522 1550 etiam
547 1516 590 1549 de
612 1527 739 1569 procu-

71 1563 181 1596 randa
204 1561 331 1606 optima
355 1574 464 1596 sermo
488 1565 561 1604 est,
598 1574 686 1607 quae
709 1561 738 1595 si

72 1608 140 1643 rite
163 1613 380 1650 succrescat,
419 1620 485 1642 non
519 1608 625 1642 solum
650 1608 738 1641 inte-

73 1666 170 1699 grum
205 1659 266 1688 aut
299 1654 598 1688 incontaminatum
619 1680 629 1696 ,
678 1654 739 1688 sed

74 1700 205 1734 omnino
260 1701 545 1745 perfectissimum
601 1712 740 1745 gregem

73 1747 149 1780 fieri
173 1758 315 1780 necesse
339 1747 395 1782 sit.
431 1748 553 1790 Itaque
577 1747 740 1791 ampliore

75 1793 129 1826 hic
154 1793 285 1826 nomine
309 1793 430 1827 utitur.
483 1793 537 1826 Cf.
563 1803 668 1838 supra
691 1793 737 1826 B:

77 1836 227 1883 σφόδρα
260 1834 394 1883 ἄκρων.
439 1843 474 1872 et
507 1838 591 1893 Leg.
630 1838 671 1872 L.
697 1839 739 1872 V.

76 1897 110 1930 p.
133 1886 211 1920 730.
238 1885 291 1918 Ε.
326 1884 389 1919 και
412 1883 481 1919 τὸν
503 1882 570 1928 μὲν
593 1885 742 1928 μεταδι-

77 1928 196 1965 δόντα
221 1927 282 1970 αἱς
297 1928 506 1974 οἷκρότατον
529 1929 595 1975 χρὴ
616 1931 741 1977 τιμᾷν.

77 1977 285 2011 Lucian.T.
314 1967 741 2033 V11.pag.236.Lehm.

77 2023 215 2057 τοῦτον
250 2020 390 2057 εκεῖνον
431 2022 501 2057 τὸν
534 2020 743 2067 ἀκρότατον

62 2065 118 2103 -ἐν
141 2067 241 2115 πάση
263 2070 376 2116 κακίᾴ
398 2067 602 2114 λεγόμενον.

125 2159 265 2206 πάντα]
291 2161 396 2204 „Non
414 2162 534 2196 dubito
552 2162 632 2208 quin
656 2161 743 2196 scri-

79 2208 227 2243 bendum
248 2207 309 2242 sit
315 2219 468 2248 παντας.
474 2210 497 2228 “
535 2209 656 2254 steph
683 2220 743 2242 an-

73 2258 151 2288 not.
183 2265 217 2298 p.
242 2256 299 2288 21.
355 2254 422 2288 Cui
454 2255 571 2288 Astius
604 2267 647 2288 ne
681 2255 746 2288 hoc

81 2299 215 2354 quidem
239 2300 424 2334 concedere
455 2301 623 2342 debebat,
655 2300 747 2334 Fici-

82 2357 161 2380 num
191 2346 242 2379 ita
272 2345 396 2390 legisse
425 2346 541 2380 videri.
590 2347 626 2379 Is
659 2346 746 2380 enim

81 2393 168 2427 haec
191 2392 319 2425 habet·
345 2398 378 2426 et
403 2393 488 2426 haec
513 2393 640 2434 omnia,
666 2393 746 2426 dum

82 2443 253 2484 agantur,
275 2439 317 2471 ab
338 2440 488 2472 omuibus
503 2444 748 2483 praeterquam

84 2497 107 2519 a
128 2485 340 2530 principibus
362 2485 535 2531 ignorari.

130 2561 350 2609 λανθάνειν]
374 2562 574 2610 λαμβάνειν
591 2564 691 2599 vind.
705 2565 748 2599 F.

87 2641 372 2725 ΙιιἹὈρθότατα]
408 2641 613 2689 ὀρθαίτατα
646 2645 748 2680 Vind.

131 2758 434 2804 νομοθετητέαι]
499 2759 751 2804 νομοθετηταὶ

86 2805 166 2885 gat.
180 2807 219 2840 B.
245 2808 378 2853 legibus
401 2807 590 2852 designata
613 2807 750 2851 (erunt)

119 2863 149 2886 1c

842 958 1003 1004 ἔσονται]
1022 972 1087 995 om.
1107 959 1193 993 Lob.
1209 959 1461 994 Vind.BDEF.

794 1007 887 1041 Mon.
921 1007 961 1040 Β.
1016 1006 1095 1039 Vat.
1133 1006 1248 1039 BHM.
1297 1006 1381 1038 Ven.
1418 1005 1459 1039 C.

794 1055 873 1087 Par.
889 1053 965 1086 DK.
991 1053 1126 1096 Ang.B.
1147 1053 1238 1085 Flor.
1252 1052 1460 1086 ACRTUV.

795 1099 1051 1133 Stallbaumius.
1095 1099 1224 1143 Utique
1248 1098 1379 1139 mirum,
1403 1097 1463 1143 qui

794 1146 829 1179 in
853 1150 906 1179 tot
932 1145 1104 1178 codicibus
1118 1146 1258 1178 verbum
1283 1144 1462 1184 exciderit,

794 1192 854 1226 sed
879 1191 984 1235 magis
1017 1191 1119 1224 etiam
1143 1192 1281 1232 mirum,
1312 1190 1370 1235 qui
1401 1190 1463 1224 de-

794 1239 937 1272 siderari
962 1250 982 1271 a
1006 1237 1157 1270 librariis
1183 1241 1237 1279 et,
1271 1235 1299 1270 si
1327 1236 1463 1270 deside-

793 1290 960 1326 raretur,
996 1285 1146 1317 futurum
1181 1283 1318 1327 potius,
1362 1293 1463 1328 quam

793 1341 956 1376 praesens
985 1329 1212 1363 necessarium
1251 1328 1359 1362 videri
1400 1340 1464 1373 po·-

795 1377 912 1410 tuerit.
973 1377 1187 1420 Quamquam
1230 1387 1270 1409 eo
1312 1375 1464 1408 adhibito

795 1435 862 1457 non
895 1422 1002 1456 solum
1043 1422 1229 1466 pleniorem
1274 1421 1465 1455 orationem

795 1470 891 1511 fieri,
924 1469 984 1502 sed
1019 1468 1121 1501 etiam
1153 1467 1397 1501 dubitationem
1422 1467 1466 1500 de

796 1522 949 1560 tempore
973 1514 1044 1547 tolli
1069 1519 1225 1558 apparet.
1287 1514 1409 1558 Itaque
1433 1512 1465 1546 si

796 1573 864 1596 non
888 1562 923 1595 in
947 1561 1075 1605 optimo
1102 1560 1242 1601 codice,
1275 1564 1335 1593 aut
1369 1559 1400 1593 si
1430 1559 1466 1592 in

797 1621 838 1642 eo
862 1619 927 1641 uno
952 1607 1150 1650 legeretur,
1175 1605 1329 1651 quamvis
1348 1617 1410 1651 per
1426 1616 1466 1638 se

797 1653 992 1699 probabile,
1016 1658 1130 1686 tamen
1150 1652 1381 1696 recipiendum
1399 1662 1467 1685 non

797 1706 976 1746 putarem,
1001 1699 1185 1732 accedente
1209 1710 1291 1732 vero
1317 1702 1368 1731 et
1378 1698 1466 1731 alte-

798 1747 868 1780 rius
895 1745 1017 1779 Veneti
1051 1750 1086 1779 et
1118 1744 1228 1778 Ficini
1262 1744 1466 1779 auctoritate

798 1794 914 1826 facere
938 1803 1004 1825 non
1027 1791 1148 1836 potui,
1172 1790 1254 1837 quin
1277 1795 1438 1825 tenerem.

845 1883 1016 1928 θυσίαι,]
1043 1883 1154 1928 Vulgo
1180 1894 1308 1917 comma
1331 1882 1441 1917 deest.

844 1972 1056 2021 ἡμετέροις]
1081 1972 1275 2020 ’ὑμετέροις
1297 1974 1384 2009 Lob.

847 2043 1074 2090 πρέποντες]
1100 2043 1304 2090 πρεπὸντες
1321 2043 1421 2081 idem.

848 2113 1020 2159 γάμοις·]
1068 2112 1228 2158 γάμοις,-

802 2161 919 2195 Astius
949 2162 982 2194 in
1016 2165 1097 2194 tert.
1134 2161 1186 2193 ed.
1223 2163 1258 2193 et
1292 2160 1468 2194 Stallbau—

802 2207 899 2242 mius.
925 2206 1032 2240 Iidem
1051 2207 1084 2241 in
1110 2207 1179 2241 fine
1201 2207 1385 2240 verborum
1403 2206 1471 2240 So-

804 2253 908 2287 cratis
926 2252 1114 2297 γίγνητοιι,·
1138 2252 1302 2286 scribunt.
1326 2252 1472 2286 Utrum-

804 2311 871 2345 que
922 2311 987 2333 non
1035 2300 1207 2344 ineptum,
1256 2298 1316 2332 sed
1363 2298 1471 2332 minus

804 2350 920 2391 aptum
956 2346 1101 2380 videtur.
1150 2345 1298 2379 Primum
1337 2344 1470 2378 Glauco

804 2404 870 2425 non
893 2392 942 2425 ita
973 2392 1176 2437 respondet,
1224 2389 1345 2424 deinde
1378 2390 1470 2435 quod

802 2437 927 2472 incerti
950 2438 1105 2472 Socratis
1137 2436 1248 2471 oratio
1280 2436 1404 2478 habet,
1436 2435 1471 2470 id

803 2488 957 2527 tempore
980 2485 1119 2525 futuro,
1143 2495 1208 2528 quo
1232 2482 1361 2524 utitur,
1385 2482 1472 2516 satis

804 2530 1031 2585 significatum
1065 2535 1137 2572 est3
1185 2528 1330 2573 denique
1361 2527 1470 2570 initio,

807 2576 837 2609 si
863 2573 1003 2610 ου’κοῦν
1028 2574 1073 2620 δὴ
1100 2587 1163 2620 pro
1188 2576 1260 2608 iam
1284 2575 1395 2619 igitur
1413 2586 1472 2608 ac-

808 2621 997 2666 cipiendurn
1029 2627 1102 2663 est,
1145 2621 1326 2654 affirmatio
1363 2620 1470 2662 magis

813 2668 979 2701 convenit.
1032 2669 1155 2721 Itaque
1179 2666 1231 2699 hic
1256 2666 1353 2700 colon
1376 2666 1470 2700 tenui

808 2714 897 2759 quod
922 2714 1036 2747 Astius
1059 2714 1093 2746 in
1125 2713 1231 2758 prima
1263 2715 1298 2746 et
1321 2712 1471 2746 secunda

809 2760 862 2793 ed.
896 2771 956 2804 pro
989 2765 1113 2804 puncto
1149 2759 1307 2803 priorum
1342 2758 1469 2803 posuit,

807 2805 841 2839 in
865 2805 933 2838 fine
957 2817 1031 2839 cum
1055 2805 1205 2839 omnibus
1229 2804 1387 2838 Bekkero
1408 2814 1469 2838 an-

807 2851 991 2886 terioribus
1015 2857 1176 2898 punctum
1198 2850 1275 2885 feci.

1276 2113 1466 2155 Bekkerus,
1488 2117 1560 2154 460
