1807 3219
304 150 387 189 196

747 144 1229 190 PLATONIS

246 272 281 313 E
305 258 418 302 πολὺ
456 260 623 313 μᾶλλον
658 255 820 300 τοιαῦτ’
861 257 967 301 ἄττα
1008 256 1178 315 ῥήματα
1206 255 1443 311 ἐξεπίτηδες
1484 251 1686 309 ἀλλήλοις

308 324 593 383 ὡμοιωμένα,
633 322 730 368 ἀλλ’
763 324 846 370 οὐκ
885 324 971 370 ἀπὸ
1011 331 1092 371 τοῦ
1135 323 1388 380 αὐτομάτου
1424 320 1565 376 ὥσπερ
1601 326 1686 366 νῦν

308 391 602 449 συμπεσόντα·
644 392 788 450 ἄνδρα
819 394 865 438 δὲ
907 391 1040 450 ἀρετῇ
1077 391 1386 448 παρισωμένον
1415 389 1686 446 καὶώμοιω-

307 465 442 520 μένον
492 462 615 518 μέχρι
652 467 733 506 τοῦ
789 466 983 507 δυνατοῦ
1020 463 1172 512 τελέως
1211 461 1324 515 ἔργῳ
1364 476 1408 503 τε
1446 459 1519 502 καὶ
1557 460 1686 516 λόγῳ,

309 529 634 575 δυναστεύοντα
677 530 725 573 ἐν
778 530 903 574 πόλει
952 529 1076 586 ἑτέρα
1127 528 1309 586 τοιαύτῃ
1335 560 1345 580 ,
1410 526 1464 570 οὐ
1515 526 1688 571 πώποτε

217 605 284 641 499
310 598 554 654 ἑωράκασιν
584 596 683 641 οὔτε
714 598 792 640 ἕνα
823 597 924 641 οὔτε
953 600 1143 647 πλείους.
1182 597 1211 653 ἢ
1241 599 1344 647 οἴεις
1387 595 1601 651 Ου’δαμῶς
1629 612 1689 651 γε.

310 665 425 712 Οὐδέ
453 683 502 722 γε
532 661 589 709 αὖ
618 665 786 721 λόγων,
825 661 862 710 ὦ
891 666 1101 722 μακάριε,
1144 669 1292 708 καλῶν
1322 681 1365 708 τε
1405 665 1479 708 καὶ
1514 664 1689 707 ἐλευθέ-

308 752 400 791 ρων
430 737 593 785 ἱκανῶς
622 734 802 791 ἐπήκοοι
830 734 1083 791 γεγόνασιν,
1117 735 1225 777 οἴων
1257 737 1394 790 ζητεῖν
1415 732 1492 788 μὲν
1512 732 1561 775 τό
1585 731 1690 789 ἀλη-

307 803 386 855 θὲς
416 802 734 858 ξυντεταμένως
763 803 810 847 ἐκ
839 803 1002 854 παντὸς
1032 801 1200 856 τρόπου
1238 805 1320 845 τοῦ
1349 805 1518 856 γνῶναι
1547 800 1690 856 χάριν,

308 871 361 916 τὰ
392 872 438 915 δὲ
466 871 613 927 κομψά
644 888 689 915 τε
718 872 790 915 καὶ
820 871 1015 927 ἐριστικὰ
1054 871 1127 914 καὶ
1167 869 1390 925 μηδαμόσε
1421 868 1576 913 ἄλλοσε
1604 871 1691 913 τεί-

309 957 468 993 νοντα,
508 938 536 996 ἢ
565 939 674 995 πρὸς
713 938 846 993 δόξαν
887 941 959 984 καὶ
994 939 1110 996 ἔριν,
1151 937 1224 981 καὶ
1264 936 1312 980 ἐν
1356 938 1497 989 δίκαις
1532 937 1606 982 καὶ
1645 936 1693 981 ἐν

251 1231 286 1272 Ε

224 2179 295 2216 499

355 1108 465 1155 πολύ]
490 1109 622 1144 πολλοὶ
645 1110 746 1146 Vind.
774 1111 813 1145 Ε.
840 1113 919 1147 vat.
930 1111 975 1146 H.

310 1158 404 1192 Flor.
424 1157 564 1192 ACTV.
591 1169 657 1192 om.
681 1157 754 1190 Fic.

355 1223 498 1260 τοιαῦτ’
522 1221 630 1278 α’ττα]
649 1221 877 1259 τοιαῦτάττα
888 1225 976 1258 Lob.

311 1273 409 1307 Vind.
423 1273 496 1306 BF.
522 1272 680 1305 τοιαῦτα
704 1267 799 1305 ἄττα
818 1271 918 1307 Vind.
933 1272 977 1305 Ε.

309 1317 455 1353 τοιαυτὶ
474 1330 516 1362 γρ
537 1319 617 1353 Par.
636 1318 677 1351 A.

358 1362 591 1410 αὐτομάτου]
616 1376 695 1397 αντ.
716 1363 794 1397 Ald.
815 1375 889 1396 cum
908 1362 977 1396 leni

310 1423 413 1457 super
436 1423 470 1444 ν.

358 1475 617 1522 συμπεσόντα]
645 1477 754 1521 ξυμπ.
780 1477 880 1511 Vind.
901 1477 976 1513 EF.

311 1526 405 1560 Flor.
429 1525 567 1559 ACTV.
593 1526 715 1558 Stallb.

356 1569 617 1626 παρισωμένον
637 1583 700 1604 και
721 1566 975 1625 ὡμοιωμένον]

311 1615 573 1699 σῦαρισὲομένου
616 1615 682 1651 καὶ
736 1613 975 1659 ωμοιωμένου

346 1668 383 1700 at

361 1730 452 1778 ε’ργῳ
482 1743 522 1766 τε
547 1730 611 1766 καὶ
642 1728 761 1778 λόγῳ]
794 1731 932 1766 comma
957 1742 977 1764 a

313 1779 482 1825 prioribus
531 1767 720 1812 editoribus
767 1783 846 1811 ante
892 1777 978 1810 haec

311 1826 457 1879 positum
492 1825 670 1858 Bekkerus
702 1830 797 1857 recte
838 1828 978 1868 postpo-

313 1871 393 1905 suit.
465 1870 631 1904 Vitiosam
675 1869 978 1915 interpunctionem

312 1918 414 1952 etiam
437 1916 577 1950 Ficinus
601 1920 736 1950 secutus
762 1921 833 1949 est:
867 1917 978 1949 virum

314 1970 450 2004 autem,
476 1964 686 2007 quoadfieri
703 1968 828 2007 potest,
851 1963 979 1996 virtute

310 2012 523 2056 perfectum,
560 2022 602 2042 ac
631 2021 840 2053 summopere
868 2010 980 2051 sactis

317 2061 351 2090 et
381 2056 483 2089 dictis
509 2056 575 2089 tali
604 2056 756 2100 quadam
781 2056 818 2088 in
839 2056 981 2090 civitate

312 2107 501 2147 potentem.

364 2169 458 2214 οἴει]
496 2168 558 2204 καὶ
593 2169 664 2204 οἴει
695 2169 781 2204 Lob.
818 2170 917 2204 Vind.
940 2170 980 2205 Β.

316 2217 397 2253 Vat.
424 2216 473 2250 M.

361 2260 490 2296 ἐλευθ
475 2259 582 2307 έρων]
601 2259 824 2306 ἐλευθερίων
845 2261 922 2296 Par.
934 2261 979 2295 K.

316 2320 385 2343 sec.
405 2309 481 2352 Bip.

364 2354 524 2398 ικανως]
551 2366 617 2387 om.
642 2353 715 2387 Fic.

362 2399 539 2455 ἐπήκοοι]
567 2397 729 2433 ἐπείκοοι
751 2400 832 2434 Bas.
856 2400 911 2433 ab.

362 2444 567 2491 γεγόνασιν]
589 2443 867 2490 γεγόνασινασιν
880 2445 979 2479 Vind.

366 2538 470 2583 οἴων]
494 2539 550 2573 Ita
569 2539 648 2572 Par.
665 2538 707 2572 A.
732 2538 825 2581 (cum
842 2548 862 2570 ο
880 2548 982 2582 super

319 2586 498 2629 m..)Mon
522 2585 680 2621 B.F10r.
704 2584 748 2618 U.
783 2587 927 2617 etam.
953 2595 980 2616 s.

319 2633 398 2667 vat.
420 2632 461 2665 Β.
507 2629 608 2675 οἷον,
633 2642 707 2675 sup.
735 2641 805 2673 ων,
829 2629 915 2664 Ven.
939 2630 980 2663 Β.

318 2674 400 2712 οἷον
424 2677 546 2723 reliqui
568 2689 644 2711 cum
668 2676 766 2710 editis
791 2679 871 2710 ante
893 2676 981 2709 Astii

317 2735 386 2757 sec.

363 2765 657 2813 ξυντεταμένως]
689 2777 788 2802 συντ.
812 2767 912 2804 Vind.
938 2767 978 2802 F.

317 2815 410 2850 Flor.
441 2816 484 2849 R.
553 2812 846 2858 ξυντεταγμένως
893 2814 979 2849 Lob.

1031 1109 1130 1143 Vind.
1155 1110 1195 1143 Β.
1220 1108 1299 1144 vat.
1322 1108 1372 1143 M.
1398 1105 1694 1152 ξυντεταμμένως

1033 1162 1111 1190 ante
1136 1167 1223 1189 corr.
1250 1156 1342 1189 Mon.
1367 1156 1405 1190 B.

1077 1199 1233 1246 τρόπον]
1261 1199 1461 1245 προσώπου
1487 1201 1554 1234 Par
1570 1200 1610 1234 A.
1631 1201 1693 1234 ad-

1033 1249 1160 1292 scripto
1181 1254 1304 1289 tamen,
1328 1254 1368 1280 ut
1388 1247 1551 1280 Faehsius
1574 1247 1694 1289 tradit,

1032 1294 1068 1327 in
1093 1305 1136 1328 m.
1161 1294 1313 1337 vulgato.

1079 1337 1258 1383 ἐριστικὰ]
1293 1337 1470 1382 ἔρειστικὸι
1496 1339 1593 1372 Vind.
1618 1339 1692 1372 EF.

1079 1385 1141 1419 καὶ
1164 1383 1386 1429 μηδαμόσε]
1431 1384 1493 1418 καὶ
1519 1398 1583 1419 om.
1617 1385 1693 1419 Ald.

1032 1432 1113 1465 Bas.
1144 1443 1174 1465 a.
1208 1432 1284 1465 Fic.
1316 1434 1390 1465 Ast.
1423 1443 1490 1465 sec.
1538 1432 1578 1464 In
1612 1434 1692 1464 tert.

1031 1478 1200 1519 restituit,
1236 1478 1296 1511 sed
1321 1477 1517 1512 eiiciendum
1540 1478 1694 1522 suspica-

1031 1528 1099 1557 tur.

1079 1566 1205 1613 δόξαν]
1233 1567 1435 1614 opinionem,
1460 1571 1597 1604 inanem
1612 1571 1693 1616 glo-

1031 1617 1118 1650 riam
1142 1616 1217 1649 Fic.

1077 1659 1366 1706 α’σπαζομένων]

1029 1708 1128 1743 Vind.
1153 1708 1195 1741 Ε.

1075 1751 1182 1797 τότε]
1211 1767 1274 1788 om.
1298 1754 1375 1788 FiC.
1418 1754 1429 1768 '

1075 1799 1258 1845 δεδιότες]
1301 1797 1483 1840 δεδειότες
1515 1799 1616 1836 Vind.
1646 1797 1690 1837 F.

1031 1850 1110 1880 ante
1135 1858 1222 1880 corr.

1075 1889 1282 1937 τάληθοῦς]
1307 1891 1378 1926 τοῦ
1401 1888 1570 1935 ἀληθοῦς
1593 1891 1694 1926 Vind.

1030 1939 1108 1972 EF.
1141 1939 1237 1973 Flor.
1274 1939 1379 1972 ACR.
1427 1939 1494 1982 τῆς
1525 1936 1697 1982 ἀληθοῦς

1031 1986 1117 2039 Vat3
1139 1985 1186 2019 H.

1080 2026 1166 2064 οὕτε
1187 2028 1321 2086 πόλις]
1343 2026 1458 2065 ὅτεπ.
1485 2031 1586 2067 Vind.
1613 2030 1655 2064 Ε.

1081 2074 1238 2121 ου’δέγ’]
1276 2074 1366 2110 ουδ’
1402 2077 1498 2110 Vind.
1524 2078 1567 2111 Ε.
1598 2077 1695 2111 Flor.

1032 2123 1078 2156 T.
1127 2123 1271 2156 Etiam'
1262 2135 1297 2156 m
1320 2124 1405 2156 Ven.
1425 2124 1465 2157 B.
1491 2125 1570 2159 Vat.
1595 2123 1640 2158 H.
1664 2119 1696 2168 γ’

1034 2169 1193 2203 omissum
1217 2181 1292 2202 esse
1315 2170 1492 2223 Hekkerus
1515 2170 1637 2203 refert.

1079 2213 1128 2259 μή
1147 2216 1259 2259 ποτε]
1283 2227 1425 2259 μηποτε
1448 2215 1523 2249 Ald.
1547 2216 1626 2249 Bas.
1640 2215 1695 2250 ab.

1031 2261 1154 2340 1S)teph.
1175 2263 1249 2295 Ast.
1283 2262 1338 2297 Cf.
1359 2262 1402 2295 ad
1425 2261 1466 2295 L.
1492 2263 1534 2297 V.
1558 2274 1591 2306 p.
1615 2260 1694 2296 47¹3.

1066 2350 1213 2407 τέλεος]
1239 2351 1343 2392 τέλος
1368 2353 1465 2389 Vind.
1482 2353 1525 2387 F.
1550 2354 1630 2389 V.at
1647 2353 1693 2388 H.

1032 2396 1170 2480 ’ἕλειος
1200 2400 1298 2436 Vind.
1324 2400 1368 2434 E.
1403 2403 1490 2445 Ang.
1525 2401 1566 2434 B.
1598 2399 1692 2433 Flor.

1080 2488 1238 2535 ὀλίγοις]
1271 2503 1310 2526 τε
1335 2492 1463 2526 addunt
1483 2491 1569 2525 Lob.
1594 2490 1693 2525 Vind.

1033 2538 1073 2571 B.
1100 2539 1179 2572 Vat.
1198 2539 1247 2571 M.
1273 2541 1309 2571 et
1331 2550 1351 2571 a
1375 2551 1418 2572 m.
1444 2549 1470 2572 s.
1496 2539 1581 2573 Ven.
1606 2538 1645 2570 B.

1078 2582 1335 2628 κεκλημένοις]
1406 2582 1694 2628 πεπληρωμένοις

1032 2629 1118 2664 Lob.
1143 2630 1242 2664 Vind.
1267 2631 1308 2663 B.
1334 2630 1425 2664 Mon.
1450 2631 1490 2664 B.
1516 2631 1594 2673 (hic
1619 2641 1695 2663 cum

1032 2676 1167 2720 punctis
1191 2677 1253 2710 sub
1279 2677 1360 2721 ρω.)
1391 2676 1470 2710 vat.
1499 2676 1579 2711 ΒΜ.
1613 2675 1694 2710 Par.

1032 2722 1108 2757 DK.
1133 2733 1205 2758 sec.
1225 2722 1335 2756 Bekk.
1360 2722 1452 2756 Flor.
1473 2722 1518 2757 U.
1552 2721 1696 2755 Ficinus

1031 2769 1116 2801 haec
1151 2781 1172 2802 a
1203 2769 1318 2803 verbis
1347 2766 1409 2804 καὶ
1439 2765 1485 2802 ου’
1515 2770 1697 2812 πονηροῖς

1031 2814 1081 2848 ita
1103 2813 1349 2861 interpretatus
1373 2817 1443 2848 est:
1462 2815 1520 2860 qui
1537 2826 1600 2849 nec
1611 2815 1696 2858 mali

1442 1658 1695 1705 ἀσπαζόμενοι
