1807 3219
399 137 741 181 CIVITAS
785 138 908 180 LIB.
938 138 992 179 V.
1022 139 1092 178 465

64 248 176 308 πρὸς
210 248 424 306 ἀλλήλους
455 250 754 308 διχοστατήσῃ.

67 319 332 374 σμικρότατα
369 321 460 361 τῶν
499 323 650 362 κακῶν
688 319 740 363 δι’

1399 141 1456 180 73

815 248 880 294 Οὐ
911 248 997 306 γάρ
1029 243 1147 292 οὖν.
1190 248 1258 292 Τοέ
1287 264 1336 305 γε
1370 248 1459 305 μήν

783 316 1023 374 ἀπρέπειαν
1053 314 1172 361 ὀκνῶ
1201 318 1275 365 καὶ
1302 317 1458 373 λέγειν,
1491 324 1524 366 C

68 383 132 432 ὧν
161 385 480 444 ἀπηλλαγμένοι
510 387 566 430 ἂν
601 387 713 441 εἶεν,
752 389 984 438 κολακείας
1021 402 1068 430 τε
1100 388 1346 439 πλουσίων,
1379 385 1457 429 πέ-

66 472 213 512 νητες,
245 454 430 510 ἀπορίας
459 472 504 499 τε
533 458 608 501 καὶ
639 456 886 513 ἀλγηδόνας
918 455 1026 506 ὅσας
1067 453 1114 498 ἐν
1155 455 1459 511 παιδοτροφίᾳ

67 526 142 569 καὶ
170 529 482 580 χρηματισμοῖς
511 526 583 569 διὰ
613 525 785 583 τροφήν
816 526 998 568 οἰκετῶν
1029 521 1275 577 ἀναγκαίαν
1303 525 1458 579 ἴσχου-

68 606 137 649 σι,
174 593 228 638 τὰ
266 593 344 650 μὲν
384 592 684 650 δανειζόμενοι
711 627 722 649 ,
768 594 821 638 τὰ
865 594 911 637 δὲ
949 589 1284 647 ἐξαρνούμενοι,
1328 592 1462 650 τοὶ-δὲ

68 662 245 714 πάντως
298 659 584 725 πορισάμενοι
639 663 823 722 θέμενοι
871 660 990 718 παρὰ
1038 658 1252 718 γυναῖκάς
1298 677 1344 704 τε
1391 661 1467 704 καὶ

72 833 127 869 cui
174 831 364 868 assentiens
413 833 656 869 Stallbaumius
702 834 738 869 in

71 885 219 925 utraque
250 879 302 913 ed.
326 878 467 913 uncinos
505 881 737 915 circumdedit.

73 926 256 961 Enimvero
290 925 400 959 eiecto
431 927 562 960 nomine
585 928 640 961 vel
663 928 738 961 lon-

74 973 150 1017 gius
174 975 304 1006 remoto
328 971 452 1020 aliquid
477 973 521 1006 ad
547 973 738 1018 perspicui-

75 1023 195 1060 tatem,
219 1021 297 1062 post
314 1020 385 1051 εἷεν
400 1030 481 1052 vero
502 1020 614 1064 posito
636 1020 737 1054 etiam

75 1064 120 1100 ad
143 1063 325 1098 veritatem
347 1065 535 1098 sententiae
567 1066 742 1099 desidera-

77 1116 146 1146 tur.
200 1110 290 1143 Nam
324 1121 426 1155 quum
457 1111 546 1145 mala
577 1111 645 1145 ista
678 1124 742 1156 pu—

77 1158 156 1192 silla
179 1156 291 1191 omnia
322 1167 365 1189 ex
387 1162 593 1201 paupertate
616 1158 742 1191 redun-

76 1204 179 1245 dent,
202 1202 247 1244 ii,
281 1202 340 1247 qui
365 1209 525 1247 expentes
550 1215 665 1237 eorum
689 1204 743 1237 di-

77 1253 224 1290 cuntur,
264 1259 331 1282 non
360 1254 540 1293 tamquam
572 1262 744 1295 pauperes

78 1298 239 1341 expertes
261 1293 347 1328 facti
369 1294 438 1328 dici
460 1301 613 1340 possunt.
651 1296 744 1336 Quid

78 1341 172 1388 quod
195 1340 326 1374 omnino
350 1352 519 1394 pauperes
550 1342 585 1375 in
608 1342 659 1375 his
684 1354 745 1375 cu-

78 1388 234 1423 stodibus
257 1398 323 1420 non
349 1387 468 1431 magis,
493 1399 594 1443 quam
618 1388 746 1422 divites

78 1433 308 1480 reperiuntur.
356 1433 478 1479 Itaque
500 1432 656 1478 πένητες
680 1445 746 1468 ιιοιι

78 1481 152 1515 loco
189 1479 389 1513 movendum
404 1505 414 1521 ‚
462 1480 523 1514 sed
567 1486 744 1522 commate,

79 1525 358 1580 quemadmodum
390 1525 507 1560 Astius
540 1526 574 1560 in
605 1538 660 1572 pr.
693 1526 746 1561 ed.

79 1572 185 1614 fecit,
209 1583 231 1605 a
253 1571 439 1606 πλουσίων
465 1573 691 1618 separandum
713 1576 749 1606 et

79 1619 131 1653 ita
163 1617 398 1674 explicandum
416 1644 427 1661 ,
474 1623 513 1652 ut
554 1631 596 1653 ex
632 1619 748 1653 verbis

81 1677 137 1700 ων
174 1661 448 1708 ἀπηλλαγμένοι
481 1661 529 1699 ἂν
567 1662 641 1700 εἷεν
667 1676 749 1710 sup—

81 1712 289 1758 plementum
323 1715 517 1745 structurae
557 1711 749 1753 consimilis,

83 1758 145 1792 sed
179 1757 372 1791 sententiae
404 1757 559 1791 diversae
599 1763 750 1804 ptatur,

84 1804 180 1838 velut
205 1800 264 1842 αἷς
289 1800 410 1847 ε’νοχοι
434 1799 481 1837 ὃὶν
507 1801 600 1847 εἷεν,
634 1805 753 1849 quibus

87 1850 348 1885 adulationibus
364 1851 498 1884 obnoxii
517 1853 642 1893 forent
659 1862 753 1894 pau-

83 1908 196 1942 peres.
267 1895 415 1929 Similem
448 1897 752 1942 breviloquentiam

88 1943 216 1976 habent
237 1941 296 1975 illa
317 1941 359 1975 L.
382 1941 465 1976 IIII.
491 1954 569 1987 pag.
595 1943 673 1998 43⁰‚·
700 1943 751 1975 A:

88 1986 137 2022 τὰ
163 1985 351 2043 ῥύμματα
369 1988 491 2021 ταῦτα
521 1987 627 2022 δεινα
660 1985 753 2023 ὄντα

91 2031 297 2076 ἐκκλύζειν,
321 2029 351 2078 ἥ
372 2045 412 2068 τε
436 2031 556 2089 ἡδονὴ
574 2061 600 2080 ,
608 2032 754 2074 παντὸς

88 2079 332 2124 χαλεστραίου
344 2074 536 2124 δεινοτέρα
553 2081 649 2116 οὐσα
666 2081 753 2115 τοῦ·

91 2139 134 2160 το
169 2127 266 2182 δρᾶν
293 2125 357 2160 καὶ
385 2127 535 2183 κονίας,
584 2126 680 2171 λύπη
714 2137 755 2160 τε

91 2171 156 2206 καὶ
179 2161 302 2227 φοβος
324 2171 388 2206 καὶ
422 2170 628 2217 ἐπιθυμία,
661 2185 756 2207 παν-

91 2217 159 2258 τὸς
200 2214 312 2252 ἄλλου
352 2216 554 2263 ῥύμματος.
608 2219 757 2265 Supple-

92 2269 240 2298 mentum
258 2268 382 2306 autem,
406 2265 507 2310 quale
530 2270 647 2299 nostro
670 2266 758 2308 loco,

93 2310 321 2344 adhibendum
346 2315 399 2343 est
422 2312 616 2356 Euthyphr.
622 2324 674 2367 p.
702 2311 756 2346 14.

93 2358 147 2391 E:
171 2353 318 2411 φράσον
345 2353 392 2400 δή
417 2368 501 2400 μοι,
529 2358 585 2397 τίς
609 2354 631 2402 ἡ
660 2355 761 2398 ω’φέ-

94 2404 175 2436 λεια
205 2405 286 2441 τοῖς
317 2402 425 2441 θεοῖς
460 2415 634 2448 τυγχανει
665 2401 761 2438 ουσα

95 2445 173 2483 ἀπὸ
198 2449 274 2481 τῶν
298 2445 442 2503 δωρων,
467 2461 520 2483 ων
543 2448 630 2506 παρ’
654 2447 762 2504 ἡμῶν

93 2491 369 2552 λαμβανονσιν;
406 2506 430 2527 α
451 2494 517 2538 μὲν
540 2493 611 2540 γὰρ
635 2494 763 2530 διδόα-

97 2551 154 2585 σι,
178 2539 293 2574 παντὶ
317 2540 444 2584 δῆλον.
478 2554 619 2586 quorum
643 2543 677 2576 in
701 2554 763 2576 ex-

97 2587 217 2620 tremis
251 2591 331 2641 post
361 2584 511 2621 διδόασι
543 2600 684 2622 necesse
708 2592 764 2622 est

96 2629 182 2677 η’τις
219 2630 366 2666 τούτων
409 2629 432 2676 ἦ
463 2631 635 2688 ω’φέλεια
681 2637 761 2674 τοῖς

100 2659 322 2722 ἀνθρωποις
358 2676 530 2723 τυγχάνει
574 2680 670 2714 ου’σα
707 2693 763 2714 se-

98 2725 243 2759 cundum
285 2726 529 2770 praecedentia
569 2727 765 2761 subaudias.

99 2789 146 2796 —-
176 2770 316 2804 Ficinus
351 2772 546 2812 κολακείας
579 2784 620 2807 τε
652 2775 764 2807 mov-

100 2816 211 2861 σίων,
243 2813 400 2861 πένητες
431 2818 480 2853 ita
518 2818 766 2865 interpretatus

795 837 870 870 est:
916 832 1137 868 adulationes
1177 835 1269 866 certe
1308 831 1467 871 aberunt,

795 883 915 927 quibus
944 880 1111 914 advorsus
1131 879 1258 912 divites
1275 878 1390 920 inopes
1413 877 1469 911 uta·

795 930 917 962 solent.

844 971 1006 1016 ἀπορίας
1029 971 1088 1014 τε]
1114 970 1363 1005 sollicitudines
1385 970 1469 1003 item

795 1020 1029 1065 indigentium
1064 1017 1140 1051 Fic
1196 1027 1235 1050 τε
1269 1028 1334 1050 om.
1366 1016 1469 1049 Stob.

797 1066 917 1101 Trinc.

847 1107 1080 1155 ἀλγηδόνας]
1125 1105 1332 1152 ἀλγηδόνος
1372 1107 1467 1141 Μοιι.

798 1159 840 1193 Β.
868 1157 957 1212 quod
982 1157 1026 1189 ad
1047 1155 1291 1199 expediendam
1315 1154 1470 1187 nomina-

800 1204 861 1238 tivi
886 1201 1042 1246 πένητες
1067 1202 1304 1235 difficultatem
1331 1201 1471 1245 excogi-

800 1256 910 1284 tatum
934 1253 1028 1282 celte
1059 1248 1166 1281 lenius
1192 1247 1333 1280 Astiano
1359 1259 1471 1280 ieme-

802 1297 913 1338 dium‚
947 1299 1099 1328 ceterum
1133 1294 1273 1327 eandem
1302 1294 1344 1326 ob
1371 1305 1472 1327 caus—

802 1355 873 1377 sam
910 1345 945 1375 et
978 1342 1021 1375 ob
1054 1341 1239 1385 pluralem,
1274 1340 1332 1385 qui
1356 1339 1472 1385 sequi-

801 1394 881 1430 tur,
904 1387 1158 1443 improbandum
1184 1390 1247 1420 est.

848 1432 1118 1479 παιδοτροφίᾳ]
1144 1433 1199 1466 Ita
1221 1432 1301 1465 Par.
1314 1433 1353 1466 A.
1371 1431 1472 1465 Vind.

803 1481 912 1516 DEF.
941 1480 1032 1513 Mon.
1060 1480 1097 1513 Β,
1138 1480 1223 1521 Aug.
1249 1479 1287 1512 B.
1326 1479 1402 1512 vat.
1428 1478 1473 1511 H.

803 1528 897 1562 Flor.
932 1525 1140 1560 ACRTUV.
1190 1526 1288 1558 Stob.
1322 1525 1395 1557 cod.
1431 1526 1472 1557 A.

805 1574 924 1608 Trinc.
966 1572 1144 1605 Bekkerus
1170 1576 1206 1604 et
1230 1571 1476 1605 Stallbaumius

805 1620 842 1654 in
865 1631 918 1664 pr.
945 1619 998 1652 ed.
1024 1617 1281 1662 παιδοτροφία
1316 1630 1389 1651 cuin
1415 1629 1475 1656 αις

806 1677 911 1711 super
942 1677 967 1698 α
1002 1665 1086 1697 Ven.
1120 1665 1162 1697 B.
1210 1660 1477 1707 παιδοτρόφωι

806 1713 893 1746 Lob.
916 1711 1017 1745 Vind.
1041 1711 1081 1744 B.
1107 1711 1188 1746 Vat.
1212 1710 1291 1743 BM.
1319 1711 1405 1744 Ven.
1433 1709 1476 1742 C.

807 1759 888 1792 Par.
924 1758 1000 1791 DK.
1050 1756 1342 1800 παιδοτροφίαις
1377 1757 1476 1789 Stob.

809 1805 883 1838 Ald.
918 1805 999 1838 Bas.
1033 1804 1087 1837 ab.
1127 1803 1247 1847 steph.
1292 1802 1408 1836 Astius
1442 1805 1478 1835 et

810 1849 1055 1885 Stallbaumius
1085 1849 1119 1882 in
1152 1861 1222 1883 sec.
1247 1849 1299 1882 ed.
1325 1849 1389 1882 hac
1416 1848 1479 1881 ad-

810 1897 882 1931 dita
905 1895 1157 1937 declaratione,
1191 1907 1367 1928 numerum
1400 1894 1479 1939 plu—

809 1944 915 1977 ralem
958 1943 1021 1976 sibi
1061 1942 1158 1975 unice
1195 1942 1345 1987 placere.
1405 1941 1478 1985 (ιἠ)

802 1991 893 2036 filiis
918 1990 1112 2023 nutriendis
1135 1988 1208 2021 Fic.

1217 2035 1482 2078 σχηματισμοῖς

856 2038 1121 2080 χρηματισμοῖς
1132 2036 1144 2079 ]

811 2082 890 2116 Par.
916 2082 960 2115 K.
986 2093 1054 2116 sec.
1079 2081 1190 2114 Bekk.

859 2126 922 2162 διὰ
947 2125 1118 2172 τροφὴν]
1154 2123 1364 2171 διατροφὴν
1396 2126 1482 2160 Lob.

812 2174 914 2208 Vind.
938 2174 1075 2207 BDEF'.

862 2220 1036 2264 οἰκετῶν]
1072 2219 1203 2254 ἱκετῶν
1233 2219 1313 2253 Par.
1340 2218 1385 2252 K.
1411 2230 1481 2252 sec.

814 2266 925 2301 Bekk.
959 2268 1220 2301 domesticorum
1243 2276 1483 2310 servorumque

816 2314 889 2347 Fic.

865 2356 1128 2402 δανειζόμενοι]
1141 2358 1162 2392 δ
1165 2354 1374 2400 ανιζόμενοι
1384 2356 1484 2391 Vind.

817 2406 862 2440 Ε.
890 2403 1152 2449 δανειζομένου
1178 2405 1276 2437 Vind.
1301 2404 1342 2437 F.

864 2451 914 2486 τὰ
940 2449 1002 2495 δὲ]
1028 2449 1075 2486 τὰ
1102 2449 1143 2485 δ’
1168 2451 1270 2485 Vind.
1297 2450 1371 2484 EF.
1395 2450 1484 2495 Ang.

818 2498 861 2533 B.
886 2499 964 2531 vat.
987 2499 1031 2531 H.
1058 2498 1155 2531 Stob.

866 2542 1151 2589 ἐξαρνούμενοι]
1224 2539 1489 2596 εξαρκούμενοι

821 2590 920 2623 Stob.
948 2592 1021 2624 cod.
1047 2591 1087 2623 A.
1122 2589 1241 2624 Trinc.
1283 2585 1487 2632 ἐξωνούμε-

818 2647 880 2716 »got
902 2637 1000 2671 Vind.
1019 2637 1063 2671 Ε.
1089 2633 1362 2680 εξαρνουμένου
1388 2634 1487 2669 Vind.

865 2725 1039 2771 πάντως]
1072 2725 1224 2762 πάντων
1246 2726 1345 2760 Vind.
1372 2726 1414 2760 Ε.

866 2773 1043 2818 θέμενοι]
1093 2787 1159 2809 om.
1193 2774 1294 2808 Stob.
1332 2773 1406 2807 cod.
1444 2772 1485 2805 A.

822 2821 999 2866 Seponunt
1020 2826 1206 2866 praeterea
1229 2819 1304 2854 Fic.
