1807 3219
434 152 773 196 CIVITAS
814 151 936 195 LIB.
968 150 1041 192 VI.
1074 154 1138 189 511

1366 184 1369 185 ν
1393 156 1481 197 243

89 261 188 317 περὶ
216 261 298 318 τὴν
329 262 505 320 ζήτησιν
535 263 698 319 αὐτοῦ,
731 264 814 310 οὐκ
844 261 915 308 ἐπ’
946 260 1089 319 ἀρχὴν
1121 263 1302 315 ἰοῦσαν,
1335 261 1395 315 ὦς
1425 263 1480 310 οὐ

31 360 37 366 -
92 329 343 386 δυναμένην
380 336 469 376 τῶν
506 331 766 378 ὑποθέσεων
805 330 1011 385 ἀνωτέρω
1050 330 1290 386 ἐκβαίνειν,
1345 331 1483 378 εἰκόσι

91 397 139 443 δὲ
180 398 410 455 χρωμένην
449 399 603 453 αὐτοῖς
641 407 734 453 τοῖς
771 400 861 445 ὑπὸ
898 403 988 444 τῶν
1025 398 1144 443 κάτω
1176 397 1479 445 ἄπεικασθεῐσι

90 467 168 511 καὶ
196 467 377 520 ἐκείνοις
415 467 527 523 πρὸς
564 469 707 513 ἐκεῖνα
747 467 808 521 ὥς
846 467 1046 524 ἐναργέσι
1075 467 1408 523 δεδοξασμένοις
1435 485 1481 513 τε

92 536 166 580 καὶ
196 537 487 594 τετμημένοις.
518 538 778 591 Μανθάνω,

812 538 919 594 ἔφη,
956 536 1025 580 ὅτι
1053 535 1102 580 τό
1132 535 1222 580 ὑπὸ
1249 542 1346 588 ταῖς
1367 554 1477 593 γεω-
1509 539 1547 581 Β

92 607 290 662 μετρίαις
325 623 371 650 τε
414 606 489 651 καὶ
525 611 622 659 ταῖς
658 606 820 664 ταύτης
858 604 1069 662 ἀδελφαῖς
1117 605 1288 662 τέχναις
1333 604 1479 662 λέγεις.

138 747 280 798 ἄλλως]
306 748 417 793 ἄλλος
440 753 526 787 Lob.

135 801 216 844 τις]
241 812 297 839 τις
315 796 362 834 ἂν
387 800 486 835 vind.
510 799 554 835 E.

21 849 88 886 511
135 845 285 890 τοίνυν]
312 859 375 880 om.
401 845 479 881 Fic.

135 890 296 936 νοητὸν]
320 893 376 926 Ita
400 892 480 926 Par.
504 892 543 925 A.
570 891 755 926 Vind.EF.

91 937 178 971 Ven.
204 939 243 971 B.
283 939 372 983 Ang.
400 938 439 972 Β.
476 939 553 972 Vat.
582 938 629 971 Η.
661 938 756 971 Flor.

88 984 262 1018 ACRTV.
275 989 310 1018 et
325 984 635 1018 Schleiermachero
653 996 755 1029 prae-

91 1035 194 1064 eunte
225 1031 473 1065 Stallbaurnius
503 1031 538 1064 in
573 1042 641 1063 sec.
665 1041 753 1074 νοη-

89 1076 160 1109 τοῦ
191 1077 312 1122 reliqui
351 1078 484 1111 codices
527 1076 677 1120 editique
718 1082 755 1110 et

89 1122 248 1165 Ficinus,
282 1123 339 1167 qui
363 1124 501 1169 generis
520 1124 754 1167 intelligibilis

88 1168 204 1202 habet.
252 1168 392 1204 Poterat
415 1169 450 1202 id
481 1168 586 1210 fer-ri,
622 1160 754 1201 etiamsi

86 1211 155 1258 ἓν,
189 1214 280 1260 quod
316 1215 431 1249 Astius
462 1218 499 1248 et
528 1214 754 1248 Schleierma-

87 1261 210 1294 cherus
234 1261 494 1302 desiderabant,
520 1272 586 1294 non
605 1261 752 1294 adesset.

86 1306 179 1341 Nam
202 1304 293 1352 quod
315 1308 454 1352 νοητοῦ
484 1303 586 1346 εἶδος
610 1312 684 1348 est,
717 1306 753 1340 id

86 1353 177 1387 haud
200 1353 304 1387 dubie
328 1359 364 1388 et
384 1354 496 1399 ipsum
520 1357 575 1386 est
597 1351 752 1396 νοητόν.

87 1400 159 1433 Sed
194 1398 335 1444 νοητὸν
368 1411 472 1454 quum
503 1399 754 1453 perspicuitate

85 1457 149 1480 sua
166 1471 177 1487 ‚
223 1451 297 1480 tum
342 1446 495 1481 codicum
544 1445 755 1480 auctoritate

80 1495 250 1547 praestat.

129 1534 161 1572 δ’
172 1540 185 1582 ]
212 1536 251 1572 δὲ
276 1537 376 1573 Vind.
401 1538 442 1572 F.

127 1582 254 1629 ψυχὴν
264 1602 311 1610 —
321 1582 550 1628 δυναμένην]
571 1595 637 1620 οπι.
655 1583 755 1618 Vind.

131 1672 225 1721 ου’κ]
253 1687 324 1710 ουκ
342 1671 390 1710 αν
413 1676 493 1709 Vat.
506 1676 552 1711 H.
570 1675 666 1709 Flor.
679 1675 754 1710 Ac.

85 1721 160 1756 Hos
185 1723 429 1757 Staltbaumius
461 1722 495 1756 in
529 1734 581 1766 pr.
613 1718 682 1755 οὐκ
706 1717 755 1755 civ

87 1764 144 1802 ἐπ’
164 1766 282 1813 ἀρχὴν
305 1765 443 1802 ἐοῦσαν
461 1768 621 1802 exhibere
637 1773 755 1801 osten-

87 1814 156 1857 dit,
180 1827 322 1861 quorum
346 1820 535 1848 extremum
552 1815 755 1860 typothetae

87 1871 206 1917 οτι-,ονε
228 1865 344 1895 natum
367 1861 512 1917 vi’detur.

135 1903 191 1940 ἐπ’
217 1904 358 1951 αρχὴν]
392 1904 555 1950 ἐπαρχὴν
578 1906 679 1940 vind.
702 1906 746 1939 F.

133 1950 238 1998 υπὸ]
273 1954 314 1987 Id
337 1954 431 1989 Mon.
455 1954 494 1986 B.
520 1964 541 1986 a
573 1964 616 1986 ιιι
642 1964 696 1997 pr
720 1952 754 1985 in

88 2003 187 2033 textu
210 2000 331 2041 habet,
371 2000 433 2034 sed
467 2012 489 2033 a
524 2010 567 2033 ιιι.
603 2010 630 2032 s,
665 1998 754 2031 linea

88 2049 242 2080 notatum
273 2051 310 2080 et
348 2045 382 2081 in
414 2058 457 2080 m.
491 2042 553 2080 ε’πὶ
588 2044 754 2090 scriptum

87 2095 154 2126 est.

133 2148 174 2171 τε
196 2135 260 2171 καὶ
285 2135 549 2181 τετμημένοις]
575 2149 640 2170 om.
667 2137 752 2180 Ang.

86 2183 127 2216 B.
144 2194 184 2217 τε
199 2182 263 2217 καὶ
274 2183 527 2228 τετιμημένοις
541 2182 752 2218 Vind.BEF.

86 2229 167 2263 vat.
191 2229 276 2263 HM.
299 2230 396 2265 Flor.
411 2231 485 2265 Ac.
512 2233 548 2264 et
565 2235 752 2269 correctus,

84 2280 127 2309 ut
148 2275 305 2315 videtur,
329 2276 408 2310 Par.
425 2278 466 2310 A.
497 2275 644 2319 Recepit
662 2275 753 2308 Bek-

84 2321 212 2363 kerus,
236 2321 354 2355 Astius
377 2322 411 2356 in
433 2325 515 2356 tert.
542 2326 578 2354 et
600 2321 753 2365 quamvis

82 2367 127 2400 de
153 2367 366 2401 obscuritate
388 2368 489 2402 huius
512 2367 576 2401 loci
606 2378 753 2411 querens

81 2413 340 2447 Stallbaumius
375 2414 461 2448 Mihi
476 2414 564 2468 quid
581 2413 752 2454 videatur,

90 2459 135 2494 ad
158 2472 206 2515 p.
220 2459 298 2494 510.
323 2460 363 2494 Β.
398 2459 602 2504 significavi.
649 2459 753 2493 Scili-

83 2509 141 2539 cet
163 2503 212 2539 τὰ
231 2503 335 2539 κάτω
359 2519 400 2540 ea
424 2511 524 2548 sunt,
551 2517 640 2551 quae
662 2506 752 2538 infe-

81 2551 155 2585 rior
187 2552 324 2596 generis
353 2552 496 2586 visibilis
528 2563 608 2597 pars
641 2551 753 2585 conti-

85 2601 165 2638 net,
199 2598 233 2631 h.
269 2610 299 2632 e.
330 2598 513 2655 imagines3
559 2602 680 2631 contra
703 2595 751 2631 τὰ

84 2639 164 2677 υπὸ
187 2656 264 2677 των
281 2643 383 2678 κάτω
403 2641 682 2679 ἅπεικασθέντοι
699 2655 753 2686 ea,

86 2700 231 2734 quorum
284 2690 537 2725 similitudinem
591 2689 754 2723 inferiora

86 2736 264 2778 referunt,
292 2734 341 2771 τά
368 2749 410 2771 τε
437 2736 522 2781 περὶ
547 2732 649 2781 ἡμᾶς
676 2736 753 2776 ζῶα

87 2785 125 2814 et
170 2782 324 2829 reliqua,
371 2784 494 2828 quibus
541 2782 752 2828 superiorem

75 2824 236 2863 -eiusdem
267 2829 402 2874 generis
427 2832 563 2876 partem
594 2832 753 2863 constare

814 764 895 797 pag.
930 755 1010 788 510.
1042 754 1084 788 Α.
1119 752 1386 787 demonstratum
1419 757 1482 788 est.

814 799 914 840 Quae
940 811 1042 845 quum
1074 803 1270 844 comparata
1295 811 1371 832 cum
1394 800 1482 834 infe-

812 845 962 879 rioribus
986 857 1049 890 pro
1074 846 1164 879 veris
1177 846 1368 879 habeantur
1387 858 1482 880 eum—

812 903 879 936 que
902 894 1015 926 locum
1037 903 1100 936 per
1136 891 1333 926 divisionem
1357 904 1481 926 secun—

812 937 891 971 dum
914 938 1096 971 veritatem
1121 943 1156 971 et
1180 937 1252 971 eius
1275 938 1481 972 contrarium

811 985 938 1017 factam
973 984 1184 1027 acceperint,
1229 981 1326 1026 πρὸς
1358 981 1480 1018 ἐκεῖνα

812 1028 877 1073 (τὰ
898 1028 1017 1074 κάτω)
1043 1027 1094 1069 ὠς
1111 1027 1245 1073 ἐναργῆ
1258 1029 1477 1073 δεδοξασμέ-

810 1088 859 1109 να
893 1088 933 1110 τε
968 1075 1031 1110 καὶ
1067 1075 1274 1118 τετμημένα
1309 1076 1479 1112 dicuntur.

810 1123 922 1168 Atque
947 1123 1030 1156 haec
1053 1122 1111 1156 illa
1134 1127 1234 1164 sunt,
1258 1123 1380 1167 quibus
1404 1123 1479 1156 ani-

810 1180 883 1202 mus
917 1168 1114 1202 inferiorem
1147 1168 1282 1213 generis
1316 1169 1479 1213 intelligi-

809 1215 887 1248 bilis
910 1219 1042 1259 partem
1072 1214 1282 1259 investigans
1307 1218 1478 1260 tamquam

809 1261 1011 1304 imaginibus
1034 1260 1166 1302 utitur,
1199 1261 1479 1306 quemadmodum

810 1318 847 1352 p.
871 1308 949 1341 510.
977 1307 1018 1342 Ε.
1043 1308 1235 1351 expositum
1259 1311 1322 1340 est.
1354 1307 1479 1353 Itaque

809 1353 950 1397 vulgata
972 1353 1073 1387 lectio
1112 1352 1237 1387 nullam
1260 1353 1479 1388 offensionem

809 1399 933 1441 habet,
968 1399 1177 1444 interpretes
1210 1403 1324 1433 autem
1361 1400 1480 1433 mirum

809 1445 846 1479 in
886 1445 1021 1480 modum
1055 1457 1075 1479 a
1115 1456 1218 1478 sensu
1264 1446 1480 1481 aberrarunt.
1501 1485 1503 1489 y

810 1491 947 1525 Ficinus
960 1504 971 1525 ι
992 1497 1179 1536 utaturque
1189 1492 1399 1537 imaginibus
1414 1494 1478 1534 his,

811 1550 901 1583 quac
933 1550 972 1572 ex
998 1539 1219 1580 inferioribus
1242 1543 1321 1572 sunt
1345 1540 1394 1573 ad
1421 1551 1481 1572 su-

807 1585 985 1629 periorum
1008 1585 1270 1618 similitudinem
1295 1596 1479 1629 compara-

810 1636 872 1664 tae
896 1635 999 1674 atque
1022 1631 1076 1664 ita
1109 1631 1269 1675 opinione
1294 1637 1480 1675 conceptae

812 1677 1062 1722 distinctaeque
1085 1682 1186 1718 sunt,
1222 1679 1321 1721 quasi
1345 1679 1392 1711 ad
1416 1679 1480 1712 illa

807 1724 988 1767 perspicue
1013 1724 1206 1765 conferant.
1253 1723 1386 1757 Astius:
1419 1725 1480 1758 scd

810 1769 1023 1814 imaginibus
1053 1774 1152 1802 utens
1186 1769 1270 1814 ipsis
1315 1771 1384 1803 illis
1430 1771 1479 1804 ad

809 1826 924 1848 rerum
973 1816 1175 1857 inferiorum
1219 1816 1479 1850 similitudinem

810 1861 1002 1905 descriptis,
1027 1873 1115 1905 quae
1139 1861 1188 1894 ad
1214 1862 1296 1895 illas
1317 1874 1382 1906 pro
1407 1863 1479 1896 evi-

810 1908 967 1941 dentibus
1026 1908 1235 1941 haberentur
1289 1909 1479 1953 magnique

810 1954 1088 1987 aestimarentur.
1125 1953 1477 1987 Schleiermacherus:

809 2011 846 2033 so
872 2001 954 2033 class
977 2001 1026 2034 sie
1050 2000 1123 2032 sich
1147 2001 1265 2034 ‹Iessen
1285 2001 1338 2033 als
1354 2001 1479 2035 Bilder

810 2046 965 2086 bahent,
1012 2057 1085 2079 was
1116 2057 1184 2079 von
1226 2047 1291 2080 den
1333 2052 1478 2081 unteren

810 2092 953 2137 Dingen
994 2092 1202 2137 dargestellt
1247 2093 1358 2134 wiul,
1404 2094 1477 2126 und

809 2149 907 2171 zwar
954 2139 1073 2178 dcrer,
1117 2139 1174 2171 die
1206 2138 1255 2171 im
1294 2139 1478 2183 Verglcich

809 2185 873 2217 mit
896 2184 962 2217 den
986 2184 1117 2217 andern
1142 2185 1195 2217 als
1217 2184 1287 2217 hell
1310 2185 1383 2218 und
1401 2185 1478 2218 klar

808 2230 1035 2263 verherrlicht
1055 2231 1127 2263 und
1151 2231 1187 2263 ἰη
1211 2231 1245 2263 F
1246 2231 1330 2264 hren
1353 2232 1478 2284 gehal-

808 2281 868 2309 ten
903 2277 1051 2310 werden.
1101 2275 1155 2308 cui
1201 2275 1477 2320 interpretationi

808 2321 896 2355 hanc
933 2322 1193 2365 explicationem
1226 2322 1368 2355 adiecit:
1406 2324 1479 2356 Dcn

809 2368 922 2401 lezten
957 2373 1065 2401 etwas
1107 2368 1336 2414 schwierigen
1381 2370 1480 2410 Satz,

807 2415 900 2447 und
934 2426 1058 2447 zwar
1091 2415 1233 2448 derer
1276 2419 1340 2448 etc.
1386 2415 1480 2448 kann

807 2460 864 2493 ich
887 2471 953 2493 nur
977 2472 1044 2494 von
1068 2461 1145 2494 dem
1172 2461 1313 2505 Vorzug
1337 2461 1399 2494 der
1422 2472 1479 2494 re-

808 2507 1043 2551 gelmc'issigen
1091 2507 1271 2540 Gestalten
1307 2517 1370 2539 vor
1411 2507 1478 2540 den

808 2553 956 2598 u'brz'gen
983 2553 1183 2593 verstehen,
1216 2552 1348 2586 wiewol
1381 2553 1478 2587 nicht

809 2599 896 2633 alles
918 2599 993 2632 rein
1017 2599 1142 2632 heraus
1166 2599 1304 2639 kommt,
1328 2599 1478 2632 weshalb

810 2645 866 2677 die
886 2642 1136 2689 'Uebersezung
1175 2644 1264 2677 auch
1292 2645 1390 2679 nicht
1413 2657 1477 2689 ge-

808 2702 879 2723 nau
906 2692 1079 2733 ausfallen
1099 2691 1235 2723 konnte.
1261 2690 1388 2724 Leider
1407 2692 1478 2724 bie-

808 2741 860 2770 tet
885 2737 946 2770 der
969 2736 1180 2770 Bekkersche
1197 2737 1359 2780 Apparat
1378 2737 1478 2770 keine

808 2783 922 2825 Hiilfe
942 2783 1019 2816 dar.
1045 2782 1200 2826 Denique
1209 2781 1474 2815 Stallbaumius:

809 2829 871 2862 sed
894 2828 1107 2874 imaginibus
1137 2833 1262 2864 utatur
1290 2829 1362 2862 illis
1392 2829 1476 2873 ipsis

1198 2883 1283 2936 ΟΞ
