1807 3219
44 2433 51 2441 ⁸
99 2410 254 2456 suev'isse
295 2422 404 2455 docet.

449 114 786 156 CIVITAS
836 114 1141 157 LIB.V.450
1473 119 1504 159 7

116 226 302 283 ἔχουσιν.
333 223 445 270 ἀλλὰ
474 225 523 270 τό
553 225 632 281 μὲν
660 224 871 282 ἡμέτερον
901 226 971 270 ἓ’·α
1004 225 1059 270 σύ
1091 227 1138 270 δὲ
1166 228 1265 281 περὶ
1299 222 1362 272 ὧν
1390 227 1501 282 ἐρω-

111 298 257 350 τῶμεν
296 295 503 350 μηδαμῶς
540 292 772 351 ἀποκάμῃς
808 296 835 352 ἡ
867 307 939 339 σοι
982 296 1105 338 δοκεῖ
1141 295 1333 348 διεξιών,
1371 296 1435 348 τίς
1470 293 1499 352 ἦ

113 363 324 406 κοινωνία
352 366 445 413 τοῖς
474 361 663 418 φύλαξιν
691 361 796 418 ἡμῖν
819 365 990 406 παίδων
1019 379 1064 407 τε
1101 363 1202 417 πέρι
1235 363 1308 407 καὶ
1342 379 1497 418 γυναι·
1530 357 1561 400 C

115 433 210 474 κῶν
239 428 358 473 ἔσται
389 430 462 474 καὶ
490 433 658 486 τροφῆς
685 429 799 473 νέων
840 431 900 474 ἔτι
939 430 1107 486 ὄντων,
1146 436 1224 488 τῆς
1255 432 1301 475 ἐν
1338 435 1398 488 τῷ
1427 447 1504 486 με-

113 497 220 550 ταξὺ
247 497 394 556 χρόνῳ
423 497 682 553 γιγνομένης
712 499 921 555 γενέσεώς
949 517 994 544 τε
1023 501 1097 562 xa}
1127 501 1349 552 παιδείας,
1389 498 1418 555 ἢ
1447 498 1500 555 δή

113 565 415 622 ἐπιπονωτάτη
437 567 560 610 δοκεῖ
585 563 712 610 εἶναι.
735 571 872 622 πειρῶ
903 564 986 612 οὖν
1015 570 1174 623 εἰπεῖν,
1203 570 1303 612 τίνα
1332 565 1503 624 τρόπον

156 713 356 760 παράσχοι]
379 712 550 760 παράσχη
574 714 660 749 Lob.
675 715 774 750 Vind.

109 761 216 797 ΒΒΕ.
241 763 322 796 Vat.
344 761 424 795 BM.

159 807 206 842 Τί
247 807 310 849 δέ;
359 827 405 832 —-
451 804 772 853 ἄκουσομὲνονς;]

108 855 226 890 laudat
248 853 478 908 Harpocratio
502 853 537 887 in
560 857 774 898 χρυσοχοεῖν

109 903 193 946 (hoc
216 901 305 934 enim
328 901 448 934 lemma
480 912 500 933 e
533 900 608 934 cod.
635 901 773 934 Vratisl.

107 959 171 993 pro
195 947 338 1000 vulgato
364 949 601 990 χρυσοχοεῖον
631 947 774 980 restitu-

109 994 249 1037 endum)
281 992 341 1027 ubi
366 998 555 1048 postquam
580 993 689 1026 locum
711 993 774 1027 Di-

106 1040 225 1074 narchi
257 1036 296 1072 ἐν
328 1038 379 1084 τῷ
414 1036 511 1071 κατὰ
537 1037 694 1072 Πυθέου
719 1051 775 1073 re-

110 1086 190 1120 tulit
215 1083 344 1128 (πάλιν
368 1081 456 1139 παρ’
483 1084 654 1139 Αἰσχίνην
680 1082 772 1119 cino-

107 1129 292 1189 φοιτήσας
340 1129 445 1186 παρὰ
487 1129 614 1176 τούτῳ
658 1132 772 1188 δῆλον

109 1175 169 1212 ὅτι
191 1180 404 1234 χρυσοχοεῖν
429 1165 664 1233 ἐμάνθανεν,
694 1175 770 1211 ἀλλ’

108 1236 154 1259 ov
179 1222 222 1259 τὸ
242 1223 489 1266 προκείμενον
524 1220 616 1256 αυτό
655 1222 771 1266 πράτ-

106 1282 183 1304 τειν
206 1266 230 1314 ἢ
260 1267 438 1312 πάσχειν,
466 1269 510 1302 ad
533 1281 632 1313 quem
657 1271 771 1312 glossa

103 1317 206 1350 lexici
226 1316 315 1349 rhet.
339 1294 447 1349 Bekk’.
471 1326 504 1360 p.
530 1317 616 1355 316,
641 1317 672 1350 3.
692 1328 770 1360 pen—

104 1363 213 1396 tinet:
257 1364 472 1418 χρυσοχοεῖν
513 1359 702 1401 ἐμάνθανε
735 1362 772 1395 τί

105 1406 201 1443 ἐστι·
225 1408 418 1464 παροιμία
443 1405 481 1441 ἐν
512 1405 601 1451 ἤθει
625 1406 771 1452 λεγομέ-

104 1467 151 1499 νη
178 1451 262 1489 ἀντὶ
299 1453 366 1487 τοῦ
402 1450 653 1498 ἐπόρνευσεν.)
688 1455 772 1488 haec

106 1501 218 1535 addit·
241 1497 415 1557 κέχρηται
424 1500 482 1554 τῇ
508 1500 691 1547 παροιμίᾳ
708 1499 770 1534 καὶ

106 1544 266 1581 Πλάτων
304 1544 343 1580 ἐν
383 1543 535 1593 πέμπτῳ
573 1536 771 1586 Πολιτείας

105 1591 236 1637 λέγων·
281 1592 327 1626 Τί
357 1592 443 1637 &cij
480 1581 588 1648 (haec
612 1593 678 1626 duo
704 1606 768 1626 om.

105 1640 179 1673 cod.
214 1638 372 1683 Vrat1s1.)
407 1638 442 1694 ή
457 1635 488 1672 6’
516 1634 580 1681 ὃς,
620 1635 638 1672 ὁ
670 1638 723 1682 Θρ
728 1651 767 1672 α-

103 1684 266 1728 σύμαχος
300 1684 386 1736 (ήν
401 1681 442 1718 δ’
471 1681 561 1723 ὁσός
601 1684 667 1728 Θρ.
700 1685 766 1728 id.)

103 1733 315 1785 χρυσοχοεῖν
351 1729 423 1764 οἰει
458 1731 683 1784 (χρυσοχοος
717 1731 769 1770 εις

103 1778 182 1834 id.)
193 1775 327 1811 τούσδε
344 1777 414 1810 νῦν
433 1773 570 1810 ἐνθάδε
592 1775 767 1819 ἀφῖχθαι,

105 1820 182 1857 ἀλλ’
219 1820 266 1857 ον’
306 1820 424 1866 λόγων
472 1819 655 1865 (Ξκουσομε
660 1835 768 1863 νους,·

106 1866 390 1915 (ἀκουσόμενος
415 1868 481 1913 id.)
524 1869 685 1902 Dina1chi
719 1869 770 1901 Ιο-

105 1927 179 1950 cum
210 1917 272 1949 sub
306 1915 446 1958 vulgato
488 1915 770 1960 Harpocrationis

103 1961 261 1997 lemmate
295 1961 425 2005 repetit
457 1961 603 2002 Suidas,
647 1961 770 1994 deinde

103 2007 268 2042 Platonici
305 2007 503 2062 mentionem
535 2008 618 2040 facit
641 2007 769 2052 imper—

103 2056 251 2088 sectam·
285 2051 458 2096 κέχρηται
494 2051 534 2087 δε
564 2053 610 2098 τῇ
628 2065 766 2109 παροι-

102 2101 169 2156 μία
192 2099 255 2134 καὶ
269 2097 444 2133 Πλατων·
468 2100 504 2133 τί
529 2100 592 2133 δαὶ
615 2099 638 2143 η’
658 2097 689 2133 ὁ
711 2096 764 2139 ὃς.

105 2143 126 2180 ὁ
165 2144 412 2189 Θρασύμαχος
443 2149 645 2199 χρυσοχοεῖ.
682 2147 766 2189 (Ita

103 2192 157 2226 ed.
181 2193 263 2226 Bas.
290 2193 410 2236 1544.)
441 2197 511 2226 tum
545 2192 705 2236 miginem
731 2197 766 2226 et

101 2237 383 2282 s5gnificationem
416 2238 587 2283 proxerbii
619 2238 765 2283 explicat

102 2284 137 2317 in
163 2295 325 2328 eumque,
357 2284 413 2328 qui
448 2285 579 2318 frustra
603 2290 762 2340 suscepto

99 2330 220 2364 labore
247 2341 369 2373 magna
397 2341 469 2384 spe
483 2330 685 2372 excidisset,
718 2328 761 2364 σὺ

102 2373 142 2410 δὲ
177 2371 255 2422 ςόου
288 2373 547 2420 χρυσοχοήσειν
588 2377 652 2410 dici
684 2389 765 2410 con-

475 2422 605 2456 Nostro
651 2427 764 2456 tamen

101 2469 174 2502 loco
217 2470 430 2511 χρυσοχοεῖν
473 2468 502 2501 is
542 2469 654 2513 potius
697 2469 763 2502 dici

100 2515 258 2556 videtur,
302 2514 361 2558 qui
392 2515 494 2548 rebus
527 2515 624 2548 vanis
658 2515 763 2549 stulte

100 2572 239 2615 operam
263 2560 332 2593 dat.
347 2579 389 2585 —-
407 2560 475 2594 Pro
499 2559 762 2605 χρυσοχοήσον-

100 2619 170 2646 τας
191 2606 227 2640 in
251 2606 334 2640 V.en
362 2606 402 2640 C.
439 2610 525 2650 Ang.
550 2607 588 2640 B.
616 2608 692 2641 Vat.
715 2607 760 2641 H.

99 2653 192 2686 Flor.
217 2652 319 2685 ACV.
344 2650 675 2697 χρυσοχοήσαντας,
700 2666 763 2698 pro

101 2695 240 2733 ἐνθαδε
282 2698 316 2731 in
339 2699 423 2733 Lob.
459 2699 556 2733 Vind.
580 2700 652 2733 BD.
682 2701 761 2734 Vat.

100 2745 179 2779 BM.
219 2741 408 2799 ἐνταῦθα,
442 2757 506 2791 pro
541 2742 737 2800 ἀφῖχθαι
728 2758 763 2781 111

101 2791 202 2826 Vind.
227 2791 267 2825 F.
293 2787 481 2837 οἷφίχθαι,
499 2804 562 2840 pro
586 2789 705 2837 λόγων
729 2793 763 2827 in

832 717 910 798 szt.
936 718 980 753 H.
1018 718 1097 753 Bas.
1121 719 1156 753 b.
1187 715 1300 763 λόγον
1334 717 1500 763 scriptum

831 775 868 798 es

878 820 974 864 Ναὶ,
998 817 1116 866 εἷπον]
1141 822 1193 856 bis
1217 821 1377 866 deinceps
1395 819 1500 854 habet

831 867 933 902 Vind.
959 848 1000 901 Ε.
1027 868 1092 903 καὶ
1117 866 1222 902 εἷπον
1247 869 1325 902 Par.
1351 867 1395 900 K.

876 934 1052 981 Μέτρον]
1079 934 1229 981 μέτριον
1253 937 1331 970 Par.
1357 935 1398 969 A.
1422 933 1500 968 Ald.

830 984 911 1017 Bas.
946 984 1000 1017 ab.
1045 984 1165 1028 steph.
1215 981 1409 1016 tacentibus
1457 980 1500 1013 de

830 1030 909 1063 Par.
946 1029 990 1064 K.
1027 1029 1229 1073 Bipontinis.
1287 1028 1413 1061 Veram
1448 1025 1500 1060 le—

833 1076 977 1109 ctionem
1002 1076 1119 1109 Astius
1144 1076 1210 1108 iam
1235 1075 1271 1107 in
1296 1074 1406 1119 prima
1425 1071 1499 1107 edi-

831 1122 922 1156 tione
946 1134 988 1156 ex
1015 1122 1135 1155 Ficino
1162 1121 1326 1154 lestituit.

878 1176 933 1222 δέ]
960 1191 1024 1212 om.
1052 1179 1139 1211 Vind
1164 1179 1207 1212 E.

875 1223 1082 1270 τοιούτων]
1109 1223 1177 1258 τὸν
1203 1219 1304 1258 ου’τω
1329 1223 1429 1257 Vind.
1455 1222 1496 1256 F.

829 1283 850 1306 a
874 1284 917 1305 ln.
969 1283 995 1305 Γ.

875 1283 995 1361 νοῦιν]
1024 1316 1093 1350 νῦν
1120 1316 1199 1350 Bas.
1224 1317 1258 1349 b.
1302 1317 1382 1354 τοῖς
1405 1314 1499 1348 νοῦν

829 1364 930 1398 Vind.
956 1364 1000 1397 Ε.

875 1407 1085 1454 ἀποκάμῃς]
1118 1406 1289 1452 οἷπόκαμε
1314 1407 1408 1441 Mon.
1433 1407 1480 1442 Β.

873 1471 920 1523 ᾗ]
944 1471 970 1522 ἥ
995 1477 1095 1511 Vind.
1107 1478 1147 1511 F.
1172 1478 1253 1511 Bas.
1266 1477 1319 1511 ab.
1345 1474 1384 1509 εἴ
1398 1475 1496 1508 Vind.

827 1525 870 1558 E.
897 1530 932 1557 et
956 1525 1018 1558 int.
1051 1536 1140 1557 vers.
1167 1535 1187 1556 a
1211 1536 1253 1557 111.
1279 1535 1304 1556 s.
1330 1522 1369 1556 F.
1408 1522 1494 1566 Aug.

827 1572 865 1605 B.
893 1571 970 1604 Vat.
995 1571 1040 1604 H.
1066 1571 1156 1604 Flor.
1175 1569 1349 1603 ACRTV.
1379 1569 1408 1602 si
1432 1569 1495 1603 tibi

827 1619 965 1652 vidttur
988 1617 1062 1650 Fic.

873 1661 1032 1717 διεξιών]
1061 1659 1236 1703 διεξιέναι
1258 1660 1360 1694 Vind.
1387 1660 1428 1694 E.

871 1705 982 1752 ἡμῖν]
1015 1707 1122 1752 ἡμῶν
1155 1708 1274 1752 Steph.
1299 1706 1492 1740 tacentibus
1524 1706 1556 1748 C

825 1755 903 1799 Bip.
929 1757 1056 1788 nostris
1072 1755 1265 1788 custodibus
1284 1753 1356 1786 Fic.

872 1798 957 1844 πέρι
992 1800 1075 1857 καὶ]
1110 1799 1172 1833 καὶ
1205 1798 1290 1842 περὶ
1324 1799 1424 1833 Vind.
1449 1798 1491 1832 D.

826 1847 913 1892 Ang.
939 1848 979 1881 B.

871 1916 934 1949 καὶ
967 1916 1110 1959 τροφῆς
1138 1912 1233 1948 νέων
1269 1913 1322 1948 ἔτι
1347 1909 1490 1958 ὄντων]

826 1975 955 2007 quaeve
1007 1963 1267 1996 nutriendorum
1312 1972 1493 2002 puerorum

824 2011 917 2042 ratio
951 2009 1025 2042 Fic.
1075 2008 1161 2042 Mihi
1203 2007 1375 2049 genitivus
1408 2018 1492 2049 τρο-

825 2055 900 2098 φῆς
923 2061 962 2088 ut
979 2054 1123 2099 ριοΧίηιί
1141 2054 1288 2087 παίδων
1309 2058 1344 2086 et
1366 2065 1492 2097 γυναι-

823 2101 901 2134 κῶν
926 2101 970 2134 ad
994 2100 1278 2145 praeposit1011em
1304 2111 1389 2155 περι
1413 2110 1492 2143 per-

823 2147 932 2180 tinere
957 2150 992 2180 et
1017 2159 1036 2179 a
1060 2146 1192 2179 nomine
1210 2146 1389 2179 κοινωνία
1407 2157 1492 2190 pen-

822 2194 904 2226 dere
927 2193 1074 2227 videtur.
1120 2193 1243 2245 Itaque
1268 2204 1395 2225 comma
1413 2195 1492 2236 post

823 2250 925 2273 εσται
949 2239 1163 2281 (Stephanus
1189 2239 1292 2271 etiam
1312 2239 1407 2271 colon
1429 2249 1489 2282 po-

820 2286 905 2328 suit)
931 2285 1072 2326 sustuli,
1109 2289 1186 2327 post
1220 2280 1341 2318 όντων
1375 2286 1490 2317 autem

820 2329 964 2376 positum
988 2332 1033 2364 ab
1057 2331 1144 2364 Aldo
1169 2334 1205 2364 et
1232 2331 1408 2376 Stephano
1432 2341 1489 2363 re-

820 2377 928 2412 stitui.

865 2421 1051 2466 παιδείας]
1077 2422 1204 2456 παιδεί
1228 2421 1326 2455 Vind.
1351 2422 1393 2456 Ε.

866 2466 1125 2512 ἐπιπονωτάτη
1154 2469 1272 2513 δοκεῖ]
1299 2469 1331 2502 δ.
1351 2466 1377 2502 ἐ.
1398 2468 1486 2503 Lob.

819 2515 920 2561 Vinq.
946 2517 984 2549 B.
1013 2516 1091 2548 Vat.
1117 2515 1164 2548 M.

867 2562 951 2606 οὐν]
978 2555 1024 2595 ἂν
1050 2562 1129 2595 Par.
1154 2561 1195 2594 A.
1221 2561 1298 2595 Vat.
1323 2561 1368 2594 H.
1390 2560 1483 2594 Flor.

819 2609 960 2642 ACTV.

864 2651 1031 2698 τρόπον]
1067 2665 1131 2688 om
1174 2653 1275 2686 Vind.
1310 2653 1352 2687 Ε.
1405 2651 1485 2686 Non

818 2701 916 2734 male.
943 2700 1002 2733 Sic
1017 2711 1139 2753 supra:
1165 2699 1222 2739 τίς
1245 2696 1267 2743 ἡ
1294 2698 1484 2733 κοινωνία.

818 2747 933 2802 Atque
964 2748 1052 2780 hanc
1084 2746 1194 2792 ipsam
1223 2745 1484 2781 communionem

818 2789 939 2838 αὐτὴν
962 2792 1056 2829 dicit.

1014 1859 1076 1881 και
1099 1844 1185 1890 πέρὶ
1210 1845 1310 1879 Vind.
1335 1845 1375 1879 F.
