1807 3219
299 163 384 201 304

300 269 443 326 ψυχὴν
480 266 673 324 βλέπειν
731 266 947 323 μάθημα,

746 155 1221 198 PLATONIS

1017 267 1046 324 ἢ
1071 268 1257 319 ἐκεῖνο,
1317 266 1341 311 ὃ
1390 266 1445 310 ἂν
1489 267 1585 321 περὶ
1630 265 1678 310 τό

304 339 358 383 ὅν
386 354 430 382 τε
459 340 487 393 ᾐ
526 337 599 380 καὶ
639 334 689 378 τὸ
738 333 965 390 ἀόρατον,
1001 335 1079 380 ἐάν
1117 338 1162 380 τέ
1203 353 1266 386 τις
1307 334 1397 378 ἄνω
1434 351 1623 391 κεχηνως
1651 334 1680 390 ἢ

303 407 421 451 κάτω
452 403 741 461 συμμεμυκώς
769 407 869 447 τῶν
888 406 1110 461 αἰσθητῶν
1139 404 1329 460 ἐπιχειρῆ
1358 420 1397 446 τι
1424 401 1681 458 μανθάνειν,

306 475 408 519 οὔτε
437 478 597 530 μαθεῖν
629 472 683 517 ἄν
710 473 814 516 ποτέ
846 489 958 530 φημι
989 473 1150 525 αὐτὸν,
1182 470 1417 528 ἐπιστήμην
1437 470 1519 526 γὰρ
1551 470 1681 514 οὐδὲν

244 550 277 591 C
309 544 419 599 ἔχειν
447 538 535 586 τῶν
567 541 807 588 τοιούτων,

847 540 947 584 οὔτε
978 541 1092 593 ἅνω,
1135 539 1241 584 ἀλλὰ
1269 538 1385 584 κάτω
1413 537 1553 583 αὐτοῦ
1582 538 1681 595 βλέ-

308 627 407 655 πειν
435 610 514 666 τὴν
543 610 712 667 ψυχήν,
741 608 825 654 κᾶν
855 609 896 661 ἐξ
925 606 1079 661 ὑπτίας
1109 608 1219 653 νέων
1236 609 1284 652 ἐν
1300 613 1355 665 γῇ
1374 607 1403 665 ἢ
1425 609 1468 652 ἐν
1485 605 1681 663 θαλάττῃ

307 762 408 805 idque
455 760 532 794 huic
579 759 653 793 loco
693 759 802 803 magis
843 762 971 803 aptum,

308 808 436 841 scilicet
471 817 538 840 non
569 806 677 840 solum
710 807 826 838 facere
858 817 884 838 s.
920 807 975 838 fa-

309 854 427 887 ciendo
470 852 504 885 in
543 851 738 897 praesentia
775 854 975 895 occupatum

309 910 405 941 esse,
440 899 500 932 sed
536 898 603 931 vim
635 900 671 930 et
701 897 975 931 consuetudinem

310 945 456 978 faciendi
475 945 601 978 habere
621 943 745 987 aliquid
765 942 973 976 existimare.

311 991 388 1025 Nec
413 989 493 1025 nihil
519 990 617 1023 alteri
641 989 806 1023 infinitivo
828 987 975 1034 βλέπειν

311 1040 348 1070 et
371 1036 556 1070 variandae
580 1035 743 1069 orationis
776 1036 887 1069 studio
912 1035 976 1069 tri-

313 1083 484 1116 buendum
508 1082 652 1115 videtur.

358 1148 402 1185 τὸ
426 1146 495 1195 ὅν]
521 1147 564 1184 τό
590 1162 656 1185 om.
680 1149 774 1183 Mon.
798 1150 839 1185 C.

359 1231 398 1253 τε
418 1212 468 1264 ᾗ]
493 1231 533 1263 γε
552 1212 600 1263 ἦν
624 1218 725 1252 Vind.
750 1218 792 1252 Ε.

363 1284 550 1332 ἀόρατον]
578 1275 717 1331 ὁρατὸν
741 1287 819 1321 Par.
840 1287 883 1322 K.
908 1299 978 1321 see

314 1334 423 1367 Bekk.

361 1399 430 1436 ἐάν
448 1399 489 1436 τὲ
517 1414 573 1441 τις
590 1421 635 1426 -—-
655 1398 884 1458 μανθάνειν]
912 1398 978 1435 ἐάν

313 1445 355 1482 τέ
377 1461 433 1488 τις
457 1444 536 1481 ἄνω
555 1446 717 1491 κεχηνώς
734 1447 757 1491 η’
777 1444 842 1480 ἐάν
862 1458 900 1480 τε
912 1445 978 1480 κά-

314 1506 366 1527 τω
387 1493 632 1537 συμμεμνκιός.
660 1494 695 1527 εἰ
711 1492 753 1527 δέ
769 1505 824 1532 τις
844 1493 978 1536 αἰσθη-

313 1540 390 1574 τῶν
435 1538 521 1584 πέρι
557 1537 767 1583 μανθάνειν
807 1536 980 1582 ἐπιχειρεῖ

314 1586 416 1620 Vind.
452 1587 491 1620 Β.
552 1586 683 1620 Eadem
716 1589 768 1619 est
800 1586 895 1619 Mon.
935 1586 976 1619 C.

314 1632 442 1673 lectio,
490 1637 732 1687 praeterquam
778 1632 870 1686 quod
913 1643 976 1676 pro

315 1676 555 1732 συμμεμυκὼς
573 1677 677 1734 simpl
673 1690 714 1711 ex
729 1675 904 1733 μεμυκὼς
915 1679 976 1734 ha:

315 1725 386 1757 bet.
419 1722 484 1757 ε’άν
509 1721 549 1757 τέ
576 1736 632 1763 τις
660 1721 738 1757 ἄνω
767 1736 926 1767 κεχηνως
950 1719 976 1767 ἢ

315 1767 414 1803 κάτω
460 1780 706 1825 συμμεμυκως
744 1768 889 1803 τούτων
942 1782 978 1803 τι

314 1814 512 1870 μανθάνῃ·
538 1813 603 1849 ἐαν
623 1813 654 1848 δ’
682 1811 760 1849 άνω
779 1828 853 1849 που
876 1827 978 1859 κεχη-

314 1874 389 1901 νως
422 1859 553 1896 ὁτιοῦν
578 1862 654 1894 τῶν
682 1862 876 1906 αἰσθητῶν
903 1874 978 1895 επι-

314 1908 415 1963 χειρῇ
460 1906 671 1962 μανθάνειν
718 1908 810 1942 Mon.
846 1909 885 1941 B.
922 1913 980 1950 et,

314 1952 461 1987 τούτων
482 1974 528 1978 -
546 1950 676 1987 ὁτιουν
701 1954 735 1987 111
768 1966 810 1987 111.
837 1966 857 1988 a
881 1966 924 1987 m.
951 1966 978 1988 s.

313 2000 459 2044 positis,
483 1998 578 2034 Flor
605 2000 649 2033 U
681 2000 779 2033 Hanc
802 2000 981 2034 lectionem

314 2046 490 2079 Bekkerus
515 2049 550 2079 et
580 2045 613 2078 in
646 2057 713 2080 sec.
739 2046 980 2080 Stallbaumius

314 2097 528 2146 receperunt.
599 2091 732 2136 Reliqui
778 2093 910 2126 codices
944 2095 980 2125 et

314 2137 455 2171 Flemus
487 2138 521 2171 in
553 2141 704 2171 nostram
741 2149 815 2171 cum
839 2139 979 2183 reliquis

315 2183 519 2217 editionibus
544 2184 778 2237 consentiunt,
803 2184 866 2217 nisi
889 2184 979 2229 quod

315 2229 454 2263 Ficinus
489 2241 551 2273 pro
581 2225 604 2273 ἢ
633 2227 731 2263 κάτω
761 2240 866 2274 συμμ.
892 2243 980 2264 nun-

315 2288 418 2328 quan-2
457 2287 636 2309 conversus
674 2277 829 2310 deorsum
854 2276 978 2321 posuit,

314 2320 412 2377 quasi
439 2319 492 2375 μὴ
526 2334 557 2355 κ.
590 2332 622 2355 6.
653 2322 819 2365 legisset,
849 2326 883 2355 et
916 2334 978 2377 pro

314 2364 383 2400 εάν
405 2364 446 2400 τέ
470 2367 569 2400 Vind.
595 2368 634 2401 F.
660 2371 745 2412 Ang.
765 2368 803 2402 B.
830 2365 897 2401 ἐὰν
923 2365 977 2423 δε,

313 2423 376 2457 pro
405 2411 567 2468 κεχηνώς
604 2414 705 2449 Vind.
741 2415 781 2448 F.
814 2411 978 2457 κεχηνὸς,

313 2469 376 2514 pro
401 2454 424 2502 ἢ
453 2459 551 2492 Vind.
574 2459 617 2494 Ε.
641 2460 687 2503 η’,
713 2471 775 2504 pio
800 2470 979 2503 συμμεμυ-

312 2502 387 2543 κώς
412 2504 496 2538 Lob.
524 2507 601 2541 Vat.
622 2506 669 2539 M.
695 2504 875 2548 μεμυκὼς,
901 2507 978 2539 vat.

313 2550 355 2584 B.
388 2550 471 2583 ven.
496 2552 537 2584 B.
563 2556 707 2597 ιιῐειφιε
743 2564 764 2585 a
796 2564 839 2585 m.
868 2563 896 2585 s.
921 2563 977 2585 νε-

313 2593 476 2638 νευκώς,
512 2609 574 2650 pro
608 2610 644 2630 τι
674 2598 761 2641 Aug.
786 2598 826 2631 B.
852 2609 891 2631 τε
916 2599 979 2631 ha-

312 2642 383 2683 bet,
408 2642 497 2686 quod
521 2643 629 2686 ipsum
653 2656 689 2677 τι
712 2644 746 2676 111
766 2643 851 2677 Lob.
876 2645 978 2678 omis-

312 2698 409 2729 smn,
445 2687 480 2720 111
514 2689 592 2721 Par.
629 2690 669 2723 A.
707 2690 788 2723 Ven.
823 2690 861 2723 B.
897 2692 975 2724 Vat.

312 2733 396 2768 HM.
421 2745 461 2766 eo
498 2745 564 2777 quo
597 2747 659 2768 nos
693 2736 866 2779 posuimus
889 2738 975 2777 loco,

313 2779 348 2812 in
380 2779 521 2824 reliquis
555 2784 590 2813 et
624 2781 659 2814 111
692 2781 770 2814 Ald.
807 2782 886 2815 Bas.
920 2783 974 2815 ab

314 2825 432 2869 Steph.
459 2826 576 2870 (quem
596 2827 683 2861 falso
704 2828 883 2862 Bekkerus
901 2839 976 2861 cum

1029 759 1106 792 Par.
1124 760 1164 793 A.
1187 758 1377 792 consentire
1400 757 1582 815 significat)
1608 756 1682 789 Ast.

1030 809 1067 838 et
1089 805 1209 838 Stallb.
1242 816 1294 849 pr.
1330 808 1404 840 ante
1438 802 1599 848 ἐπιχειρῇ
1631 801 1685 835 vel

1032 849 1220 894 ἐπιχειρεῖ,
1246 851 1409 895 quomodo
1431 851 1467 883 in
1492 850 1588 882 Vind.
1609 848 1683 882 EF.

1031 898 1125 931 Flor.
1150 898 1221 930 AC.
1233 896 1403 950 scripturn
1436 899 1511 937 est,
1546 895 1681 938 legitur.

1034 943 1134 983 Quae
1157 942 1265 977 omnia
1289 942 1398 986 exigui
1421 947 1457 975 et
1477 942 1518 975 ad
1532 941 1683 974 minuen-

1031 990 1108 1023 dam
1130 989 1290 1033 vulgatae
1312 989 1546 1022 auctoritatem
1565 986 1686 1020 nullius

1031 1036 1188 1069 momenti
1212 1046 1287 1068 esse
1310 1038 1458 1079 apparet.
1483 1033 1584 1067 Haud
1601 1032 1682 1065 mul-

1030 1086 1067 1115 to
1091 1081 1227 1115 maioris
1252 1092 1292 1114 ea
1317 1084 1406 1121 unt
1442 1092 1528 1123 quae
1553 1078 1685 1112 Schlei-

1033 1128 1247 1161 ermacherus
1282 1130 1316 1159 et
1342 1127 1416 1170 ipse
1447 1127 1685 1160 Monacensem

1031 1174 1180 1208 Bekkeii
1204 1176 1332 1206 secutus
1357 1172 1486 1206 obiicit.
1535 1170 1686 1203 Primum

1032 1222 1136 1264 negat
1159 1220 1260 1252 iebus
1284 1219 1493 1252 sensibilibus
1522 1217 1685 1250 intentum

1033 1278 1099 1300 non
1133 1265 1238 1298 solum
1275 1260 1348 1298 άνω
1387 1260 1585 1319 κεχηνότα,
1626 1261 1686 1295 sed

1034 1313 1137 1345 etiam
1160 1308 1259 1344 κάτω
1282 1307 1531 1354 συμμεμυκότα
1550 1309 1616 1342 dici
1627 1309 1686 1341 de-

1034 1357 1171 1398 buisse,
1205 1358 1294 1401 quod
1316 1358 1431 1390 Ficino
1466 1366 1601 1401 quoque
1634 1355 1688 1387 of-

1035 1403 1177 1437 fensioni
1200 1404 1276 1436 suit.
1302 1404 1366 1436 Sed
1390 1404 1453 1436 hoc
1469 1401 1591 1435 omisso
1611 1412 1687 1433 cor-

1035 1449 1128 1495 poris
1152 1450 1257 1483 statui
1280 1453 1389 1483 erecto
1425 1453 1466 1482 et
1493 1447 1543 1482 ori
1567 1452 1687 1500 apmerto

1034 1508 1100 1529 non
1146 1499 1213 1528 tam
1255 1495 1450 1528 efficiendae
1490 1492 1691 1537 cognitionis

1033 1542 1084 1576 vis
1132 1545 1275 1585 negata,
1315 1553 1413 1586 quam
1457 1539 1690 1584 impediendae

1032 1588 1161 1621 tributa
1195 1587 1376 1620 videretui.
1435 1587 1558 1631 Itaque
1598 1584 1690 1618 nulla

1033 1633 1195 1668 eiusmodi
1220 1633 1252 1666 vi
1274 1633 1430 1677 praedita
1449 1633 1506 1665 illa
1529 1634 1564 1664 et
1584 1630 1687 1664 omni—

1033 1692 1075 1714 no
1099 1679 1286 1713 inefficacia
1309 1679 1598 1712 demonstraturus
1623 1678 1687 1710 So-

1034 1729 1146 1759 crates
1166 1723 1208 1759 ‘sz‘
1223 1726 1298 1769 quis
1320 1737 1450 1758 sursum
1473 1730 1612 1768 aperto,
1635 1724 1688 1756 111-

1035 1772 1129 1817 quit,
1151 1774 1207 1805 vel
1227 1773 1340 1804 clauso
1364 1773 1518 1804 deorsum
1541 1782 1597 1804 ore
1613 1782 1690 1803 sen-

1036 1820 1133 1852 sibile
1151 1817 1228 1862 qm‘d
1249 1829 1453 1863 cognoscere
1476 1818 1601 1853 studet
1629 1828 1689 1850 ne-

1037 1877 1100 1909 que
1119 1875 1314 1909 cognoscere
1329 1865 1413 1897 mihi
1428 1875 1534 1907 neque
1557 1874 1690 1896 sursum

1036 1917 1166 1953 specta
1168 1921 1186 1941 e
1215 1910 1329 1943 animo
1354 1911 1501 1944 videtur.

1038 1956 1071 1989 in
1094 1967 1149 2001 pa
1141 1954 1258 1989 ticula
1282 1967 1321 1988 τε
1345 1959 1422 1999 post
1457 1953 1524 1989 εὰν
1547 1954 1690 1988 offendit

1037 2006 1072 2035 et
1096 2014 1131 2036 cv
1133 2002 1252 2034 ntrarii
1286 2001 1569 2045 significationem
1600 2000 1690 2034 desi-

1036 2049 1157 2087 derat,
1204 2059 1270 2081 non
1306 2047 1573 2081 animadvertens
1604 2046 1689 2080 duas

1035 2093 1253 2138 negationes,
1287 2089 1334 2127 ον’
1368 2090 1531 2136 δύναμαι
1573 2097 1608 2127 et
1641 2087 1689 2126 ου’

1037 2151 1142 2184 φηιιι,
1181 2145 1274 2172 recte
1304 2151 1367 2184 per
1391 2149 1437 2173 τε
1448 2139 1628 2195 copulari,
1654 2141 1690 2172 et

1035 2187 1062 2220 si
1084 2186 1307 2219 necessarium
1330 2189 1430 2219 esset
1445 2183 1505 2229 δὲ,
1530 2186 1564 2220 1(1
1588 2191 1689 2219 unu'm

1034 2231 1174 2265 servatis
1207 2232 1330 2265 ceteris
1364 2244 1405 2265 ex
1439 2233 1524 2276 Ang.
1560 2232 1600 2265 B.
1633 2231 1689 2264 vel

1035 2279 1133 2311 etiam
1165 2289 1208 2310 ex
1227 2278 1431 2311 coniectura
1461 2278 1595 2312 restitui
1618 2289 1689 2322 *po*

1035 2325 1147 2357 tuisse.
1203 2324 1350 2357 Bekkeri
1383 2324 1518 2357 lectioni
1553 2326 1691 2368 praeter

1036 2370 1186 2403 codicum
1210 2370 1443 2403 auctoritatem
1469 2371 1531 2403 hoc'
1546 2369 1690 2403 maxime

1036 2417 1169 2456 obstat,
1206 2416 1293 2460 quod
1328 2416 1400 2449 viro
1425 2416 1525 2459 gravi
1549 2419 1585 2448 et
1608 2427 1687 2459 gra-

1033 2461 1174 2495 vissimis
1197 2462 1231 2494 in
1256 2462 1359 2495 rebus
1382 2462 1493 2495 defixo
1512 2473 1687 2516 personam

1034 2507 1209 2546 comicam‚
1233 2505 1434 2550 πρόσωπον
1449 2504 1610 2551 κεχηνὸς,
1628 2507 1689 2540 ad-

1033 2553 1115 2586 iicit.
1165 2554 1307 2587 Accedit
1340 2555 1427 2599 quod
1473 2553 1688 2588 sensibilibus

1032 2598 1194 2633 intentum
1217 2611 1282 2632 non
1307 2601 1479 2644 quamvis,
1513 2600 1573 2633 sed
1598 2599 1689 2652 quod

1034 2640 1111 2678 ἅνω
1131 2643 1291 2688 κεχηνώς
1312 2646 1376 2687 sit,
1403 2646 1592 2690 cognitione
1617 2644 1688 2689 pri—

1032 2701 1115 2723 vare
1137 2691 1294 2732 videtur,
1321 2697 1355 2724 et
1378 2693 1468 2735 quod
1492 2703 1556 2725 non
1576 2703 1688 2746 appa-

1032 2740 1106 2777 ret,
1131 2749 1190 2770 cur
1211 2733 1234 2781 ἢ
1253 2735 1352 2770 κάτω
1371 2748 1606 2781 σνμμεμυκως
1629 2749 1688 2780 po-

1032 2783 1121 2824 tius,
1155 2795 1255 2826 quam
1280 2781 1344 2816 εάν
1365 2795 1404 2817 τε
1425 2796 1457 2817 κ.
1487 2794 1517 2817 6.
1544 2784 1687 2817 dicatur.

1031 2830 1143 2874 Atque
1167 2830 1230 2864 hac
1261 2841 1303 2863 ex
1335 2833 1434 2874 parte
1457 2830 1559 2865 multo
1582 2829 1689 2873 magis

1557 1908 1691 1943 Deinde
1732 1905 1737 1910 ’

1777 340 1791 362 Χ
