<?xml version="1.0" encoding="UTF-8"?>
<!DOCTYPE html PUBLIC "-//W3C//DTD XHTML 1.0 Transitional//EN"
    "http://www.w3.org/TR/xhtml1/DTD/xhtml1-transitional.dtd">
<html xmlns="http://www.w3.org/1999/xhtml" xml:lang="en" lang="en">
 <head>
  <title>
</title>
<meta http-equiv="Content-Type" content="text/html;charset=utf-8" />
  <meta name='ocr-system' content='tesseract 3.04.00' />
  <meta name='ocr-capabilities' content='ocr_page ocr_carea ocr_par ocr_line ocrx_word'/>
</head>
<body>
  <div class='ocr_page' id='page_1' title='image "./operagraecerecen02platuoft_0367.png"; bbox 0 0 1807 3219; ppageno 0'>
   <div class='ocr_carea' id='block_1_1' title="bbox 401 160 1118 224">
    <p class='ocr_par' dir='ltr' id='par_1_1' title="bbox 401 160 1118 224">
     <span class='ocr_line' id='line_1_1' title="bbox 401 160 1118 224; baseline 0.003 -6"><span class='ocrx_word' id='word_1_1' title='bbox 401 160 738 220; x_wconf 75' lang='lat' dir='ltr'><strong>CIVITAS</strong></span> <span class='ocrx_word' id='word_1_2' title='bbox 781 180 1018 224; x_wconf 61' lang='lat' dir='ltr'><em>mum</em></span> <span class='ocrx_word' id='word_1_3' title='bbox 1048 185 1118 222; x_wconf 78' lang='lat'><em>529</em></span> 
     </span>
    </p>
   </div>
   <div class='ocr_carea' id='block_1_2' title="bbox 1367 186 1455 227">
    <p class='ocr_par' dir='ltr' id='par_1_2' title="bbox 1367 186 1455 227">
     <span class='ocr_line' id='line_1_2' title="bbox 1367 186 1455 227; baseline 0.011 -1"><span class='ocrx_word' id='word_1_4' title='bbox 1367 186 1455 227; x_wconf 77' lang='lat'><em>305</em></span> 
     </span>
    </p>
   </div>
   <div class='ocr_carea' id='block_1_3' title="bbox 65 287 1453 419">
    <p class='ocr_par' dir='ltr' id='par_1_3' title="bbox 65 287 1453 419">
     <span class='ocr_line' id='line_1_3' title="bbox 65 287 1453 352; baseline 0.002 -18"><span class='ocrx_word' id='word_1_5' title='bbox 65 287 288 349; x_wconf 77' lang='grc' dir='ltr'><em>μανθάνῃ.</em></span> <span class='ocrx_word' id='word_1_6' title='bbox 336 289 499 345; x_wconf 82' lang='grc' dir='ltr'><strong><em>Δίκην,</em></strong></span> <span class='ocrx_word' id='word_1_7' title='bbox 531 288 639 347; x_wconf 65' lang='grc' dir='ltr'><em>ἔφη,</em></span> <span class='ocrx_word' id='word_1_8' title='bbox 667 291 769 348; x_wconf 73' lang='grc' dir='ltr'><em>ἔχω·</em></span> <span class='ocrx_word' id='word_1_9' title='bbox 800 294 953 346; x_wconf 77' lang='grc' dir='ltr'><em>ορθῶς</em></span> <span class='ocrx_word' id='word_1_10' title='bbox 979 291 1064 349; x_wconf 79' lang='grc' dir='ltr'><em>γάρ</em></span> <span class='ocrx_word' id='word_1_11' title='bbox 1095 308 1173 348; x_wconf 86' lang='grc' dir='ltr'><em>μοι</em></span> <span class='ocrx_word' id='word_1_12' title='bbox 1201 293 1453 352; x_wconf 78' lang='grc' dir='ltr'><strong><em>ἐπέπληξας.</em></strong></span> 
     </span>
     <span class='ocr_line' id='line_1_4' title="bbox 65 357 1451 419; baseline 0.003 -15"><span class='ocrx_word' id='word_1_13' title='bbox 65 359 176 404; x_wconf 68' lang='grc' dir='ltr'><em>ἀλλὰ</em></span> <span class='ocrx_word' id='word_1_14' title='bbox 213 374 307 410; x_wconf 82' lang='grc' dir='ltr'><em>πως</em></span> <span class='ocrx_word' id='word_1_15' title='bbox 336 357 389 415; x_wconf 79' lang='grc' dir='ltr'><em>δή</em></span> <span class='ocrx_word' id='word_1_16' title='bbox 421 358 559 414; x_wconf 76' lang='grc' dir='ltr'><em>ἔλεγες</em></span> <span class='ocrx_word' id='word_1_17' title='bbox 589 362 681 403; x_wconf 85' lang='grc' dir='ltr'><em>δεῖν</em></span> <span class='ocrx_word' id='word_1_18' title='bbox 711 359 1015 416; x_wconf 82' lang='grc' dir='ltr'><em>οἷστρονομίαν</em></span> <span class='ocrx_word' id='word_1_19' title='bbox 1052 362 1298 415; x_wconf 77' lang='grc' dir='ltr'><em>μανθάνειν</em></span> <span class='ocrx_word' id='word_1_20' title='bbox 1328 379 1451 419; x_wconf 87' lang='grc' dir='ltr'><em>παρα</em></span> 
     </span>
    </p>
   </div>
   <div class='ocr_carea' id='block_1_4' title="bbox 66 426 1353 486">
    <p class='ocr_par' dir='ltr' id='par_1_4' title="bbox 66 426 1353 486">
     <span class='ocr_line' id='line_1_5' title="bbox 66 426 1353 486; baseline 0.002 -14"><span class='ocrx_word' id='word_1_21' title='bbox 66 427 97 472; x_wconf 76' lang='grc' dir='ltr'><em>ἃ</em></span> <span class='ocrx_word' id='word_1_22' title='bbox 126 431 212 472; x_wconf 84' lang='grc' dir='ltr'><em>νῦν</em></span> <span class='ocrx_word' id='word_1_23' title='bbox 241 426 568 483; x_wconf 81' lang='grc' dir='ltr'><em>μανθάνουσιν,</em></span> <span class='ocrx_word' id='word_1_24' title='bbox 611 429 648 470; x_wconf 77' lang='grc' dir='ltr'><em>εἰ</em></span> <span class='ocrx_word' id='word_1_25' title='bbox 682 428 883 484; x_wconf 83' lang='grc' dir='ltr'><em>μέλλοιεν</em></span> <span class='ocrx_word' id='word_1_26' title='bbox 915 427 1148 486; x_wconf 67' lang='grc' dir='ltr'><em>ὠφελίμως</em></span> <span class='ocrx_word' id='word_1_27' title='bbox 1185 431 1353 486; x_wconf 80' lang='grc' dir='ltr'><em>πρόςα</em></span> 
     </span>
    </p>
   </div>
   <div class='ocr_carea' id='block_1_5' title="bbox 1325 430 1455 476">
    <p class='ocr_par' dir='ltr' id='par_1_5' title="bbox 1325 430 1455 476">
     <span class='ocr_line' id='line_1_6' title="bbox 1325 430 1455 476; baseline -0.028 1.611"><span class='ocrx_word' id='word_1_28' title='bbox 1325 430 1455 476; x_wconf 61' lang='lat'><em>022³}-</em></span> 
     </span>
    </p>
   </div>
   <div class='ocr_carea' id='block_1_6' title="bbox 62 489 1455 625">
    <p class='ocr_par' dir='ltr' id='par_1_6' title="bbox 62 489 1455 625">
     <span class='ocr_line' id='line_1_7' title="bbox 63 489 1455 555; baseline 0.003 -15"><span class='ocrx_word' id='word_1_29' title='bbox 63 512 202 554; x_wconf 76' lang='grc' dir='ltr'><em>γομεν</em></span> <span class='ocrx_word' id='word_1_30' title='bbox 230 495 538 552; x_wconf 70' lang='grc' dir='ltr'><em>μαθήσεσθαις</em></span> <span class='ocrx_word' id='word_1_31' title='bbox 570 489 697 548; x_wconf 79' lang='grc' dir='ltr'><em>Ὧδε,</em></span> <span class='ocrx_word' id='word_1_32' title='bbox 727 492 783 552; x_wconf 79' lang='grc' dir='ltr'><em>ἦν</em></span> <span class='ocrx_word' id='word_1_33' title='bbox 813 494 858 541; x_wconf 83' lang='grc' dir='ltr'><em>δ’</em></span> <span class='ocrx_word' id='word_1_34' title='bbox 889 497 999 554; x_wconf 75' lang='grc' dir='ltr'><em>ἐγώ·</em></span> <span class='ocrx_word' id='word_1_35' title='bbox 1041 504 1182 545; x_wconf 84' lang='grc' dir='ltr'><em>ταῦτα</em></span> <span class='ocrx_word' id='word_1_36' title='bbox 1213 500 1293 555; x_wconf 78' lang='grc' dir='ltr'><em>μὲν</em></span> <span class='ocrx_word' id='word_1_37' title='bbox 1321 499 1375 544; x_wconf 78' lang='grc' dir='ltr'><em>τοὶ</em></span> <span class='ocrx_word' id='word_1_38' title='bbox 1406 500 1455 544; x_wconf 80' lang='grc' dir='ltr'><em>ἐν</em></span> 
     </span>
     <span class='ocr_line' id='line_1_8' title="bbox 62 563 1452 625; baseline 0.002 -16"><span class='ocrx_word' id='word_1_39' title='bbox 62 568 126 623; x_wconf 75' lang='grc' dir='ltr'><em>τῷ</em></span> <span class='ocrx_word' id='word_1_40' title='bbox 150 563 331 621; x_wconf 77' lang='grc' dir='ltr'><em>οὐρανῷ</em></span> <span class='ocrx_word' id='word_1_41' title='bbox 363 564 650 619; x_wconf 84' lang='grc' dir='ltr'><em>ποικίλματα,</em></span> <span class='ocrx_word' id='word_1_42' title='bbox 690 564 862 621; x_wconf 75' lang='grc' dir='ltr'><em>ἐπείπερ</em></span> <span class='ocrx_word' id='word_1_43' title='bbox 904 566 952 610; x_wconf 79' lang='grc' dir='ltr'><em>ἐν</em></span> <span class='ocrx_word' id='word_1_44' title='bbox 987 565 1135 625; x_wconf 75' lang='grc' dir='ltr'><em>ὁρατῷ</em></span> <span class='ocrx_word' id='word_1_45' title='bbox 1163 569 1452 619; x_wconf 83' lang='grc' dir='ltr'><em>πεποίκιλται,</em></span> 
     </span>
    </p>
   </div>
   <div class='ocr_carea' id='block_1_7' title="bbox 62 630 1517 692">
    <p class='ocr_par' dir='ltr' id='par_1_7' title="bbox 62 630 1517 692">
     <span class='ocr_line' id='line_1_9' title="bbox 62 630 1517 692; baseline 0.002 -14"><span class='ocrx_word' id='word_1_46' title='bbox 62 634 271 678; x_wconf 76' lang='grc' dir='ltr'><em>κάλλιστα</em></span> <span class='ocrx_word' id='word_1_47' title='bbox 307 632 388 690; x_wconf 78' lang='grc' dir='ltr'><em>μὲν</em></span> <span class='ocrx_word' id='word_1_48' title='bbox 425 630 630 689; x_wconf 79' lang='grc' dir='ltr'><em>ἡγεῖσθαι</em></span> <span class='ocrx_word' id='word_1_49' title='bbox 669 633 744 677; x_wconf 82' lang='grc' dir='ltr'><em>καὶ</em></span> <span class='ocrx_word' id='word_1_50' title='bbox 782 631 1075 692; x_wconf 76' lang='grc' dir='ltr'><em>ἀκριβέστατα</em></span> <span class='ocrx_word' id='word_1_51' title='bbox 1114 641 1205 681; x_wconf 73' lang='grc' dir='ltr'><em>τῶν</em></span> <span class='ocrx_word' id='word_1_52' title='bbox 1232 636 1452 681; x_wconf 83' lang='grc' dir='ltr'><em>τοιούτων</em></span> <span class='ocrx_word' id='word_1_53' title='bbox 1477 639 1517 681; x_wconf 94' lang='lat' dir='ltr'>D</span> 
     </span>
    </p>
   </div>
   <div class='ocr_carea' id='block_1_8' title="bbox 61 781 726 1050">
    <p class='ocr_par' dir='ltr' id='par_1_8' title="bbox 61 781 726 1050">
     <span class='ocr_line' id='line_1_10' title="bbox 62 781 725 827; baseline -0.003 -9"><span class='ocrx_word' id='word_1_54' title='bbox 62 783 250 818; x_wconf 83' lang='lat' dir='ltr'><em>tolerabilis</em></span> <span class='ocrx_word' id='word_1_55' title='bbox 281 786 317 817; x_wconf 86' lang='lat' dir='ltr'><em>et</em></span> <span class='ocrx_word' id='word_1_56' title='bbox 348 781 437 816; x_wconf 84' lang='lat' dir='ltr'><em>haud</em></span> <span class='ocrx_word' id='word_1_57' title='bbox 471 781 583 827; x_wconf 80' lang='lat' dir='ltr'>paullo</span> <span class='ocrx_word' id='word_1_58' title='bbox 607 782 725 817; x_wconf 88' lang='lat' dir='ltr'>mode-</span> 
     </span>
     <span class='ocr_line' id='line_1_11' title="bbox 62 829 726 865; baseline -0.002 -1"><span class='ocrx_word' id='word_1_59' title='bbox 62 831 148 865; x_wconf 85' lang='lat' dir='ltr'>stior</span> <span class='ocrx_word' id='word_1_60' title='bbox 183 834 236 864; x_wconf 84' lang='lat' dir='ltr'><em>est</em></span> <span class='ocrx_word' id='word_1_61' title='bbox 271 829 408 864; x_wconf 84' lang='lat' dir='ltr'>alterius</span> <span class='ocrx_word' id='word_1_62' title='bbox 434 829 649 862; x_wconf 79' lang='lat' dir='ltr'>Monacensis</span> <span class='ocrx_word' id='word_1_63' title='bbox 674 830 726 863; x_wconf 85' lang='lat' dir='ltr'><em>in-</em></span> 
     </span>
     <span class='ocr_line' id='line_1_12' title="bbox 61 875 724 929; baseline -0.003 -19"><span class='ocrx_word' id='word_1_64' title='bbox 61 877 266 922; x_wconf 82' lang='lat' dir='ltr'>terpolatio,</span> <span class='ocrx_word' id='word_1_65' title='bbox 309 887 447 929; x_wconf 38' lang='lat' dir='ltr'>quemn</span> <span class='ocrx_word' id='word_1_66' title='bbox 432 875 724 909; x_wconf 83' lang='lat' dir='ltr'>Schleierlnache-</span> 
     </span>
     <span class='ocr_line' id='line_1_13' title="bbox 61 920 724 976; baseline -0.005 -19"><span class='ocrx_word' id='word_1_67' title='bbox 61 934 122 958; x_wconf 89' lang='lat' dir='ltr'><em>rus</em></span> <span class='ocrx_word' id='word_1_68' title='bbox 158 935 219 976; x_wconf 84' lang='lat' dir='ltr'><em>pro</em></span> <span class='ocrx_word' id='word_1_69' title='bbox 262 921 372 956; x_wconf 81' lang='lat' dir='ltr'><em>inutili</em></span> <span class='ocrx_word' id='word_1_70' title='bbox 409 920 558 955; x_wconf 85' lang='lat' dir='ltr'><em>abiicere</em></span> <span class='ocrx_word' id='word_1_71' title='bbox 592 925 626 955; x_wconf 88' lang='lat' dir='ltr'><em>et</em></span> <span class='ocrx_word' id='word_1_72' title='bbox 650 933 724 955; x_wconf 87' lang='lat' dir='ltr'><em>cum</em></span> 
     </span>
     <span class='ocr_line' id='line_1_14' title="bbox 61 967 725 1004; baseline -0.002 -1"><span class='ocrx_word' id='word_1_73' title='bbox 61 969 276 1004; x_wconf 87' lang='lat' dir='ltr'>Bekkeriano</span> <span class='ocrx_word' id='word_1_74' title='bbox 300 967 507 1003; x_wconf 77' lang='lat' dir='ltr'>confundere</span> <span class='ocrx_word' id='word_1_75' title='bbox 530 979 596 1002; x_wconf 90' lang='lat' dir='ltr'><em>non</em></span> <span class='ocrx_word' id='word_1_76' title='bbox 619 967 725 1002; x_wconf 86' lang='lat' dir='ltr'>debe-</span> 
     </span>
     <span class='ocr_line' id='line_1_15' title="bbox 62 1016 135 1050; baseline -0.016 0"><span class='ocrx_word' id='word_1_77' title='bbox 62 1016 135 1050; x_wconf 91' lang='lat' dir='ltr'><em>bat.</em></span> 
     </span>
    </p>
   </div>
   <div class='ocr_carea' id='block_1_9' title="bbox 63 1081 724 1231">
    <p class='ocr_par' dir='ltr' id='par_1_9' title="bbox 63 1081 724 1220">
     <span class='ocr_line' id='line_1_16' title="bbox 108 1081 724 1128; baseline 0 -10"><span class='ocrx_word' id='word_1_78' title='bbox 108 1083 221 1128; x_wconf 80' lang='grc' dir='ltr'><em>ποτε]</em></span> <span class='ocrx_word' id='word_1_79' title='bbox 257 1096 323 1120; x_wconf 86' lang='lat' dir='ltr'><strong>om.</strong></span> <span class='ocrx_word' id='word_1_80' title='bbox 355 1082 457 1117; x_wconf 82' lang='lat' dir='ltr'><strong>Vind.</strong></span> <span class='ocrx_word' id='word_1_81' title='bbox 489 1081 534 1117; x_wconf 82' lang='lat' dir='ltr'><em>F.</em></span> <span class='ocrx_word' id='word_1_82' title='bbox 571 1084 658 1128; x_wconf 84' lang='lat' dir='ltr'><strong>Ang.</strong></span> <span class='ocrx_word' id='word_1_83' title='bbox 681 1083 724 1118; x_wconf 90' lang='lat' dir='ltr'><em>B.</em></span> 
     </span>
     <span class='ocr_line' id='line_1_17' title="bbox 63 1131 226 1166; baseline -0.013 0"><span class='ocrx_word' id='word_1_84' title='bbox 63 1131 160 1166; x_wconf 82' lang='lat' dir='ltr'><strong>Flor.</strong></span> <span class='ocrx_word' id='word_1_85' title='bbox 184 1131 226 1165; x_wconf 88' lang='lat' dir='ltr'><em>R.</em></span> 
     </span>
     <span class='ocr_line' id='line_1_18' title="bbox 111 1174 458 1231; baseline -0.006 -21"><span class='ocrx_word' id='word_1_86' title='bbox 111 1175 224 1220; x_wconf 78' lang='grc' dir='ltr'><em>ἔχειν]</em></span> <span class='ocrx_word' id='word_1_87' title='bbox 253 1174 324 1231; x_wconf 77' lang='grc' dir='ltr'><em>ἔχει</em></span> <span class='ocrx_word' id='word_1_88' title='bbox 346 1175 458 1210; x_wconf 87' lang='lat' dir='ltr'><strong>iidem.</strong></span> 
     </span>
    </p>
   </div>
   <div class='ocr_carea' id='block_1_10' title="bbox 109 1218 725 1265">
    <p class='ocr_par' dir='ltr' id='par_1_10' title="bbox 109 1218 725 1265">
     <span class='ocr_line' id='line_1_19' title="bbox 109 1218 725 1265; baseline -0.003 -8"><span class='ocrx_word' id='word_1_89' title='bbox 109 1235 186 1257; x_wconf 89' lang='grc' dir='ltr'><em>των</em></span> <span class='ocrx_word' id='word_1_90' title='bbox 214 1220 418 1265; x_wconf 82' lang='grc' dir='ltr'><em>τοιούτων]</em></span> <span class='ocrx_word' id='word_1_91' title='bbox 451 1218 519 1256; x_wconf 83' lang='grc' dir='ltr'><em>τὸν</em></span> <span class='ocrx_word' id='word_1_92' title='bbox 545 1221 725 1256; x_wconf 81' lang='grc' dir='ltr'><em>τοιοῦτον</em></span> 
     </span>
    </p>
   </div>
   <div class='ocr_carea' id='block_1_11' title="bbox 57 1268 725 1582">
    <p class='ocr_par' dir='ltr' id='par_1_11' title="bbox 57 1268 725 1487">
     <span class='ocr_line' id='line_1_20' title="bbox 62 1268 721 1304; baseline -0.003 -1"><span class='ocrx_word' id='word_1_93' title='bbox 62 1269 151 1303; x_wconf 91' lang='lat' dir='ltr'><strong>Lob.</strong></span> <span class='ocrx_word' id='word_1_94' title='bbox 176 1269 276 1304; x_wconf 85' lang='lat' dir='ltr'><strong>Vind.</strong></span> <span class='ocrx_word' id='word_1_95' title='bbox 301 1269 374 1302; x_wconf 84' lang='lat' dir='ltr'><em>BE.</em></span> <span class='ocrx_word' id='word_1_96' title='bbox 398 1268 491 1302; x_wconf 88' lang='lat' dir='ltr'><em>Mon.</em></span> <span class='ocrx_word' id='word_1_97' title='bbox 517 1268 557 1301; x_wconf 86' lang='lat' dir='ltr'><em>C.</em></span> <span class='ocrx_word' id='word_1_98' title='bbox 583 1268 668 1301; x_wconf 77' lang='lat' dir='ltr'>Ven-</span> <span class='ocrx_word' id='word_1_99' title='bbox 680 1269 721 1303; x_wconf 92' lang='grc' dir='ltr'><em>Β.</em></span> 
     </span>
     <span class='ocr_line' id='line_1_21' title="bbox 60 1315 723 1351; baseline -0.005 0"><span class='ocrx_word' id='word_1_100' title='bbox 60 1317 141 1351; x_wconf 81' lang='lat' dir='ltr'><strong>vat.</strong></span> <span class='ocrx_word' id='word_1_101' title='bbox 167 1315 250 1349; x_wconf 86' lang='lat' dir='ltr'><strong>HM.</strong></span> <span class='ocrx_word' id='word_1_102' title='bbox 282 1315 356 1348; x_wconf 83' lang='lat' dir='ltr'><strong>Ast.</strong></span> <span class='ocrx_word' id='word_1_103' title='bbox 390 1326 458 1350; x_wconf 83' lang='lat' dir='ltr'><strong>sec.</strong></span> <span class='ocrx_word' id='word_1_104' title='bbox 493 1317 572 1348; x_wconf 85' lang='lat' dir='ltr'>tert.</span> <span class='ocrx_word' id='word_1_105' title='bbox 616 1315 723 1348; x_wconf 76' lang='lat' dir='ltr'>scien—</span> 
     </span>
     <span class='ocr_line' id='line_1_22' title="bbox 59 1361 725 1406; baseline -0.002 -11"><span class='ocrx_word' id='word_1_106' title='bbox 59 1363 149 1396; x_wconf 80' lang='lat' dir='ltr'><em>tiam</em></span> <span class='ocrx_word' id='word_1_107' title='bbox 187 1362 276 1395; x_wconf 78' lang='lat' dir='ltr'><em>enim</em></span> <span class='ocrx_word' id='word_1_108' title='bbox 312 1361 460 1406; x_wconf 79' lang='lat' dir='ltr'><em>adipisci</em></span> <span class='ocrx_word' id='word_1_109' title='bbox 485 1361 594 1394; x_wconf 46' lang='lat' dir='ltr'>*hunc</span> <span class='ocrx_word' id='word_1_110' title='bbox 633 1373 725 1406; x_wconf 81' lang='lat' dir='ltr'>nego</span> 
     </span>
     <span class='ocr_line' id='line_1_23' title="bbox 57 1406 724 1453; baseline -0.003 -11"><span class='ocrx_word' id='word_1_111' title='bbox 57 1407 136 1444; x_wconf 79' lang='lat' dir='ltr'><strong>Fic.</strong></span> <span class='ocrx_word' id='word_1_112' title='bbox 185 1407 240 1441; x_wconf 85' lang='lat' dir='ltr'><em>cf.</em></span> <span class='ocrx_word' id='word_1_113' title='bbox 263 1407 372 1453; x_wconf 85' lang='lat' dir='ltr'><strong>prima</strong></span> <span class='ocrx_word' id='word_1_114' title='bbox 395 1406 549 1441; x_wconf 86' lang='lat' dir='ltr'>lectionis</span> <span class='ocrx_word' id='word_1_115' title='bbox 572 1406 724 1441; x_wconf 85' lang='lat' dir='ltr'><em>varietas</em></span> 
     </span>
     <span class='ocr_line' id='line_1_24' title="bbox 58 1453 160 1487; baseline -0.01 0"><span class='ocrx_word' id='word_1_116' title='bbox 58 1453 94 1487; x_wconf 90' lang='lat' dir='ltr'><em>in</em></span> <span class='ocrx_word' id='word_1_117' title='bbox 118 1454 160 1487; x_wconf 90' lang='lat' dir='ltr'><em>D.</em></span> 
     </span>
    </p>

    <p class='ocr_par' dir='ltr' id='par_1_12' title="bbox 59 1494 723 1582">
     <span class='ocr_line' id='line_1_25' title="bbox 107 1494 723 1544; baseline 0.002 -11"><span class='ocrx_word' id='word_1_118' title='bbox 107 1496 222 1543; x_wconf 71' lang='grc' dir='ltr'><em>ἀλλὰ]</em></span> <span class='ocrx_word' id='word_1_119' title='bbox 258 1494 349 1534; x_wconf 74' lang='grc' dir='ltr'><em>οὔτε</em></span> <span class='ocrx_word' id='word_1_120' title='bbox 375 1498 477 1533; x_wconf 89' lang='lat' dir='ltr'><strong>Vind.</strong></span> <span class='ocrx_word' id='word_1_121' title='bbox 501 1498 542 1533; x_wconf 80' lang='lat' dir='ltr'><em>F.</em></span> <span class='ocrx_word' id='word_1_122' title='bbox 565 1500 656 1544; x_wconf 85' lang='lat' dir='ltr'><strong>Ang.</strong></span> <span class='ocrx_word' id='word_1_123' title='bbox 680 1499 723 1535; x_wconf 88' lang='grc' dir='ltr'><em>Β.</em></span> 
     </span>
     <span class='ocr_line' id='line_1_26' title="bbox 59 1545 224 1582; baseline 0.006 -3"><span class='ocrx_word' id='word_1_124' title='bbox 59 1545 153 1582; x_wconf 85' lang='lat' dir='ltr'><strong>Flor.</strong></span> <span class='ocrx_word' id='word_1_125' title='bbox 179 1546 224 1580; x_wconf 80' lang='lat' dir='ltr'><em>R.</em></span> 
     </span>
    </p>
   </div>
   <div class='ocr_carea' id='block_1_12' title="bbox 57 1612 728 2906">
    <p class='ocr_par' dir='ltr' id='par_1_13' title="bbox 57 1612 728 2906">
     <span class='ocr_line' id='line_1_27' title="bbox 105 1612 723 1660; baseline 0.002 -11"><span class='ocrx_word' id='word_1_126' title='bbox 105 1613 144 1658; x_wconf 79' lang='grc' dir='ltr'><em>ἐξ</em></span> <span class='ocrx_word' id='word_1_127' title='bbox 171 1612 309 1654; x_wconf 74' lang='grc' dir='ltr'><em>ὑπτίας</em></span> <span class='ocrx_word' id='word_1_128' title='bbox 337 1613 460 1658; x_wconf 81' lang='grc' dir='ltr'><em>νέων]</em></span> <span class='ocrx_word' id='word_1_129' title='bbox 507 1613 624 1658; x_wconf 83' lang='grc' dir='ltr'><em>νέων,</em></span> <span class='ocrx_word' id='word_1_130' title='bbox 659 1626 723 1660; x_wconf 85' lang='lat' dir='ltr'><em>pro</em></span> 
     </span>
     <span class='ocr_line' id='line_1_28' title="bbox 59 1661 706 1707; baseline -0.002 -12"><span class='ocrx_word' id='word_1_131' title='bbox 59 1674 127 1707; x_wconf 91' lang='lat' dir='ltr'><em>quo</em></span> <span class='ocrx_word' id='word_1_132' title='bbox 151 1662 230 1695; x_wconf 84' lang='lat' dir='ltr'><em>Vat.</em></span> <span class='ocrx_word' id='word_1_133' title='bbox 254 1661 333 1694; x_wconf 90' lang='grc' dir='ltr'><em>ΒΜ.</em></span> <span class='ocrx_word' id='word_1_134' title='bbox 360 1661 446 1696; x_wconf 86' lang='lat' dir='ltr'><strong>Ven.</strong></span> <span class='ocrx_word' id='word_1_135' title='bbox 467 1661 507 1695; x_wconf 90' lang='lat' dir='ltr'><em>B.</em></span> <span class='ocrx_word' id='word_1_136' title='bbox 527 1665 572 1702; x_wconf 86' lang='lat' dir='ltr'><em>et,</em></span> <span class='ocrx_word' id='word_1_137' title='bbox 597 1673 706 1706; x_wconf 47' lang='lat' dir='ltr'><strong>supas</strong></span> 
     </span>
     <span class='ocr_line' id='line_1_29' title="bbox 58 1706 722 1750; baseline 0 -9"><span class='ocrx_word' id='word_1_138' title='bbox 58 1708 146 1742; x_wconf 90' lang='lat' dir='ltr'><strong>Lob.</strong></span> <span class='ocrx_word' id='word_1_139' title='bbox 171 1706 308 1750; x_wconf 83' lang='grc' dir='ltr'><em>ναίων,</em></span> <span class='ocrx_word' id='word_1_140' title='bbox 332 1707 410 1740; x_wconf 82' lang='lat' dir='ltr'><strong>Par.</strong></span> <span class='ocrx_word' id='word_1_141' title='bbox 422 1706 496 1740; x_wconf 89' lang='lat' dir='ltr'><em>DK.</em></span> <span class='ocrx_word' id='word_1_142' title='bbox 521 1718 590 1741; x_wconf 86' lang='lat' dir='ltr'><strong>sec.</strong></span> <span class='ocrx_word' id='word_1_143' title='bbox 612 1708 722 1742; x_wconf 88' lang='lat' dir='ltr'><strong>Bekk.</strong></span> 
     </span>
     <span class='ocr_line' id='line_1_30' title="bbox 58 1752 720 1810; baseline -0.003 -21"><span class='ocrx_word' id='word_1_144' title='bbox 58 1754 175 1810; x_wconf 81' lang='grc' dir='ltr'><em>νεῶν,</em></span> <span class='ocrx_word' id='word_1_145' title='bbox 208 1753 285 1787; x_wconf 86' lang='lat' dir='ltr'><em>Par.</em></span> <span class='ocrx_word' id='word_1_146' title='bbox 311 1753 352 1786; x_wconf 92' lang='lat' dir='ltr'><em>A.</em></span> <span class='ocrx_word' id='word_1_147' title='bbox 384 1752 477 1786; x_wconf 84' lang='lat' dir='ltr'><em>Mon</em></span> <span class='ocrx_word' id='word_1_148' title='bbox 507 1753 547 1787; x_wconf 90' lang='lat' dir='ltr'><em>C.</em></span> <span class='ocrx_word' id='word_1_149' title='bbox 572 1754 651 1787; x_wconf 89' lang='lat' dir='ltr'><strong>Vat.</strong></span> <span class='ocrx_word' id='word_1_150' title='bbox 676 1754 720 1788; x_wconf 88' lang='grc' dir='ltr'><em>Η.</em></span> 
     </span>
     <span class='ocr_line' id='line_1_31' title="bbox 57 1796 720 1857; baseline 0 -23"><span class='ocrx_word' id='word_1_151' title='bbox 57 1811 150 1857; x_wconf 81' lang='grc' dir='ltr'><em>μεν,</em></span> <span class='ocrx_word' id='word_1_152' title='bbox 196 1799 297 1834; x_wconf 84' lang='lat' dir='ltr'><strong>Vind.</strong></span> <span class='ocrx_word' id='word_1_153' title='bbox 330 1799 369 1832; x_wconf 87' lang='lat' dir='ltr'><em>B.</em></span> <span class='ocrx_word' id='word_1_154' title='bbox 401 1796 497 1854; x_wconf 78' lang='grc' dir='ltr'><em>μήν,</em></span> <span class='ocrx_word' id='word_1_155' title='bbox 546 1799 645 1841; x_wconf 85' lang='lat' dir='ltr'>Vind,</span> <span class='ocrx_word' id='word_1_156' title='bbox 676 1801 720 1834; x_wconf 88' lang='grc' dir='ltr'>Ε</span> 
     </span>
     <span class='ocr_line' id='line_1_32' title="bbox 61 1842 724 1898; baseline -0.002 -18"><span class='ocrx_word' id='word_1_157' title='bbox 61 1844 255 1890; x_wconf 79' lang='grc' dir='ltr'><em>(ἐξυπτίας</em></span> <span class='ocrx_word' id='word_1_158' title='bbox 277 1848 316 1879; x_wconf 85' lang='grc' dir='ltr'><em>ιιι</em></span> <span class='ocrx_word' id='word_1_159' title='bbox 339 1845 397 1889; x_wconf 80' lang='lat' dir='ltr'><em>F.)</em></span> <span class='ocrx_word' id='word_1_160' title='bbox 423 1842 472 1898; x_wconf 80' lang='grc' dir='ltr'><em>μή</em></span> <span class='ocrx_word' id='word_1_161' title='bbox 496 1845 643 1887; x_wconf 88' lang='lat' dir='ltr'><em>exhibet,</em></span> <span class='ocrx_word' id='word_1_162' title='bbox 663 1846 724 1879; x_wconf 82' lang='lat' dir='ltr'><em>Fi-</em></span> 
     </span>
     <span class='ocr_line' id='line_1_33' title="bbox 60 1872 724 1947; baseline 0 -21"><span class='ocrx_word' id='word_1_163' title='bbox 60 1893 158 1940; x_wconf 86' lang='lat' dir='ltr'>cinus</span> <span class='ocrx_word' id='word_1_164' title='bbox 188 1894 305 1927; x_wconf 84' lang='lat' dir='ltr'>iacens</span> <span class='ocrx_word' id='word_1_165' title='bbox 336 1891 484 1936; x_wconf 83' lang='lat' dir='ltr'><strong>posuit,</strong></span> <span class='ocrx_word' id='word_1_166' title='bbox 529 1872 724 1947; x_wconf 84' lang='lat' dir='ltr'><strong>Stephanus</strong></span> 
     </span>
     <span class='ocr_line' id='line_1_34' title="bbox 60 1935 724 1984; baseline -0.002 -11"><span class='ocrx_word' id='word_1_167' title='bbox 60 1950 95 1984; x_wconf 88' lang='lat' dir='ltr'><strong>p.</strong></span> <span class='ocrx_word' id='word_1_168' title='bbox 121 1939 178 1973; x_wconf 81' lang='lat'><em>25</em></span> <span class='ocrx_word' id='word_1_169' title='bbox 209 1943 305 1973; x_wconf 85' lang='lat' dir='ltr'>reete</span> <span class='ocrx_word' id='word_1_170' title='bbox 335 1940 440 1982; x_wconf 82' lang='lat' dir='ltr'>negat</span> <span class='ocrx_word' id='word_1_171' title='bbox 470 1937 506 1971; x_wconf 92' lang='lat' dir='ltr'><em>in</em></span> <span class='ocrx_word' id='word_1_172' title='bbox 537 1935 627 1972; x_wconf 81' lang='grc' dir='ltr'><em>νέον</em></span> <span class='ocrx_word' id='word_1_173' title='bbox 649 1950 724 1972; x_wconf 90' lang='lat' dir='ltr'><em>mu-</em></span> 
     </span>
     <span class='ocr_line' id='line_1_35' title="bbox 60 1984 723 2029; baseline -0.002 -10"><span class='ocrx_word' id='word_1_174' title='bbox 60 1984 200 2020; x_wconf 85' lang='lat' dir='ltr'>tandum</span> <span class='ocrx_word' id='word_1_175' title='bbox 240 1986 300 2018; x_wconf 88' lang='lat' dir='ltr'><em>aut</em></span> <span class='ocrx_word' id='word_1_176' title='bbox 338 1995 400 2029; x_wconf 84' lang='lat' dir='ltr'><em>pro</em></span> <span class='ocrx_word' id='word_1_177' title='bbox 433 1984 596 2019; x_wconf 76' lang='lat' dir='ltr'><em>habitans</em></span> <span class='ocrx_word' id='word_1_178' title='bbox 631 1984 723 2018; x_wconf 87' lang='lat' dir='ltr'>acci—</span> 
     </span>
     <span class='ocr_line' id='line_1_36' title="bbox 85 2030 722 2075; baseline -0.002 -10"><span class='ocrx_word' id='word_1_179' title='bbox 85 2030 241 2072; x_wconf 86' lang='lat' dir='ltr'>iendum,</span> <span class='ocrx_word' id='word_1_180' title='bbox 267 2041 370 2075; x_wconf 86' lang='lat' dir='ltr'>quum</span> <span class='ocrx_word' id='word_1_181' title='bbox 392 2030 437 2063; x_wconf 85' lang='lat' dir='ltr'><em>sit</em></span> <span class='ocrx_word' id='word_1_182' title='bbox 459 2036 598 2064; x_wconf 79' lang='lat' dir='ltr'><em>natans.</em></span> <span class='ocrx_word' id='word_1_183' title='bbox 645 2030 722 2064; x_wconf 87' lang='lat' dir='ltr'>Pol-</span> 
     </span>
     <span class='ocr_line' id='line_1_37' title="bbox 60 2042 724 2132; baseline 0 -22"><span class='ocrx_word' id='word_1_184' title='bbox 60 2042 120 2111; x_wconf 60' lang='lat' dir='ltr'><em>i‘ux</em></span> <span class='ocrx_word' id='word_1_185' title='bbox 145 2077 224 2111; x_wconf 93' lang='lat' dir='ltr'><strong>VII.</strong></span> <span class='ocrx_word' id='word_1_186' title='bbox 237 2077 336 2112; x_wconf 82' lang='lat'>138:</span> <span class='ocrx_word' id='word_1_187' title='bbox 360 2078 440 2110; x_wconf 80' lang='grc' dir='ltr'><em>νεῖν</em></span> <span class='ocrx_word' id='word_1_188' title='bbox 469 2073 502 2109; x_wconf 82' lang='grc' dir='ltr'><em>δ’</em></span> <span class='ocrx_word' id='word_1_189' title='bbox 513 2073 560 2132; x_wconf 77' lang='grc' dir='ltr'><em>ἐξ</em></span> <span class='ocrx_word' id='word_1_190' title='bbox 586 2073 724 2117; x_wconf 79' lang='grc' dir='ltr'><em>υπτίας</em></span> 
     </span>
     <span class='ocr_line' id='line_1_38' title="bbox 61 2118 723 2180; baseline 0 -23"><span class='ocrx_word' id='word_1_191' title='bbox 61 2120 224 2167; x_wconf 75' lang='grc' dir='ltr'><em>μαθημα</em></span> <span class='ocrx_word' id='word_1_192' title='bbox 254 2121 494 2180; x_wconf 82' lang='grc' dir='ltr'><em>κολυμβητῶν</em></span> <span class='ocrx_word' id='word_1_193' title='bbox 513 2118 723 2168; x_wconf 75' lang='grc' dir='ltr'><em>Ἀριστοφοέ-</em></span> 
     </span>
     <span class='ocr_line' id='line_1_39' title="bbox 60 2165 723 2214; baseline -0.003 -10"><span class='ocrx_word' id='word_1_194' title='bbox 60 2181 130 2214; x_wconf 82' lang='grc' dir='ltr'><em>νης</em></span> <span class='ocrx_word' id='word_1_195' title='bbox 157 2166 235 2202; x_wconf 81' lang='grc' dir='ltr'><strong><em>εἶπε</em></strong></span> <span class='ocrx_word' id='word_1_196' title='bbox 273 2167 337 2202; x_wconf 81' lang='grc' dir='ltr'><em>καὶ</em></span> <span class='ocrx_word' id='word_1_197' title='bbox 377 2165 547 2203; x_wconf 87' lang='grc' dir='ltr'><em>Πλατων.</em></span> <span class='ocrx_word' id='word_1_198' title='bbox 594 2170 723 2212; x_wconf 81' lang='lat' dir='ltr'>Astius,</span> 
     </span>
     <span class='ocr_line' id='line_1_40' title="bbox 62 2211 722 2261; baseline 0.002 -13"><span class='ocrx_word' id='word_1_199' title='bbox 62 2216 122 2261; x_wconf 87' lang='lat' dir='ltr'><em>qui</em></span> <span class='ocrx_word' id='word_1_200' title='bbox 143 2215 180 2248; x_wconf 87' lang='lat' dir='ltr'><em>in</em></span> <span class='ocrx_word' id='word_1_201' title='bbox 203 2226 256 2260; x_wconf 84' lang='lat' dir='ltr'><em>pr.</em></span> <span class='ocrx_word' id='word_1_202' title='bbox 281 2211 401 2249; x_wconf 83' lang='grc' dir='ltr'><em>νεύων</em></span> <span class='ocrx_word' id='word_1_203' title='bbox 424 2215 577 2256; x_wconf 81' lang='lat' dir='ltr'>dederat,</span> <span class='ocrx_word' id='word_1_204' title='bbox 599 2214 632 2248; x_wconf 84' lang='lat' dir='ltr'><em>in</em></span> <span class='ocrx_word' id='word_1_205' title='bbox 654 2226 722 2249; x_wconf 84' lang='lat' dir='ltr'><strong>sec.</strong></span> 
     </span>
     <span class='ocr_line' id='line_1_41' title="bbox 61 2258 723 2317; baseline -0.002 -22"><span class='ocrx_word' id='word_1_206' title='bbox 61 2261 295 2317; x_wconf 81' lang='lat' dir='ltr'><strong>metaphorice</strong></span> <span class='ocrx_word' id='word_1_207' title='bbox 319 2261 445 2294; x_wconf 84' lang='lat' dir='ltr'>dictum</span> <span class='ocrx_word' id='word_1_208' title='bbox 476 2263 599 2305; x_wconf 86' lang='lat' dir='ltr'>putat,</span> <span class='ocrx_word' id='word_1_209' title='bbox 623 2266 662 2295; x_wconf 81' lang='lat' dir='ltr'><em>ut</em></span> <span class='ocrx_word' id='word_1_210' title='bbox 685 2258 723 2303; x_wconf 80' lang='grc' dir='ltr'><em>ἐξ</em></span> 
     </span>
     <span class='ocr_line' id='line_1_42' title="bbox 63 2303 723 2348; baseline 0 -7"><span class='ocrx_word' id='word_1_211' title='bbox 63 2303 202 2347; x_wconf 75' lang='grc' dir='ltr'><em>ὑπτίας</em></span> <span class='ocrx_word' id='word_1_212' title='bbox 229 2305 326 2341; x_wconf 83' lang='grc' dir='ltr'><em>νέων</em></span> <span class='ocrx_word' id='word_1_213' title='bbox 349 2306 430 2340; x_wconf 88' lang='lat' dir='ltr'><strong>nihil</strong></span> <span class='ocrx_word' id='word_1_214' title='bbox 452 2307 542 2340; x_wconf 85' lang='lat' dir='ltr'>aliud</span> <span class='ocrx_word' id='word_1_215' title='bbox 566 2307 626 2348; x_wconf 85' lang='lat' dir='ltr'><em>sit,</em></span> <span class='ocrx_word' id='word_1_216' title='bbox 658 2307 723 2342; x_wconf 84' lang='lat' dir='ltr'><em>nisi</em></span> 
     </span>
     <span class='ocr_line' id='line_1_43' title="bbox 62 2352 723 2398; baseline -0.002 -10"><span class='ocrx_word' id='word_1_217' title='bbox 62 2355 214 2398; x_wconf 72' lang='lat' dir='ltr'><strong>supinus.</strong></span> <span class='ocrx_word' id='word_1_218' title='bbox 262 2354 375 2398; x_wconf 81' lang='lat' dir='ltr'><strong>Atque</strong></span> <span class='ocrx_word' id='word_1_219' title='bbox 404 2352 454 2386; x_wconf 88' lang='lat' dir='ltr'><em>ita</em></span> <span class='ocrx_word' id='word_1_220' title='bbox 485 2352 638 2387; x_wconf 87' lang='lat' dir='ltr'>Galenus</span> <span class='ocrx_word' id='word_1_221' title='bbox 668 2353 723 2387; x_wconf 88' lang='lat' dir='ltr'><em>in-</em></span> 
     </span>
     <span class='ocr_line' id='line_1_44' title="bbox 63 2396 725 2444; baseline 0 -11"><span class='ocrx_word' id='word_1_222' title='bbox 63 2399 235 2434; x_wconf 83' lang='lat' dir='ltr'>tellexisse</span> <span class='ocrx_word' id='word_1_223' title='bbox 271 2402 330 2433; x_wconf 87' lang='lat' dir='ltr'><em>aut</em></span> <span class='ocrx_word' id='word_1_224' title='bbox 364 2396 460 2433; x_wconf 82' lang='grc' dir='ltr'><em>νέων</em></span> <span class='ocrx_word' id='word_1_225' title='bbox 490 2410 557 2432; x_wconf 89' lang='lat' dir='ltr'><em>non</em></span> <span class='ocrx_word' id='word_1_226' title='bbox 599 2399 725 2444; x_wconf 86' lang='lat' dir='ltr'>legisse</span> 
     </span>
     <span class='ocr_line' id='line_1_45' title="bbox 63 2443 723 2490; baseline 0 -11"><span class='ocrx_word' id='word_1_227' title='bbox 63 2445 200 2479; x_wconf 80' lang='lat' dir='ltr'><em>videtur</em></span> <span class='ocrx_word' id='word_1_228' title='bbox 221 2445 264 2479; x_wconf 89' lang='lat' dir='ltr'><em>de</em></span> <span class='ocrx_word' id='word_1_229' title='bbox 280 2457 343 2479; x_wconf 91' lang='lat' dir='ltr'><em>usu</em></span> <span class='ocrx_word' id='word_1_230' title='bbox 358 2448 448 2490; x_wconf 88' lang='lat' dir='ltr'><strong>part.</strong></span> <span class='ocrx_word' id='word_1_231' title='bbox 463 2444 502 2478; x_wconf 90' lang='lat' dir='ltr'><strong>L.</strong></span> <span class='ocrx_word' id='word_1_232' title='bbox 519 2443 583 2480; x_wconf 87' lang='grc' dir='ltr'><strong>ΙΙΙ.</strong></span> <span class='ocrx_word' id='word_1_233' title='bbox 600 2446 644 2479; x_wconf 91' lang='grc' dir='ltr'><em>Τ.</em></span> <span class='ocrx_word' id='word_1_234' title='bbox 659 2445 723 2479; x_wconf 92' lang='grc' dir='ltr'><em>ΠΙ.</em></span> 
     </span>
     <span class='ocr_line' id='line_1_46' title="bbox 63 2491 723 2547; baseline -0.002 -21"><span class='ocrx_word' id='word_1_235' title='bbox 63 2501 103 2547; x_wconf 90' lang='lat' dir='ltr'><em>p.</em></span> <span class='ocrx_word' id='word_1_236' title='bbox 114 2493 191 2527; x_wconf 88' lang='lat'><strong>183.</strong></span> <span class='ocrx_word' id='word_1_237' title='bbox 210 2491 322 2526; x_wconf 80' lang='lat' dir='ltr'><strong>Kuhn.</strong></span> <span class='ocrx_word' id='word_1_238' title='bbox 341 2491 383 2524; x_wconf 87' lang='lat' dir='ltr'><em>ad</em></span> <span class='ocrx_word' id='word_1_239' title='bbox 411 2491 496 2524; x_wconf 88' lang='lat' dir='ltr'>haec</span> <span class='ocrx_word' id='word_1_240' title='bbox 518 2491 723 2547; x_wconf 86' lang='lat' dir='ltr'><em>respiciens·</em></span> 
     </span>
     <span class='ocr_line' id='line_1_47' title="bbox 63 2534 728 2593; baseline 0.002 -22"><span class='ocrx_word' id='word_1_241' title='bbox 63 2535 110 2572; x_wconf 90' lang='grc' dir='ltr'><em>τὸ</em></span> <span class='ocrx_word' id='word_1_242' title='bbox 146 2537 186 2571; x_wconf 83' lang='grc' dir='ltr'><em>δὲ</em></span> <span class='ocrx_word' id='word_1_243' title='bbox 199 2534 303 2593; x_wconf 80' lang='grc' dir='ltr'><em>μηδὲ</em></span> <span class='ocrx_word' id='word_1_244' title='bbox 343 2534 546 2576; x_wconf 76' lang='grc' dir='ltr'><em>Πλάτωνος</em></span> <span class='ocrx_word' id='word_1_245' title='bbox 586 2534 728 2577; x_wconf 74' lang='grc' dir='ltr'><em>αὐτους</em></span> 
     </span>
     <span class='ocr_line' id='line_1_48' title="bbox 68 2579 725 2640; baseline 0.002 -23"><span class='ocrx_word' id='word_1_246' title='bbox 68 2579 276 2640; x_wconf 72' lang='grc' dir='ltr'><em>ἀκηκοέναι</em></span> <span class='ocrx_word' id='word_1_247' title='bbox 287 2580 470 2627; x_wconf 80' lang='grc' dir='ltr'><em>λέγοντος,</em></span> <span class='ocrx_word' id='word_1_248' title='bbox 487 2595 539 2623; x_wconf 85' lang='grc' dir='ltr'><em>ως</em></span> <span class='ocrx_word' id='word_1_249' title='bbox 560 2580 607 2618; x_wconf 75' lang='grc' dir='ltr'><em>οὕ</em></span> <span class='ocrx_word' id='word_1_250' title='bbox 623 2581 725 2618; x_wconf 86' lang='grc' dir='ltr'><em>τοῦτ</em></span> 
     </span>
     <span class='ocr_line' id='line_1_49' title="bbox 66 2625 727 2686; baseline 0.002 -23"><span class='ocrx_word' id='word_1_251' title='bbox 66 2627 143 2664; x_wconf 78' lang='grc' dir='ltr'><em>ἔστι</em></span> <span class='ocrx_word' id='word_1_252' title='bbox 173 2626 217 2665; x_wconf 76' lang='grc' dir='ltr'><em>τὸ</em></span> <span class='ocrx_word' id='word_1_253' title='bbox 252 2642 333 2664; x_wconf 84' lang='grc' dir='ltr'><em>ανω</em></span> <span class='ocrx_word' id='word_1_254' title='bbox 350 2628 517 2686; x_wconf 80' lang='grc' dir='ltr'><em>βλέπειν,</em></span> <span class='ocrx_word' id='word_1_255' title='bbox 552 2625 645 2664; x_wconf 79' lang='grc' dir='ltr'><em>ὅταν</em></span> <span class='ocrx_word' id='word_1_256' title='bbox 670 2641 727 2670; x_wconf 84' lang='grc' dir='ltr'><em>τις</em></span> 
     </span>
     <span class='ocr_line' id='line_1_50' title="bbox 63 2671 727 2720; baseline 0.002 -11"><span class='ocrx_word' id='word_1_257' title='bbox 63 2671 200 2710; x_wconf 78' lang='grc' dir='ltr'><em>ν’πτιον</em></span> <span class='ocrx_word' id='word_1_258' title='bbox 217 2672 337 2711; x_wconf 74' lang='grc' dir='ltr'><em>αὐτὸν</em></span> <span class='ocrx_word' id='word_1_259' title='bbox 361 2673 566 2710; x_wconf 79' lang='grc' dir='ltr'><em>οἷνακλίνειε</em></span> <span class='ocrx_word' id='word_1_260' title='bbox 582 2674 727 2720; x_wconf 73' lang='grc' dir='ltr'><em>χασμώ-</em></span> 
     </span>
     <span class='ocr_line' id='line_1_51' title="bbox 63 2718 726 2778; baseline 0.002 -23"><span class='ocrx_word' id='word_1_261' title='bbox 63 2732 197 2777; x_wconf 82' lang='grc' dir='ltr'><em>μενος,</em></span> <span class='ocrx_word' id='word_1_262' title='bbox 223 2718 298 2756; x_wconf 70' lang='grc' dir='ltr'><em>ἀλλ’</em></span> <span class='ocrx_word' id='word_1_263' title='bbox 319 2718 432 2765; x_wconf 81' lang='grc' dir='ltr'><em>ὅταν,</em></span> <span class='ocrx_word' id='word_1_264' title='bbox 458 2718 581 2778; x_wconf 81' lang='grc' dir='ltr'><em>οἶμαι,</em></span> <span class='ocrx_word' id='word_1_265' title='bbox 606 2723 658 2768; x_wconf 80' lang='grc' dir='ltr'><em>τῷ</em></span> <span class='ocrx_word' id='word_1_266' title='bbox 672 2722 726 2768; x_wconf 76' lang='grc' dir='ltr'><em>νῷ</em></span> 
     </span>
     <span class='ocr_line' id='line_1_52' title="bbox 63 2747 727 2812; baseline 0.002 -11"><span class='ocrx_word' id='word_1_267' title='bbox 63 2765 135 2811; x_wconf 85' lang='grc' dir='ltr'><em>τὴν</em></span> <span class='ocrx_word' id='word_1_268' title='bbox 154 2781 233 2802; x_wconf 84' lang='grc' dir='ltr'><em>των</em></span> <span class='ocrx_word' id='word_1_269' title='bbox 255 2763 375 2803; x_wconf 79' lang='grc' dir='ltr'><em>ὄντων</em></span> <span class='ocrx_word' id='word_1_270' title='bbox 396 2747 509 2812; x_wconf 85' lang='grc' dir='ltr'><em>φύσιν</em></span> <span class='ocrx_word' id='word_1_271' title='bbox 528 2757 727 2812; x_wconf 81' lang='grc' dir='ltr'><em>ἐπισκοπῆ-</em></span> 
     </span>
     <span class='ocr_line' id='line_1_53' title="bbox 63 2812 727 2859; baseline 0.003 -13"><span class='ocrx_word' id='word_1_272' title='bbox 63 2825 148 2857; x_wconf 83' lang='grc' dir='ltr'><em>ται,</em></span> <span class='ocrx_word' id='word_1_273' title='bbox 173 2814 305 2854; x_wconf 83' lang='grc' dir='ltr'><em>δεινως</em></span> <span class='ocrx_word' id='word_1_274' title='bbox 323 2812 512 2859; x_wconf 77' lang='grc' dir='ltr'><em>ὀλίγωρον.</em></span> <span class='ocrx_word' id='word_1_275' title='bbox 559 2814 629 2848; x_wconf 85' lang='lat' dir='ltr'><em>Sed</em></span> <span class='ocrx_word' id='word_1_276' title='bbox 648 2815 727 2849; x_wconf 86' lang='lat' dir='ltr'><em>huic</em></span> 
     </span>
     <span class='ocr_line' id='line_1_54' title="bbox 62 2859 726 2906; baseline 0.003 -12"><span class='ocrx_word' id='word_1_277' title='bbox 62 2859 336 2905; x_wconf 71' lang='lat' dir='ltr'>interpretationi</span> <span class='ocrx_word' id='word_1_278' title='bbox 365 2873 428 2906; x_wconf 88' lang='lat' dir='ltr'><em>per</em></span> <span class='ocrx_word' id='word_1_279' title='bbox 459 2872 498 2894; x_wconf 86' lang='lat' dir='ltr'><em>se</em></span> <span class='ocrx_word' id='word_1_280' title='bbox 530 2872 600 2896; x_wconf 92' lang='lat' dir='ltr'><em>non</em></span> <span class='ocrx_word' id='word_1_281' title='bbox 626 2860 726 2896; x_wconf 76' lang='lat' dir='ltr'><strong>nimis</strong></span> 
     </span>
    </p>
   </div>
   <div class='ocr_carea' id='block_1_13' title="bbox 133 2918 526 2961">
    <p class='ocr_par' dir='ltr' id='par_1_14' title="bbox 133 2918 526 2961">
     <span class='ocr_line' id='line_1_55' title="bbox 133 2918 526 2961; baseline 0 -2"><span class='ocrx_word' id='word_1_282' title='bbox 133 2918 342 2961; x_wconf 69' lang='lat' dir='ltr'><em>PLA&#39;roms</em></span> <span class='ocrx_word' id='word_1_283' title='bbox 372 2920 448 2960; x_wconf 74' lang='grc' dir='ltr'><em>ΟΡ.</em></span> <span class='ocrx_word' id='word_1_284' title='bbox 477 2918 526 2959; x_wconf 90' lang='lat'><strong>11.</strong></span> 
     </span>
    </p>
   </div>
   <div class='ocr_carea' id='block_1_14' title="bbox 779 782 1453 1300">
    <p class='ocr_par' dir='ltr' id='par_1_15' title="bbox 779 782 1453 1295">
     <span class='ocr_line' id='line_1_56' title="bbox 782 782 1453 838; baseline 0.007 -22"><span class='ocrx_word' id='word_1_285' title='bbox 782 783 950 838; x_wconf 82' lang='lat' dir='ltr'>probabili</span> <span class='ocrx_word' id='word_1_286' title='bbox 975 784 1078 820; x_wconf 83' lang='lat' dir='ltr'>etiam</span> <span class='ocrx_word' id='word_1_287' title='bbox 1103 786 1219 821; x_wconf 80' lang='lat' dir='ltr'><em>addita</em></span> <span class='ocrx_word' id='word_1_288' title='bbox 1245 784 1284 820; x_wconf 80' lang='grc' dir='ltr'><em>ἐν</em></span> <span class='ocrx_word' id='word_1_289' title='bbox 1303 786 1350 832; x_wconf 63' lang='grc' dir='ltr'><em>ςῇ</em></span> <span class='ocrx_word' id='word_1_290' title='bbox 1369 782 1393 832; x_wconf 83' lang='grc' dir='ltr'><em>ἢ</em></span> <span class='ocrx_word' id='word_1_291' title='bbox 1413 784 1453 821; x_wconf 77' lang='grc' dir='ltr'><em>ἐν</em></span> 
     </span>
     <span class='ocr_line' id='line_1_57' title="bbox 781 828 1453 876; baseline 0.006 -13"><span class='ocrx_word' id='word_1_292' title='bbox 781 828 955 876; x_wconf 75' lang='grc' dir='ltr'><em>θαλάττῃ</em></span> <span class='ocrx_word' id='word_1_293' title='bbox 996 843 1118 876; x_wconf 74' lang='lat' dir='ltr'>palum</span> <span class='ocrx_word' id='word_1_294' title='bbox 1151 833 1377 875; x_wconf 84' lang='lat' dir='ltr'>conveniunt,</span> <span class='ocrx_word' id='word_1_295' title='bbox 1417 838 1453 867; x_wconf 84' lang='lat' dir='ltr'><em>et</em></span> 
     </span>
     <span class='ocr_line' id='line_1_58' title="bbox 781 879 1453 924; baseline 0.007 -15"><span class='ocrx_word' id='word_1_296' title='bbox 781 886 875 909; x_wconf 85' lang='lat' dir='ltr'>mare</span> <span class='ocrx_word' id='word_1_297' title='bbox 898 882 1086 920; x_wconf 84' lang='lat' dir='ltr'>natantem,</span> <span class='ocrx_word' id='word_1_298' title='bbox 1111 879 1170 923; x_wconf 87' lang='lat' dir='ltr'><em>qui</em></span> <span class='ocrx_word' id='word_1_299' title='bbox 1193 880 1334 924; x_wconf 82' lang='lat' dir='ltr'>proprie</span> <span class='ocrx_word' id='word_1_300' title='bbox 1357 880 1453 914; x_wconf 87' lang='lat' dir='ltr'>dica-</span> 
     </span>
     <span class='ocr_line' id='line_1_59' title="bbox 782 923 1451 971; baseline 0.006 -16"><span class='ocrx_word' id='word_1_301' title='bbox 782 925 868 964; x_wconf 60' lang='lat' dir='ltr'>tur,</span> <span class='ocrx_word' id='word_1_302' title='bbox 897 923 1053 968; x_wconf 82' lang='lat' dir='ltr'><strong>requirit.</strong></span> <span class='ocrx_word' id='word_1_303' title='bbox 1103 924 1228 970; x_wconf 85' lang='lat' dir='ltr'>Neque</span> <span class='ocrx_word' id='word_1_304' title='bbox 1261 937 1341 960; x_wconf 87' lang='lat' dir='ltr'>vero</span> <span class='ocrx_word' id='word_1_305' title='bbox 1370 938 1451 971; x_wconf 87' lang='lat' dir='ltr'>pro-</span> 
     </span>
     <span class='ocr_line' id='line_1_60' title="bbox 780 971 1449 1026; baseline 0.006 -25"><span class='ocrx_word' id='word_1_306' title='bbox 780 971 900 1012; x_wconf 84' lang='lat' dir='ltr'>pterea</span> <span class='ocrx_word' id='word_1_307' title='bbox 924 981 1009 1026; x_wconf 91' lang='lat' dir='ltr'>opus</span> <span class='ocrx_word' id='word_1_308' title='bbox 1035 973 1110 1011; x_wconf 88' lang='lat' dir='ltr'>est,</span> <span class='ocrx_word' id='word_1_309' title='bbox 1134 975 1174 1003; x_wconf 89' lang='lat' dir='ltr'><em>ut</em></span> <span class='ocrx_word' id='word_1_310' title='bbox 1197 983 1272 1005; x_wconf 87' lang='lat' dir='ltr'><em>cum</em></span> <span class='ocrx_word' id='word_1_311' title='bbox 1297 972 1390 1006; x_wconf 90' lang='lat' dir='ltr'><em>Mon.</em></span> <span class='ocrx_word' id='word_1_312' title='bbox 1407 972 1449 1006; x_wconf 92' lang='grc' dir='ltr'><em>Β.</em></span> 
     </span>
     <span class='ocr_line' id='line_1_61' title="bbox 780 1012 1448 1063; baseline 0.009 -16"><span class='ocrx_word' id='word_1_313' title='bbox 780 1015 873 1048; x_wconf 85' lang='lat' dir='ltr'><strong>Flor.</strong></span> <span class='ocrx_word' id='word_1_314' title='bbox 906 1015 950 1049; x_wconf 91' lang='lat' dir='ltr'><em>U.</em></span> <span class='ocrx_word' id='word_1_315' title='bbox 982 1013 1022 1049; x_wconf 78' lang='grc' dir='ltr'><em>ἐν</em></span> <span class='ocrx_word' id='word_1_316' title='bbox 1060 1014 1231 1062; x_wconf 74' lang='grc' dir='ltr'><em>θαλάττῃ</em></span> <span class='ocrx_word' id='word_1_317' title='bbox 1263 1012 1287 1062; x_wconf 73' lang='grc' dir='ltr'><em>ἢ</em></span> <span class='ocrx_word' id='word_1_318' title='bbox 1327 1015 1367 1052; x_wconf 80' lang='grc' dir='ltr'><em>ἐν</em></span> <span class='ocrx_word' id='word_1_319' title='bbox 1402 1018 1448 1063; x_wconf 83' lang='grc' dir='ltr'><em>γῇ</em></span> 
     </span>
     <span class='ocr_line' id='line_1_62' title="bbox 779 1061 1450 1107; baseline 0.006 -13"><span class='ocrx_word' id='word_1_320' title='bbox 779 1061 974 1103; x_wconf 78' lang='lat' dir='ltr'><em>scribatur,</em></span> <span class='ocrx_word' id='word_1_321' title='bbox 1013 1063 1103 1107; x_wconf 91' lang='lat' dir='ltr'>quod</span> <span class='ocrx_word' id='word_1_322' title='bbox 1138 1063 1381 1099; x_wconf 81' lang='lat' dir='ltr'><em>Stanbaumius</em></span> <span class='ocrx_word' id='word_1_323' title='bbox 1413 1064 1450 1098; x_wconf 89' lang='lat' dir='ltr'><em>in</em></span> 
     </span>
     <span class='ocr_line' id='line_1_63' title="bbox 780 1108 1450 1154; baseline 0.006 -14"><span class='ocrx_word' id='word_1_324' title='bbox 780 1118 849 1142; x_wconf 86' lang='lat' dir='ltr'><strong>sec.</strong></span> <span class='ocrx_word' id='word_1_325' title='bbox 874 1108 967 1142; x_wconf 81' lang='lat' dir='ltr'><strong>fecit.</strong></span> <span class='ocrx_word' id='word_1_326' title='bbox 1023 1108 1182 1154; x_wconf 84' lang='lat' dir='ltr'>Namque</span> <span class='ocrx_word' id='word_1_327' title='bbox 1214 1109 1245 1143; x_wconf 91' lang='lat' dir='ltr'><em>in</em></span> <span class='ocrx_word' id='word_1_328' title='bbox 1281 1122 1321 1144; x_wconf 86' lang='lat' dir='ltr'><em>ea</em></span> <span class='ocrx_word' id='word_1_329' title='bbox 1355 1110 1450 1146; x_wconf 83' lang='lat' dir='ltr'><em>orbis</em></span> 
     </span>
     <span class='ocr_line' id='line_1_64' title="bbox 781 1156 1448 1201; baseline 0.008 -16"><span class='ocrx_word' id='word_1_330' title='bbox 781 1156 949 1187; x_wconf 81' lang='lat' dir='ltr'>terrarum</span> <span class='ocrx_word' id='word_1_331' title='bbox 972 1159 1082 1199; x_wconf 84' lang='lat' dir='ltr'>parte,</span> <span class='ocrx_word' id='word_1_332' title='bbox 1109 1167 1198 1200; x_wconf 87' lang='lat' dir='ltr'>quae</span> <span class='ocrx_word' id='word_1_333' title='bbox 1221 1156 1268 1201; x_wconf 78' lang='grc' dir='ltr'><em>γῆ</em></span> <span class='ocrx_word' id='word_1_334' title='bbox 1293 1160 1448 1198; x_wconf 80' lang='lat' dir='ltr'><em>vocatur,</em></span> 
     </span>
     <span class='ocr_line' id='line_1_65' title="bbox 780 1200 1448 1245; baseline 0.007 -13"><span class='ocrx_word' id='word_1_335' title='bbox 780 1210 847 1232; x_wconf 89' lang='lat' dir='ltr'><em>non</em></span> <span class='ocrx_word' id='word_1_336' title='bbox 872 1200 992 1242; x_wconf 87' lang='lat' dir='ltr'>minus,</span> <span class='ocrx_word' id='word_1_337' title='bbox 1017 1212 1118 1245; x_wconf 88' lang='lat' dir='ltr'>quam</span> <span class='ocrx_word' id='word_1_338' title='bbox 1142 1201 1175 1235; x_wconf 91' lang='lat' dir='ltr'><em>in</em></span> <span class='ocrx_word' id='word_1_339' title='bbox 1201 1204 1311 1236; x_wconf 83' lang='lat' dir='ltr'>altera</span> <span class='ocrx_word' id='word_1_340' title='bbox 1335 1203 1448 1237; x_wconf 86' lang='lat' dir='ltr'>natari</span> 
     </span>
     <span class='ocr_line' id='line_1_66' title="bbox 780 1246 1448 1300; baseline 0.009 -23"><span class='ocrx_word' id='word_1_341' title='bbox 780 1248 906 1300; x_wconf 85' lang='lat' dir='ltr'>potest.</span> <span class='ocrx_word' id='word_1_342' title='bbox 955 1246 1002 1291; x_wconf 77' lang='grc' dir='ltr'><em>γῆ</em></span> <span class='ocrx_word' id='word_1_343' title='bbox 1026 1259 1094 1282; x_wconf 92' lang='lat' dir='ltr'><em>non</em></span> <span class='ocrx_word' id='word_1_344' title='bbox 1127 1248 1217 1282; x_wconf 86' lang='lat' dir='ltr'><em>idem</em></span> <span class='ocrx_word' id='word_1_345' title='bbox 1247 1252 1323 1292; x_wconf 86' lang='lat' dir='ltr'>est,</span> <span class='ocrx_word' id='word_1_346' title='bbox 1357 1249 1448 1295; x_wconf 91' lang='lat' dir='ltr'>quod</span> 
     </span>
    </p>
   </div>
   <div class='ocr_carea' id='block_1_15' title="bbox 780 1289 920 1336">
    <p class='ocr_par' dir='ltr' id='par_1_16' title="bbox 780 1289 920 1336">
     <span class='ocr_line' id='line_1_67' title="bbox 780 1289 920 1336; baseline 0.014 -12"><span class='ocrx_word' id='word_1_347' title='bbox 780 1289 920 1336; x_wconf 82' lang='grc' dir='ltr'><em>χέρσος.</em></span> 
     </span>
    </p>
   </div>
   <div class='ocr_carea' id='block_1_16' title="bbox 778 1383 1449 1614">
    <p class='ocr_par' dir='ltr' id='par_1_17' title="bbox 778 1383 1449 1614">
     <span class='ocr_line' id='line_1_68' title="bbox 829 1383 1448 1430; baseline 0.008 -14"><span class='ocrx_word' id='word_1_348' title='bbox 829 1383 971 1428; x_wconf 80' lang='grc' dir='ltr'><em>Δίκην]</em></span> <span class='ocrx_word' id='word_1_349' title='bbox 997 1383 1069 1418; x_wconf 73' lang='grc' dir='ltr'><em>νῦν</em></span> <span class='ocrx_word' id='word_1_350' title='bbox 1091 1385 1281 1430; x_wconf 85' lang='grc' dir='ltr'><em>τιμωρίαν.</em></span> <span class='ocrx_word' id='word_1_351' title='bbox 1301 1386 1448 1421; x_wconf 84' lang='lat' dir='ltr'><em>scholia-</em></span> 
     </span>
     <span class='ocr_line' id='line_1_69' title="bbox 781 1431 1449 1486; baseline 0.006 -23"><span class='ocrx_word' id='word_1_352' title='bbox 781 1433 872 1472; x_wconf 80' lang='lat' dir='ltr'>stes3</span> <span class='ocrx_word' id='word_1_353' title='bbox 910 1435 1014 1464; x_wconf 79' lang='lat' dir='ltr'><em>reete.</em></span> <span class='ocrx_word' id='word_1_354' title='bbox 1077 1431 1131 1465; x_wconf 88' lang='lat' dir='ltr'><em>Cf.</em></span> <span class='ocrx_word' id='word_1_355' title='bbox 1157 1432 1346 1486; x_wconf 89' lang='lat' dir='ltr'>Xenophon</span> <span class='ocrx_word' id='word_1_356' title='bbox 1377 1433 1449 1476; x_wconf 85' lang='lat' dir='ltr'><em>Cy-</em></span> 
     </span>
     <span class='ocr_line' id='line_1_70' title="bbox 781 1476 1446 1521; baseline 0.005 -12"><span class='ocrx_word' id='word_1_357' title='bbox 781 1488 854 1521; x_wconf 89' lang='lat' dir='ltr'><strong>rop.</strong></span> <span class='ocrx_word' id='word_1_358' title='bbox 880 1476 957 1510; x_wconf 91' lang='lat' dir='ltr'><strong>VII.</strong></span> <span class='ocrx_word' id='word_1_359' title='bbox 983 1479 1016 1517; x_wconf 72' lang='lat'><em>2,</em></span> <span class='ocrx_word' id='word_1_360' title='bbox 1042 1477 1097 1512; x_wconf 73' lang='lat'><strong>24.</strong></span> <span class='ocrx_word' id='word_1_361' title='bbox 1123 1483 1159 1511; x_wconf 88' lang='lat' dir='ltr'><em>et</em></span> <span class='ocrx_word' id='word_1_362' title='bbox 1183 1478 1232 1512; x_wconf 87' lang='lat' dir='ltr'><em>ibi</em></span> <span class='ocrx_word' id='word_1_363' title='bbox 1257 1490 1276 1511; x_wconf 87' lang='lat' dir='ltr'>a</span> <span class='ocrx_word' id='word_1_364' title='bbox 1301 1479 1446 1512; x_wconf 89' lang='lat' dir='ltr'>Schnei-</span> 
     </span>
     <span class='ocr_line' id='line_1_71' title="bbox 781 1522 1447 1570; baseline 0.008 -15"><span class='ocrx_word' id='word_1_365' title='bbox 781 1522 862 1555; x_wconf 83' lang='lat' dir='ltr'>dero</span> <span class='ocrx_word' id='word_1_366' title='bbox 887 1522 1011 1556; x_wconf 82' lang='lat' dir='ltr'>citatus</span> <span class='ocrx_word' id='word_1_367' title='bbox 1036 1523 1159 1566; x_wconf 84' lang='lat' dir='ltr'><strong>Lysias</strong></span> <span class='ocrx_word' id='word_1_368' title='bbox 1184 1525 1335 1570; x_wconf 84' lang='lat' dir='ltr'><strong>epitaph.</strong></span> <span class='ocrx_word' id='word_1_369' title='bbox 1361 1528 1394 1568; x_wconf 70' lang='grc' dir='ltr'><strong>ἓ</strong></span> <span class='ocrx_word' id='word_1_370' title='bbox 1414 1527 1447 1561; x_wconf 88' lang='grc'><em>7.</em></span> 
     </span>
     <span class='ocr_line' id='line_1_72' title="bbox 778 1569 1169 1614; baseline 0.005 -12"><span class='ocrx_word' id='word_1_371' title='bbox 778 1569 890 1602; x_wconf 87' lang='lat' dir='ltr'><strong>Bekk.</strong></span> <span class='ocrx_word' id='word_1_372' title='bbox 915 1581 950 1614; x_wconf 92' lang='lat' dir='ltr'><em>p.</em></span> <span class='ocrx_word' id='word_1_373' title='bbox 970 1570 1025 1604; x_wconf 89' lang='lat'><em>59.</em></span> <span class='ocrx_word' id='word_1_374' title='bbox 1051 1570 1169 1606; x_wconf 87' lang='lat' dir='ltr'><strong>Reisk.</strong></span> 
     </span>
    </p>
   </div>
   <div class='ocr_carea' id='block_1_17' title="bbox 824 1645 1410 1764">
    <p class='ocr_par' dir='ltr' id='par_1_18' title="bbox 824 1645 1410 1764">
     <span class='ocr_line' id='line_1_73' title="bbox 825 1645 1175 1693; baseline 0.003 -11"><span class='ocrx_word' id='word_1_375' title='bbox 825 1645 948 1693; x_wconf 67' lang='grc' dir='ltr'><em>ἀλλὰ]</em></span> <span class='ocrx_word' id='word_1_376' title='bbox 975 1645 1075 1683; x_wconf 73' lang='grc' dir='ltr'><em>Ἀλλεὶ</em></span> <span class='ocrx_word' id='word_1_377' title='bbox 1098 1649 1175 1683; x_wconf 86' lang='lat' dir='ltr'><strong>Ald.</strong></span> 
     </span>
     <span class='ocr_line' id='line_1_74' title="bbox 824 1715 1410 1764; baseline 0.005 -13"><span class='ocrx_word' id='word_1_378' title='bbox 824 1715 871 1762; x_wconf 82' lang='grc' dir='ltr'><em>δὴ</em></span> <span class='ocrx_word' id='word_1_379' title='bbox 894 1715 1031 1763; x_wconf 74' lang='grc' dir='ltr'><em>ἔλεγες]</em></span> <span class='ocrx_word' id='word_1_380' title='bbox 1058 1716 1214 1764; x_wconf 78' lang='grc' dir='ltr'><em>διέλεγες</em></span> <span class='ocrx_word' id='word_1_381' title='bbox 1238 1719 1340 1754; x_wconf 87' lang='lat' dir='ltr'><strong>Vind.</strong></span> <span class='ocrx_word' id='word_1_382' title='bbox 1367 1721 1410 1755; x_wconf 85' lang='lat' dir='ltr'><em>E.</em></span> 
     </span>
    </p>
   </div>
   <div class='ocr_carea' id='block_1_18' title="bbox 778 1783 1450 1866">
    <p class='ocr_par' dir='ltr' id='par_1_19' title="bbox 778 1783 1450 1866">
     <span class='ocr_line' id='line_1_75' title="bbox 778 1783 1450 1866; baseline 0.009 -47"><span class='ocrx_word' id='word_1_383' title='bbox 778 1783 951 1866; x_wconf 75' lang='grc' dir='ltr'><em>Κπαροὲ]</em></span> <span class='ocrx_word' id='word_1_384' title='bbox 992 1784 1080 1833; x_wconf 86' lang='grc' dir='ltr'><em>παρ’</em></span> <span class='ocrx_word' id='word_1_385' title='bbox 1104 1788 1205 1823; x_wconf 89' lang='lat' dir='ltr'><strong>idem.</strong></span> <span class='ocrx_word' id='word_1_386' title='bbox 1249 1785 1344 1836; x_wconf 78' lang='grc' dir='ltr'><em>πρὸς</em></span> <span class='ocrx_word' id='word_1_387' title='bbox 1367 1790 1450 1826; x_wconf 85' lang='lat' dir='ltr'><strong>Par.</strong></span> 
     </span>
    </p>
   </div>
   <div class='ocr_carea' id='block_1_19' title="bbox 777 1898 1449 2089">
    <p class='ocr_par' dir='ltr' id='par_1_20' title="bbox 777 1898 1449 2089">
     <span class='ocr_line' id='line_1_76' title="bbox 824 1898 1447 1948; baseline 0.005 -13"><span class='ocrx_word' id='word_1_388' title='bbox 824 1898 1017 1946; x_wconf 78' lang='grc' dir='ltr'><em>μέλλοιεν]</em></span> <span class='ocrx_word' id='word_1_389' title='bbox 1037 1900 1163 1946; x_wconf 82' lang='grc' dir='ltr'><em>μέλλοι</em></span> <span class='ocrx_word' id='word_1_390' title='bbox 1187 1903 1269 1939; x_wconf 83' lang='lat' dir='ltr'><strong>vat.</strong></span> <span class='ocrx_word' id='word_1_391' title='bbox 1293 1904 1339 1938; x_wconf 91' lang='lat' dir='ltr'><em>H.</em></span> <span class='ocrx_word' id='word_1_392' title='bbox 1363 1901 1447 1948; x_wconf 85' lang='grc' dir='ltr'><em>μ-έλ</em></span> 
     </span>
     <span class='ocr_line' id='line_1_77' title="bbox 779 1916 1449 1990; baseline 0.006 -9"><span class='ocrx_word' id='word_1_393' title='bbox 779 1948 904 1990; x_wconf 80' lang='grc' dir='ltr'><em>λοιμεν</em></span> <span class='ocrx_word' id='word_1_394' title='bbox 935 1949 1034 1982; x_wconf 88' lang='lat' dir='ltr'><strong>Vind.</strong></span> <span class='ocrx_word' id='word_1_395' title='bbox 1070 1949 1112 1983; x_wconf 95' lang='grc' dir='ltr'><em>Ε.</em></span> <span class='ocrx_word' id='word_1_396' title='bbox 1147 1949 1245 1984; x_wconf 88' lang='lat' dir='ltr'><strong>Flor.</strong></span> <span class='ocrx_word' id='word_1_397' title='bbox 1268 1916 1388 1985; x_wconf 75' lang='grc' dir='ltr'><em>ΑΟΤμ</em></span> <span class='ocrx_word' id='word_1_398' title='bbox 1413 1954 1449 1985; x_wconf 84' lang='lat' dir='ltr'><em>et</em></span> 
     </span>
     <span class='ocr_line' id='line_1_78' title="bbox 777 1993 1449 2042; baseline 0.007 -15"><span class='ocrx_word' id='word_1_399' title='bbox 777 1993 936 2028; x_wconf 87' lang='lat' dir='ltr'><strong>Ficinus.</strong></span> <span class='ocrx_word' id='word_1_400' title='bbox 961 1996 992 2029; x_wconf 81' lang='lat' dir='ltr'><em>si</em></span> <span class='ocrx_word' id='word_1_401' title='bbox 1012 1996 1083 2030; x_wconf 83' lang='lat' dir='ltr'><em>eius</em></span> <span class='ocrx_word' id='word_1_402' title='bbox 1099 1997 1195 2030; x_wconf 77' lang='lat' dir='ltr'><em>nobis</em></span> <span class='ocrx_word' id='word_1_403' title='bbox 1209 2000 1388 2042; x_wconf 79' lang='lat' dir='ltr'>perceptio</span> <span class='ocrx_word' id='word_1_404' title='bbox 1402 1999 1449 2033; x_wconf 86' lang='lat' dir='ltr'><em>sit</em></span> 
     </span>
     <span class='ocr_line' id='line_1_79' title="bbox 779 2041 1449 2089; baseline 0.006 -14"><span class='ocrx_word' id='word_1_405' title='bbox 779 2041 829 2075; x_wconf 79' lang='lat' dir='ltr'><em>ad</em></span> <span class='ocrx_word' id='word_1_406' title='bbox 848 2053 910 2083; x_wconf 83' lang='lat' dir='ltr'><em>ea,</em></span> <span class='ocrx_word' id='word_1_407' title='bbox 944 2053 1032 2087; x_wconf 79' lang='lat' dir='ltr'><em>quac</em></span> <span class='ocrx_word' id='word_1_408' title='bbox 1059 2043 1222 2085; x_wconf 79' lang='lat' dir='ltr'><em>dicimus,</em></span> <span class='ocrx_word' id='word_1_409' title='bbox 1243 2046 1449 2089; x_wconf 81' lang='lat' dir='ltr'><em>profutura.</em></span> 
     </span>
    </p>
   </div>
   <div class='ocr_carea' id='block_1_20' title="bbox 779 2117 1446 2210">
    <p class='ocr_par' dir='ltr' id='par_1_21' title="bbox 779 2117 1446 2210">
     <span class='ocr_line' id='line_1_80' title="bbox 826 2117 1446 2166; baseline 0.007 -13"><span class='ocrx_word' id='word_1_410' title='bbox 826 2117 1009 2166; x_wconf 80' lang='grc' dir='ltr'><em>λέγομεν]</em></span> <span class='ocrx_word' id='word_1_411' title='bbox 1059 2119 1225 2166; x_wconf 80' lang='grc' dir='ltr'><em>λέγοιμεν</em></span> <span class='ocrx_word' id='word_1_412' title='bbox 1267 2122 1368 2158; x_wconf 85' lang='lat' dir='ltr'><strong>Vind.</strong></span> <span class='ocrx_word' id='word_1_413' title='bbox 1402 2123 1446 2160; x_wconf 89' lang='grc' dir='ltr'><em>Γ.</em></span> 
     </span>
     <span class='ocr_line' id='line_1_81' title="bbox 779 2166 1120 2210; baseline 0.009 -11"><span class='ocrx_word' id='word_1_414' title='bbox 779 2166 866 2210; x_wconf 86' lang='lat' dir='ltr'><strong>Ang.</strong></span> <span class='ocrx_word' id='word_1_415' title='bbox 890 2167 931 2200; x_wconf 93' lang='lat' dir='ltr'><em>B.</em></span> <span class='ocrx_word' id='word_1_416' title='bbox 958 2167 1051 2202; x_wconf 85' lang='lat' dir='ltr'><strong>Flor.</strong></span> <span class='ocrx_word' id='word_1_417' title='bbox 1077 2169 1120 2202; x_wconf 88' lang='lat' dir='ltr'><em>R.</em></span> 
     </span>
    </p>
   </div>
   <div class='ocr_carea' id='block_1_21' title="bbox 777 2235 1452 2733">
    <p class='ocr_par' dir='ltr' id='par_1_22' title="bbox 777 2235 1452 2733">
     <span class='ocr_line' id='line_1_82' title="bbox 813 2235 1449 2289; baseline 0.002 -19.018"><span class='ocrx_word' id='word_1_418' title='bbox 813 2235 901 2289; x_wconf 79' lang='grc' dir='ltr'><em>τῷ]</em></span> <span class='ocrx_word' id='word_1_419' title='bbox 929 2248 993 2270; x_wconf 88' lang='lat' dir='ltr'><strong>om.</strong></span> <span class='ocrx_word' id='word_1_420' title='bbox 1015 2236 1096 2270; x_wconf 89' lang='lat' dir='ltr'><strong>Vat.</strong></span> <span class='ocrx_word' id='word_1_421' title='bbox 1120 2237 1165 2270; x_wconf 93' lang='lat' dir='ltr'><em>H.</em></span> <span class='ocrx_word' id='word_1_422' title='bbox 1201 2240 1238 2271; x_wconf 80' lang='lat' dir='ltr'><em>et</em></span> <span class='ocrx_word' id='word_1_423' title='bbox 1270 2237 1449 2272; x_wconf 85' lang='lat' dir='ltr'>Stallbau-</span> 
     </span>
     <span class='ocr_line' id='line_1_83' title="bbox 777 2281 1447 2364; baseline 0.006 -50"><span class='ocrx_word' id='word_1_424' title='bbox 777 2281 850 2362; x_wconf 60' lang='lat' dir='ltr'><em>ISnit:1</em></span> <span class='ocrx_word' id='word_1_425' title='bbox 868 2282 980 2362; x_wconf 74' lang='lat' dir='ltr'><strong>indpr.</strong></span> <span class='ocrx_word' id='word_1_426' title='bbox 1014 2284 1185 2364; x_wconf 56' lang='lat' dir='ltr'>referlente</span> <span class='ocrx_word' id='word_1_427' title='bbox 1207 2284 1314 2364; x_wconf 56' lang='lat' dir='ltr'><em>I{lon</em></span> <span class='ocrx_word' id='word_1_428' title='bbox 1339 2285 1447 2318; x_wconf 86' lang='lat' dir='ltr'><strong>ACT.</strong></span> 
     </span>
     <span class='ocr_line' id='line_1_84' title="bbox 809 2330 1448 2364; baseline 0.003 -2"><span class='ocrx_word' id='word_1_429' title='bbox 809 2341 826 2362; x_wconf 85' lang='lat' dir='ltr'>e</span> <span class='ocrx_word' id='word_1_430' title='bbox 891 2340 903 2362; x_wconf 82' lang='grc' dir='ltr'><em>ι</em></span> <span class='ocrx_word' id='word_1_431' title='bbox 930 2340 983 2362; x_wconf 85' lang='lat' dir='ltr'><em>em</em></span> <span class='ocrx_word' id='word_1_432' title='bbox 1024 2341 1060 2363; x_wconf 82' lang='grc' dir='ltr'><em>ιη</em></span> <span class='ocrx_word' id='word_1_433' title='bbox 1125 2341 1164 2363; x_wconf 91' lang='lat' dir='ltr'><em>ar</em></span> <span class='ocrx_word' id='word_1_434' title='bbox 1290 2330 1448 2364; x_wconf 77' lang='lat' dir='ltr'><em>omissum</em></span> 
     </span>
     <span class='ocr_line' id='line_1_85' title="bbox 780 2372 1449 2422; baseline 0.003 -14"><span class='ocrx_word' id='word_1_435' title='bbox 780 2374 874 2408; x_wconf 82' lang='lat' dir='ltr'><strong>dicit.</strong></span> <span class='ocrx_word' id='word_1_436' title='bbox 920 2375 1043 2418; x_wconf 83' lang='lat' dir='ltr'>Itaque</span> <span class='ocrx_word' id='word_1_437' title='bbox 1071 2372 1110 2410; x_wconf 81' lang='grc' dir='ltr'><em>ἐν</em></span> <span class='ocrx_word' id='word_1_438' title='bbox 1144 2372 1297 2422; x_wconf 78' lang='grc' dir='ltr'><em>οὐρανῷ</em></span> <span class='ocrx_word' id='word_1_439' title='bbox 1321 2388 1384 2421; x_wconf 89' lang='lat' dir='ltr'><em>pro</em></span> <span class='ocrx_word' id='word_1_440' title='bbox 1410 2373 1449 2410; x_wconf 78' lang='grc' dir='ltr'><em>ἐν</em></span> 
     </span>
     <span class='ocr_line' id='line_1_86' title="bbox 783 2410 1450 2474; baseline 0.001 -20"><span class='ocrx_word' id='word_1_441' title='bbox 783 2417 908 2474; x_wconf 79' lang='grc' dir='ltr'><em>ὁρατῷ</em></span> <span class='ocrx_word' id='word_1_442' title='bbox 934 2433 954 2455; x_wconf 86' lang='lat' dir='ltr'>e</span> <span class='ocrx_word' id='word_1_443' title='bbox 976 2421 1182 2455; x_wconf 83' lang='lat' dir='ltr'><em>Florentinis</em></span> <span class='ocrx_word' id='word_1_444' title='bbox 1206 2410 1279 2456; x_wconf 85' lang='lat' dir='ltr'><strong>illis</strong></span> <span class='ocrx_word' id='word_1_445' title='bbox 1296 2425 1450 2456; x_wconf 82' lang='lat' dir='ltr'>notatum</span> 
     </span>
     <span class='ocr_line' id='line_1_87' title="bbox 780 2467 1450 2513; baseline 0.001 -13"><span class='ocrx_word' id='word_1_446' title='bbox 780 2467 955 2512; x_wconf 82' lang='lat' dir='ltr'>accepisse</span> <span class='ocrx_word' id='word_1_447' title='bbox 987 2472 1023 2501; x_wconf 88' lang='lat' dir='ltr'><em>et</em></span> <span class='ocrx_word' id='word_1_448' title='bbox 1045 2480 1227 2513; x_wconf 82' lang='lat' dir='ltr'>perperam</span> <span class='ocrx_word' id='word_1_449' title='bbox 1264 2468 1331 2502; x_wconf 70' lang='lat' dir='ltr'><em>huc</em></span> <span class='ocrx_word' id='word_1_450' title='bbox 1354 2471 1450 2501; x_wconf 88' lang='lat' dir='ltr'>retu-</span> 
     </span>
     <span class='ocr_line' id='line_1_88' title="bbox 780 2510 1448 2561; baseline 0.001 -14"><span class='ocrx_word' id='word_1_451' title='bbox 780 2513 862 2547; x_wconf 86' lang='lat' dir='ltr'><strong>lisse</strong></span> <span class='ocrx_word' id='word_1_452' title='bbox 893 2513 1041 2548; x_wconf 86' lang='lat' dir='ltr'><em>videtur.</em></span> <span class='ocrx_word' id='word_1_453' title='bbox 1099 2515 1190 2548; x_wconf 87' lang='lat' dir='ltr'><em>Nam</em></span> <span class='ocrx_word' id='word_1_454' title='bbox 1223 2526 1287 2559; x_wconf 87' lang='lat' dir='ltr'><em>pro</em></span> <span class='ocrx_word' id='word_1_455' title='bbox 1323 2510 1448 2561; x_wconf 82' lang='grc' dir='ltr'><em>ὁρατῷ</em></span> 
     </span>
     <span class='ocr_line' id='line_1_89' title="bbox 780 2559 1452 2615; baseline -0.001 -21"><span class='ocrx_word' id='word_1_456' title='bbox 780 2560 959 2594; x_wconf 84' lang='lat' dir='ltr'>Bekkerus</span> <span class='ocrx_word' id='word_1_457' title='bbox 1001 2563 1037 2594; x_wconf 87' lang='lat' dir='ltr'><em>et</em></span> <span class='ocrx_word' id='word_1_458' title='bbox 1067 2559 1241 2615; x_wconf 84' lang='lat' dir='ltr'><em>Bipontini</em></span> <span class='ocrx_word' id='word_1_459' title='bbox 1280 2563 1452 2594; x_wconf 86' lang='lat' dir='ltr'>testantur</span> 
     </span>
     <span class='ocr_line' id='line_1_90' title="bbox 780 2603 1450 2654; baseline 0.001 -15"><span class='ocrx_word' id='word_1_460' title='bbox 780 2606 818 2639; x_wconf 91' lang='lat' dir='ltr'><em>in</em></span> <span class='ocrx_word' id='word_1_461' title='bbox 850 2606 930 2640; x_wconf 87' lang='lat' dir='ltr'><strong>Par.</strong></span> <span class='ocrx_word' id='word_1_462' title='bbox 955 2605 999 2640; x_wconf 91' lang='lat' dir='ltr'><em>K.</em></span> <span class='ocrx_word' id='word_1_463' title='bbox 1037 2603 1188 2654; x_wconf 72' lang='grc' dir='ltr'><em>οὐρανῷ</em></span> <span class='ocrx_word' id='word_1_464' title='bbox 1217 2606 1303 2651; x_wconf 54' lang='lat' dir='ltr'><em>megi.</em></span> <span class='ocrx_word' id='word_1_465' title='bbox 1353 2607 1450 2640; x_wconf 88' lang='lat' dir='ltr'>Idem</span> 
     </span>
     <span class='ocr_line' id='line_1_91' title="bbox 782 2652 1450 2699; baseline 0.001 -14"><span class='ocrx_word' id='word_1_466' title='bbox 782 2652 937 2696; x_wconf 81' lang='lat' dir='ltr'><em>legitur‘</em></span> <span class='ocrx_word' id='word_1_467' title='bbox 929 2664 963 2686; x_wconf 88' lang='lat' dir='ltr'>m</span> <span class='ocrx_word' id='word_1_468' title='bbox 988 2652 1087 2686; x_wconf 91' lang='lat' dir='ltr'><strong>Vind.</strong></span> <span class='ocrx_word' id='word_1_469' title='bbox 1112 2653 1156 2687; x_wconf 93' lang='grc' dir='ltr'><em>Ε.</em></span> <span class='ocrx_word' id='word_1_470' title='bbox 1190 2656 1336 2699; x_wconf 83' lang='lat' dir='ltr'>eratque</span> <span class='ocrx_word' id='word_1_471' title='bbox 1368 2656 1450 2688; x_wconf 81' lang='lat' dir='ltr'>ante</span> 
     </span>
     <span class='ocr_line' id='line_1_92' title="bbox 782 2698 1043 2733; baseline 0.004 -1"><span class='ocrx_word' id='word_1_472' title='bbox 782 2708 871 2733; x_wconf 89' lang='lat' dir='ltr'>corr.</span> <span class='ocrx_word' id='word_1_473' title='bbox 896 2698 932 2732; x_wconf 90' lang='lat' dir='ltr'><em>in</em></span> <span class='ocrx_word' id='word_1_474' title='bbox 954 2698 1043 2733; x_wconf 90' lang='lat' dir='ltr'><strong>Lob.</strong></span> 
     </span>
    </p>
   </div>
   <div class='ocr_carea' id='block_1_22' title="bbox 827 2759 1518 2810">
    <p class='ocr_par' dir='ltr' id='par_1_23' title="bbox 827 2759 1518 2810">
     <span class='ocr_line' id='line_1_93' title="bbox 827 2759 1518 2810; baseline 0 -8"><span class='ocrx_word' id='word_1_475' title='bbox 827 2768 905 2802; x_wconf 67' lang='grc' dir='ltr'><em>τῶν</em></span> <span class='ocrx_word' id='word_1_476' title='bbox 938 2765 1145 2810; x_wconf 67' lang='grc' dir='ltr'><em>τοιούτων]</em></span> <span class='ocrx_word' id='word_1_477' title='bbox 1180 2764 1251 2801; x_wconf 75' lang='grc' dir='ltr'><em>τὸν</em></span> <span class='ocrx_word' id='word_1_478' title='bbox 1275 2766 1454 2801; x_wconf 72' lang='grc' dir='ltr'><em>τοιοῦτον</em></span> <span class='ocrx_word' id='word_1_479' title='bbox 1477 2759 1518 2802; x_wconf 87' lang='lat' dir='ltr'>D</span> 
     </span>
    </p>
   </div>
   <div class='ocr_carea' id='block_1_23' title="bbox 780 2813 1446 2956">
    <p class='ocr_par' dir='ltr' id='par_1_24' title="bbox 780 2813 1446 2956">
     <span class='ocr_line' id='line_1_94' title="bbox 780 2813 1446 2897; baseline -0.003 -48"><span class='ocrx_word' id='word_1_480' title='bbox 780 2813 880 2897; x_wconf 41' lang='lat' dir='ltr'><em>{ino</em></span> <span class='ocrx_word' id='word_1_481' title='bbox 903 2814 976 2849; x_wconf 88' lang='grc' dir='ltr'><em>ΒΕ.</em></span> <span class='ocrx_word' id='word_1_482' title='bbox 1001 2814 1095 2849; x_wconf 84' lang='grc' dir='ltr'><strong>Μοη.</strong></span> <span class='ocrx_word' id='word_1_483' title='bbox 1121 2813 1162 2847; x_wconf 86' lang='lat' dir='ltr'><em>C.</em></span> <span class='ocrx_word' id='word_1_484' title='bbox 1187 2813 1268 2850; x_wconf 84' lang='lat' dir='ltr'><strong>vat.</strong></span> <span class='ocrx_word' id='word_1_485' title='bbox 1279 2814 1324 2848; x_wconf 91' lang='lat' dir='ltr'><em>H.</em></span> <span class='ocrx_word' id='word_1_486' title='bbox 1348 2813 1446 2848; x_wconf 86' lang='lat' dir='ltr'><strong>Flor.</strong></span> 
     </span>
     <span class='ocr_line' id='line_1_95' title="bbox 1219 2914 1257 2956; baseline 0 0"><span class='ocrx_word' id='word_1_487' title='bbox 1219 2914 1257 2956; x_wconf 89' lang='lat' dir='ltr'><strong>U</strong></span> 
     </span>
    </p>
   </div>
  </div>
 </body>
</html>
