1807 3219
450 106 787 150 CIVITAS
826 105 1136 149 LIB.VI.504
1370 105 1503 165 v215

112 217 263 269 δείξεις
295 216 393 262 οἶόν
423 217 457 261 τ’
489 219 554 274 εἴη
582 218 822 274 προσάψαι.
867 219 942 262 καὶ
970 217 1095 273 ὑμεῖς
1123 216 1318 301 ἐξαρκεῖν
1354 215 1498 270 ἔφατε,

455 285 557 301 ’,ΡΙ

1275 351 1398 408 ὑμεῖς
1438 351 1496 395 ἂν

1293 423 1496 478 ἐφαίνετο

107 356 337 412 ἐφαίνετο,
387 311 562 412 ἐλλιπῆ,
612 357 648 399 εἰ
693 356 738 400 δὲ
778 355 885 413 ὑμῖν
927 353 1224 411 ἀρεσκόντως,

109 428 241 469 τοῦτο
282 426 453 468 εἴποιτε.
519 421 631 467 Ἀλλ’
666 424 830 480 ἔμοιγε,
884 425 991 480 ἔφη,
1030 423 1239 478 μετρίως·

109 492 199 550 μήν
227 493 302 537 καὶ
323 497 423 544 ,τοῖς
452 490 613 543 ἄλλοις.
655 492 787 546 Ἀλλ’,
817 489 850 537 ὦ
883 496 1003 549 φίλε,
1035 487 1091 548 ἦν
1123 491 1164 535 δ’
1197 491 1305 546 ἐγώ,
1337 490 1499 546 μέτρον
1530 496 1561 538 C

109 567 198 605 τῶν
229 560 445 605 τοιούτων
475 559 713 605 ἀπολεῖπον
743 563 817 605 καὶ
848 560 998 606 ὁτιοῦν
1027 565 1109 604 τοῦ
1141 558 1270 609 ὄντος
1302 555 1357 601 οὐ
1380 557 1497 600 πάνυ

106 631 288 686 μετρίως
326 631 542 686 γίγνεται·
604 628 750 682 ἀτελὲς
789 631 871 687 γὰρ
916 628 1049 675 οὐδὲν
1089 626 1273 678 ου’δενός
1321 625 1494 681 μέτρον.

106 701 231 743 δοκεῖ
257 697 302 742 δ’
334 698 471 742 ἐνίοτέ
501 710 616 743 τισιν
645 701 808 750 ἱκανῶς
846 699 929 756 ἤδη
977 699 1088 755 ἔχειν
1126 699 1200 742 καὶ
1241 694 1373 740 οὐδὲν
1404 697 1497 739 δεῖν

104 767 347 823 περαιτέρω
389 771 538 823 ζητεῖν.

106 834 214 881 αὐτὸ
254 835 328 882 διὰ
369 837 606 895 ῥᾳθυμίαν.

148 1006 348 1052 περίοδος]
372 1005 396 1053 ἡ
425 1019 464 1041 π.
490 1007 577 1042 Lob.
602 1007 704 1042 Vind.
729 1007 769 1041 Β.

104 1053 184 1088 vat.
210 1054 258 1088 M.

148 1120 396 1167 περιελθόντι]
423 1122 511 1167 περι
527 1120 678 1158 ἐλθόντι
692 1124 768 1158 Ald.

146 1192 245 1236 τῶν]
281 1192 334 1226 τῶ
369 1191 471 1226 Vind.
495 1192 538 1226 E.
586 1193 639 1226 De
672 1193 769 1237 geni-

99 1239 170 1272 tivo
204 1239 263 1272 ab
291 1235 474 1281 ἑπομένας
512 1239 682 1282 pendente
723 1240 767 1273 cs.

99 1284 299 1329 Bernhardy
323 1287 412 1328 synt.
437 1297 472 1329 p.
500 1285 577 1320 148.

143 1350 227 1388 οἷόν
257 1351 288 1387 τ’
321 1353 401 1398 ειή]
458 1351 541 1388 οἷόν
574 1365 614 1388 τε
653 1351 762 1397 εἶναι,

93 1400 301 1457 praeposito
315 1399 377 1433 int.
402 1410 492 1434 vers.
519 1412 583 1443 ως,
611 1401 707 1434 Vind.
721 1402 761 1434 F.

93 1443 147 1487 ὥς
166 1443 250 1481 οἷόν
270 1442 301 1480 τ’
321 1443 418 1480 εἶναι
440 1447 526 1492 Ang.
547 1448 587 1483 B.
614 1460 666 1487 ως
679 1445 763 1482 οἱον

93 1504 133 1527 τε
155 1490 250 1527 εἶναι
274 1493 368 1529 Flor.
393 1493 436 1527 R.

140 1558 267 1605 ου’τω]
297 1558 384 1596 ον’τε
409 1561 510 1595 Vind.
532 1562 576 1596 F.

140 1627 338 1711 ἔφαὲιξετο]
366 1630 542 1675 φαίνεται
567 1635 646 1665 ante
671 1643 761 1665 corr.

92 1677 192 1712 Vind.
252 1703 260 1711 .

136 1742 228 1790 ’ὑμῖν
247 1742 503 1790 ἀρεσκόντως]
532 1758 597 1782 om.
621 1747 759 1791 Ang.B.

139 1815 300 1860 εἴποιτε]
329 1814 455 1859 εἴπητε
479 1815 566 1849 Lob.
593 1815 694 1850 Vind.
719 1817 760 1851 B.

93 1862 178 1897 Ven.
202 1861 242 1896 Β.

139 1928 234 1975 ἔφη]
263 1943 328 1965 om.
352 1930 434 1966 vat.
459 1931 500 1964 Β.

139 1998 237 2044 μὴν]
275 2011 339 2034 om.
380 2001 461 2035 vat.
486 2000 530 2033 H.
565 1997 631 2043 μὲν
657 2000 757 2033 Vind.

92 2047 136 2081 E.
171 2044 220 2090 μὴ
247 2046 326 2080 Bas.
348 2046 381 2079 b.
420 2043 460 2079 δὲ
485 2047 570 2080 Ven.
595 2047 636 2080 Β.
663 2047 756 2080 Flor.

92 2093 136 2127 Τ.
177 2093 253 2126 Ald.
291 2093 371 2126 Bas.
408 2093 464 2126 ab.
514 2093 634 2137 Steph.
683 2093 758 2126 Ast.

92 2139 200 2172 Suum
233 2147 407 2172 assensum
429 2138 630 2173 Adimantus
656 2150 758 2184 quum

90 2185 141 2219 ita
165 2184 392 2225 declarasset,
415 2188 455 2217 ut
478 2185 519 2218 de
544 2185 684 2230 reliquis
705 2185 758 2218 ni—

89 2231 138 2265 hil
161 2230 335 2264 affirmare
357 2232 447 2264 velle
471 2231 669 2272 videretur,
697 2232 756 2264 hos

86 2288 223 2322 quoque
255 2287 411 2309 assensos
444 2277 641 2311 recordatus
673 2289 756 2322 pro-

76 2325 200 2366 fecto,
234 2322 365 2368 inquit,
397 2324 582 2357 videbatur
611 2329 644 2357 et
672 2325 755 2357 reli-

85 2371 182 2425 quis
224 2368 279 2402 Cf.
311 2369 352 2402 L.
384 2368 449 2403 III.
484 2381 564 2423 pag
590 2369 668 2404 410.
701 2370 750 2402 B:

82 2412 187 2449 αὕτα
209 2413 286 2459 μὴν
313 2413 361 2448 τὰ
385 2413 570 2458 γυμνάσια
592 2419 657 2449 etc.
691 2416 753 2450 Fi-

82 2462 182 2496 cinus
209 2473 321 2506 neque
354 2461 440 2494 hanc
464 2462 668 2505 particulam
692 2474 753 2496 ne-

84 2519 151 2553 que
175 2507 481 2552 interpunctionem
498 2512 576 2552 post
598 2508 754 2551 μετρίως

85 2565 209 2588 curans
252 2553 430 2587 Adimanto
474 2554 559 2587 haec
607 2554 752 2588 tribuit:

82 2602 133 2635 At
160 2602 339 2635 moderate
367 2601 496 2634 dictum
536 2605 571 2635 et
602 2602 686 2635 mihi
719 2606 754 2636 et

85 2647 167 2681 aliis
190 2652 241 2681 est
259 2647 381 2680 visum.

131 2734 338 2783 ἀπολεῖπον
359 2737 371 2781 ]
423 2737 479 2771 Ita
527 2749 602 2771 cum
650 2737 752 2772 editis

89 2783 190 2818 Vind.
213 2784 256 2819 F.
281 2785 366 2828 Ang.
391 2783 430 2818 Β.
454 2784 487 2818 F
488 2784 555 2818 lor.
575 2784 749 2819 ACRTV.

598 768 686 811 Καὶ
727 766 845 824 μάλ’,
891 767 998 824 ἔφη,
1050 767 1204 822 συχνοὶ
1248 764 1496 822 πάσχουσιν

670 835 843 881 Τούτου
883 837 929 880 δέ
969 852 1041 893 γε,
1089 831 1147 892 ἦν
1188 832 1229 879 δ’
1272 834 1380 892 ἐγώ,
1414 837 1497 878 τοῦ

828 1008 888 1049 et,
926 1009 967 1040 ut
997 1003 1165 1040 Faebsius
1204 1006 1334 1047 refert,
1377 1015 1495 1048 margo

828 1053 906 1087 Par.
932 1054 972 1088 A.
999 1050 1213 1087 α’πολείπων
1239 1051 1316 1085 Par.
1341 1052 1382 1086 A.
1406 1052 1495 1108 ipse,

830 1100 927 1132 Vind.
953 1100 996 1133 E.
1030 1100 1114 1132 Ven.
1140 1099 1179 1133 B.
1214 1099 1293 1132 Vat.
1318 1099 1363 1132 H.
1400 1109 1494 1131 απο-

828 1142 963 1179 stemaha
997 1146 1084 1179 Ven.
1111 1145 1150 1178 C.
1197 1142 1393 1178 οἶπολιπων
1419 1155 1494 1178 cum

830 1189 849 1226 ὁ
872 1203 975 1236 super
1000 1205 1027 1225 ω
1053 1192 1138 1225 Lob.
1174 1190 1253 1226 Vat.
1277 1192 1318 1225 Β.
1362 1189 1492 1224 οἷπολι-

826 1236 903 1272 πόν
928 1239 1029 1273 Vind.
1053 1239 1093 1272 B.
1121 1238 1213 1271 Mon.
1240 1238 1280 1271 B.
1305 1237 1387 1272 Par.
1413 1237 1491 1272 DK.

821 1284 901 1318 Vat.
926 1285 975 1318 M.
1001 1284 1094 1318 Flor.
1119 1284 1163 1317 U.

869 1349 1035 1397 ὁτιοῦν]
1090 1350 1253 1387 ὁτουοῦν
1302 1351 1401 1387 Vind.
1449 1352 1492 1387 E.

820 1399 938 1433 Etiam
962 1400 1055 1434 Mon.
1081 1400 1120 1433 B.
1150 1412 1162 1432 ι
1187 1410 1263 1432 cum
1294 1398 1397 1433 litura
1428 1399 1491 1433 ha-

820 1446 890 1479 bet.

865 1514 935 1548 τοῦ
961 1509 1092 1558 ὄντος]
1125 1514 1300 1553 τοιοῦτος
1329 1525 1372 1557 γρ
1407 1514 1487 1548 Par.

818 1562 859 1595 A.
907 1561 1004 1594 Idem
1034 1561 1205 1594 Faehsius
1238 1561 1273 1593 in
1298 1561 1370 1594 eius
1394 1560 1489 1595 codi-

819 1608 868 1642 cis
892 1607 1044 1651 margine
1068 1610 1204 1640 exstare
1229 1610 1387 1640 testatur.

866 1676 1042 1721 μετρίως]
1078 1673 1231 1719 μέτριον
1260 1687 1302 1719 γρ
1342 1675 1421 1709 Par.
1446 1675 1487 1709 A.

819 1723 873 1767 (in
899 1735 941 1756 m.
969 1726 1057 1755 teste
1092 1721 1274 1765 Faehsio.)
1322 1721 1363 1754 Id
1394 1722 1487 1755 Bek-

819 1770 923 1802 kerus
947 1769 982 1801 in
1006 1772 1137 1801 textum
1161 1767 1329 1811 recipiens
1364 1780 1406 1801 ex
1439 1768 1488 1801 le—

819 1816 899 1860 pide
923 1815 1012 1848 ‹ilcto
1037 1814 1197 1858 fiigidum
1221 1814 1348 1847 effecit.
1396 1814 1487 1848 Nam

818 1873 937 1913 quum
961 1861 1160 1894 Adimantus
1204 1862 1377 1894 commode
1420 1860 1486 1894 sibi

818 1907 941 1952 exponi
964 1907 1038 1941 visa
1072 1907 1216 1940 dixisset
1249 1906 1331 1948 illa,
1363 1907 1486 1950 quibus

815 1957 929 1987 tamen
966 1954 1008 1987 ad
1039 1953 1221 1987 veritatem
1253 1932 1401 1986 noniiihil
1425 1953 1486 1986 de-

817 2004 927 2042 esset,
960 2011 1022 2044 pro
1046 1999 1147 2032 modo
1173 2002 1208 2032 et
1239 2011 1399 2032 mensuia
1423 1999 1485 2032 ha-

815 2058 891 2079 rum
914 2057 1030 2080 rerum
1052 2045 1290 2090 imperfectum
1315 2045 1484 2090 quoddam

815 2096 850 2125 et
875 2105 894 2126 a
929 2092 1076 2126 veritate
1109 2095 1276 2124 remotum
1308 2095 1484 2136 posuerat,

813 2139 917 2184 idque
950 2139 1114 2172 Socrates
1142 2150 1269 2182 parum
1310 2139 1484 2172 commode

813 2184 891 2218 fieri
918 2185 1138 2218 demonstrat.

859 2252 1018 2298 μέτρον]
1043 2251 1182 2297 μέτρου
1211 2253 1296 2286 Lob.
1322 2252 1424 2285 Vind.
1439 2253 1480 2286 B.

812 2301 892 2334 Vat.
920 2301 967 2333 M.
993 2300 1069 2334 Ald.
1094 2301 1174 2334 Bas.
1204 2312 1233 2333 a.
1259 2297 1372 2341 μέτρε
1396 2299 1477 2332 Bas.

811 2347 844 2379 b.
888 2346 1064 2390 μετρίως,
1106 2346 1197 2390 quod
1231 2346 1412 2379 Bekkerus
1444 2348 1480 2378 et

811 2393 1054 2426 Stallbaumius
1112 2392 1288 2437 vulgatum
1351 2393 1478 2433 ferunt,

810 2450 976 2483 nusquam
1000 2442 1125 2472 exstat.

858 2506 957 2552 δεῖν]
986 2507 1046 2540 δεῖ
1067 2507 1152 2542 Lob.
1176 2506 1274 2539 Vind.
1293 2506 1368 2540 BF.
1395 2506 1474 2540 Vat.

811 2553 925 2587 BHM.
970 2554 1056 2586 Ven.
1092 2554 1133 2587 C.
1181 2553 1260 2587 Par.
1294 2552 1371 2586 DK.
1407 2563 1475 2586 sec.

810 2600 920 2633 Bekk.
945 2601 1032 2647 Ang.
1060 2601 1098 2634 B.
1124 2600 1218 2633 Flor.
1243 2598 1416 2633 ACRTV.

855 2665 974 2713 μάλ’]
1001 2666 1101 2712 μάλα
1124 2668 1211 2702 Lob.
1242 2668 1340 2702 Vind.
1365 2669 1405 2702 Β.

856 2734 899 2772 δέ
918 2738 977 2781 γε]
1015 2734 1055 2771 δὲ
1086 2736 1227 2772 Ficinus
1259 2750 1325 2774 non
1360 2738 1474 2773 reddi-

808 2784 869 2819 dit.
902 2795 940 2829 γε
968 2796 1021 2819 om
1057 2783 1136 2818 Bas.
1161 2784 1195 2818 b.
