1807 3219
458 148 797 192 CIVITAS
836 147 959 191 LIB.
991 148 1048 189 V.
1075 149 1144 188 456

120 262 200 320 τὴν
227 261 379 320 φύσιν.
425 260 560 304 Ποίνυ
590 264 652 316 γε.

121 330 340 377 ἀποδοτέα
368 334 462 382 ταῖς
491 329 646 382 αὐταῖς
682 326 866 385 φύσεως

1452 151 1509 191 31

706 259 771 303 To}
803 257 1196 315 δ”ἐπιτηδεύματα
1227 257 1283 302 ού
1312 257 1367 302 τοὶ
1398 259 1511 304 αὐτοὶ

922 329 989 371 Τὰ
1016 324 1140 370 αὐτά.
1187 326 1385 384 Ι’Ήκομεν
1420 326 1509 383 ἄρα

123 403 184 451 εἰς
207 400 261 444 τὰ
288 398 483 454 πρότερα
507 395 849 453 περιφερόμενοι
879 398 965 450 καὶ,
983 395 1289 452 ὁμολογοῦμεν
1313 395 1370 453 μὴ
1393 396 1514 452 παρὰ

123 468 265 525 φύσιν
294 465 529 522 εἶνα,ι,.υαῖς
557 471 647 509 τῶν
678 463 894 522 φυλάκων
922 466 1094 520 γυναιξὶ
1127 464 1344 521 μουσικήν
1369 481 1413 509 τε
1440 465 1516 509 καὶ

121 536 437 594 γυμναστικήν,
455 532 743 578 «ἀποδιδόναι.

813 534 1077 578 Παντάπασι
1125 534 1204 589 μὲν
1252 527 1348 577 οὖν.

1421 531 1516 578 Οὐκ

124 603 223 660 ἄρα’
241 602 441 648 ἀδύνατοί
468 619 516 659 γε
547 603 653 647 οὐδὲ
675 600 822 659 εὐχαῖς
844 601 975 657 ὅμοια
996 602 1362 658 ἐνομοθετοῦμεν,
1398 602 1514 646 ἐπεί·
1544 598 1577 640 C

121 689 202 728 περ
232 671 343 724 κατὰ
373 670 512 728 φύσιν
545 671 742 726 ἐτίθεμεν
774 670 854 714 τὸν
882 669 1045 726 νόμον·
1077 671 1187 731 ἀλλὰ
1211 669 1264 713 τά
1285 674 1372 713 νῦν
1393 670 1516 726 παρα

121 745 260 787 ταῦτα
281 739 527 797 Χγιγνόμενα
555 740 676 796 παρα
708 739 845 796 φύσιν
873 742 1062 795 μᾶλλον,
1105 737 1164 790 ὥς
1194 739 1332 791 ἔοικε,
1372 740 1518 794 γίγνε-

122 826 206 853 ται.
233 807 421 853 ”Εοικεν.
457 807 638 853 Οὐκοῦν
666 808 693 865 ἦ
726 809 947 859 ἐπίσκεψις
976 805 1081 863 ἡμῖν
1112 803 1194 864 ἦν,
1217 809 1254 851 εἰ
1280 806 1448 852 δυνατά
1470 823 1518 864 γε

123 933 270 968 exhibet.
320 933 473 968 Galenus
494 934 578 979 legit
593 932 700 989 πλὴν
720 930 792 969 ὅσα

123 976 148 1024 ἡ
161 991 258 1035 μεν
268 976 546 1036 ασθενεστέρα,
582 977 601 1016 ὁ
629 979 667 1015 δ’
695 980 791 1024 ἰσχυ-

125 1023 280 1082 ρότερός
318 1023 403 1060 ἐστι.
469 1007 640 1061 Eusebius
678 1035 792 1061 autem

123 1070 221 1116 πλὴν
254 1068 329 1118 ὅσῳ
372 1069 650 1129 ἀσθενεστέρα,
691 1070 715 1117 ἠ
751 1070 791 1107 δὲ

124 1107 343 1163 ἰσχυροτέρα
373 1116 459 1152 ἐστί.
491 1120 596 1157 Hinc
620 1119 734 1153 Astius
757 1119 791 1152 in

97 1174 192 1198 sec.
219 1169 255 1198 et
278 1168 358 1198 tert.
395 1165 448 1198 ed.
483 1153 518 1198 et
549 1165 792 1200 Stallbaumius

120 1211 158 1244 in
189 1222 257 1244 sec.
293 1207 316 1254 ἡ
352 1207 391 1244 δε
421 1216 639 1255 receperunt.
697 1211 791 1245 Fici-

122 1268 210 1291 nus:
235 1257 304 1290 nisi
324 1257 415 1302 quod
443 1259 639 1292 mulieribus
656 1263 697 1292 ut
724 1259 790 1291 im-

123 1303 362 1344 beennon-ibus,
386 1303 470 1338 viris
487 1310 526 1337 ut
546 1305 790 1338 robustioribus

121 1355 175 1384 est
201 1350 375 1384 utendum.
446 1349 624 1383 Bekkerus
655 1350 690 1383 in
722 1350 791 1384 fine

125 1392 224 1430 ἐστίν
244 1406 308 1440 pro
332 1406 426 1430 more
457 1407 519 1429 suo
542 1396 697 1442 scripsit,
733 1408 790 1429 ce-

125 1448 236 1476 terum
259 1442 432 1486 vulgatam
453 1442 617 1476 intactam
640 1442 789 1487 reliquit.

124 1487 165 1522 Si
196 1488 426 1522 contaminare
464 1488 599 1522 codices
643 1489 792 1543 placeat,

123 1534 234 1589 possis
269 1530 522 1590 ἀσθενεστέρα
539 1531 793 1592 ἰσχυροτέρας

125 1581 180 1615 vel
203 1572 454 1625 ἀσθενεστέρα
487 1579 551 1614 καὶ
576 1579 793 1625 ἰσχυροτέρα

125 1626 304 1661 coniicerm
340 1627 410 1661 Sed
430 1627 514 1661 nihil
538 1639 623 1672 opus
647 1632 700 1661 est
718 1639 792 1661 mu-

124 1673 266 1707 tatione.
316 1673 429 1714 Quum
463 1673 586 1707 vinium
610 1673 792 1707 diversitas

124 1719 278 1753 omnibus
308 1719 343 1752 in
373 1720 477 1753 rebus
520 1720 703 1773 conspicua
736 1720 793 1762 sit,

124 1764 336 1799 diversitatis
359 1766 485 1809 gradus
501 1765 622 1810 plurali
641 1762 712 1800 ὅσα
732 1765 793 1799 de—

117 1811 301 1855 signatur,
348 1816 384 1845 et
413 1823 530 1865 quum
569 1816 692 1846 natura
734 1811 792 1846 illa

126 1857 276 1891 mulieris
298 1861 336 1891 et
358 1856 424 1891 viri
445 1858 642 1902 ceteroquin
660 1858 791 1900 eadem,

125 1908 231 1949 prout
253 1903 427 1937 mulierem
450 1904 600 1938 virumve
614 1904 790 1949 respicias,

125 1950 233 1983 minus
267 1951 324 1983 vel
358 1950 435 1994 plus
466 1950 586 1984 virium
621 1950 791 1992 ostendat,

124 1991 152 2040 ἢ
180 2001 276 2029 recte
296 1996 425 2038 habet,
459 2000 564 2041 atque
594 2008 713 2030 sensus
735 1997 791 2030 hic

127 2045 199 2075 est.
225 2043 293 2076 nisi
318 2047 485 2087 quatenus
513 2044 713 2077 imbecillior
737 2044 791 2077 vel

119 2089 260 2133 firmior
298 2094 361 2123 est.
440 2088 603 2123 Ceterum
652 2089 789 2130 nescio,

125 2137 240 2168 utrum
271 2134 316 2168 ad
345 2134 482 2168 Menon.
507 2146 541 2180 p.
567 2137 623 2170 73
649 2146 691 2169 an
725 2135 791 2169 huc

127 2180 322 2225 respexerit
345 2180 563 2236 Aristoteles
572 2180 674 2215 Polit.
700 2181 730 2214 Ι.
758 2181 790 2215 5.

127 2237 162 2270 p.
185 2226 242 2260 24.
268 2227 402 2260 Goettl.
437 2224 507 2270 ούχ
540 2223 563 2271 ἡ
600 2224 695 2276 αὐτὴ
723 2237 792 2260 σω-

128 2269 297 2328 φροσύνη
330 2271 507 2316 γυναικὸς
549 2272 612 2308 καὶ
652 2270 792 2326 ἀνδρὸς

128 2314 218 2352 ουδ’
267 2315 404 2374 ανδρία
449 2317 513 2353 καὶ
559 2317 792 2376 δικαιοσύνη,

126 2361 318 2420 καθάπερ
337 2361 433 2421 ᾤετο
456 2363 682 2420 Σωκράτης,
717 2362 792 2399 ἀλλ’

126 2406 152 2465 ἦ
188 2406 255 2453 μὲν
295 2399 423 2454 ἀρχικὴ
476 2407 644 2456 ἀνδρία,
691 2409 715 2456 ἡ
751 2408 793 2446 δ’

128 2454 344 2501 υπηρετική.
403 2457 509 2491 Certe
542 2458 607 2492 huc
634 2437 794 2502 ’respexit

128 2503 327 2537 scholiastes
369 2502 492 2558 Eur-ip.
529 2504 791 2538 Orest.1204:

128 2546 198 2588 τὰς
220 2545 287 2592 μὲν
310 2546 381 2605 γὰρ
401 2545 545 2606 α’ρετὰς
564 2549 628 2584 καὶ
649 2546 670 2584 ὁ
691 2548 792 2584 Πλα-

129 2606 204 2629 των
223 2593 358 2634 κοινὰς
382 2591 479 2629 εἶναί
490 2605 613 2651 φησι,
645 2597 792 2631 πλεονε-

129 2642 230 2675 κτεῖν
253 2637 293 2675 δὲ
319 2641 408 2680 ἴσως
433 2638 526 2682 τοὺς
550 2638 722 2687 ἄρρενας.

176 2686 241 2742 αἱ]
268 2699 335 2721 om.
362 2687 442 2721 Gal.

156 2735 255 2772 τοῖς
278 2731 489 2777 τοιούτοις]
514 2745 580 2768 om.
604 2733 678 2768 Fic.
717 2713 797 2775 τοῖς

132 2790 196 2812 om.
239 2779 337 2814 Vind.
383 2780 426 2813 E.
477 2780 557 2814 Vat.
600 2780 645 2814 H.
702 2780 796 2815 Flor.

132 2824 301 2860 ACRTV.
352 2834 354 2838 “

897 934 1081 967 συνοικεῖν
1120 943 1160 966 τε
1204 930 1269 966 καὶ
1304 930 1518 976 σνμφυλάτ-
1539 935 1576 977 Β

848 981 947 1024 τειν]
983 979 1013 1021 ξ.
1039 990 1077 1012 τε
1102 977 1165 1012 καὶ
1190 978 1300 1022 ξυμφ.
1336 979 1436 1012 Vind.
1472 979 1513 1012 F.

848 1028 936 1070 Ang.
962 1026 1000 1059 Β.
1044 1025 1136 1059 Flor.
1171 1025 1215 1058 R.
1260 1025 1514 1059 Staubaumius.

849 1082 879 1105 6.
906 1085 937 1105 τ.
963 1085 994 1106 κ.
1021 1071 1132 1115 ξυμφ.
1158 1071 1244 1105 Eus.
1271 1081 1301 1104 6.
1327 1084 1359 1105 τ.
1384 1083 1417 1105 κ.
1443 1083 1515 1115 φυ-

848 1115 994 1152 λάττειν
1019 1118 1099 1152 Gal.

896 1184 1047 1232 αὐτοῖς]
1074 1182 1196 1231 αύτὴν
1226 1186 1326 1220 Vind.
1351 1186 1396 1220 E.
1432 1186 1515 1221 Vat.

847 1233 893 1267 H.
917 1234 1011 1267 Flor.
1037 1234 1109 1268 AC.

901 1300 958 1337 Τὰ
986 1299 1052 1347 δ’]
1077 1300 1124 1336 τὰ
1151 1299 1191 1336 δὲ
1217 1302 1311 1336 Μοῐι.
1337 1302 1375 1336 Β.

894 1369 942 1406 τὰ
977 1368 1100 1416 αὐτὰ]
1141 1367 1265 1405 ταύτὰ
1303 1371 1403 1406 Gal.
1431 1372 1518 1406 Item

848 1417 883 1452 in
906 1418 1134 1464 responsione.

1173 1483 1384 1520 ἀποδοτέον
1428 1487 1516 1521 Lob.

849 1533 952 1567 Vind.
978 1534 1018 1567 B.
1047 1534 1126 1567 Vat.
1153 1533 1192 1567 B.
1221 1534 1304 1567 Ven.
1330 1533 1402 1567 BC.
1435 1533 1516 1568 Par.

848 1580 893 1614 K.
921 1577 1152 1614 α’ποδιδοτέα
1177 1579 1279 1613 Vind.
1304 1579 1344 1613 F.

897 1646 1055 1694 φύσεσι]
1082 1646 1238 1693 φύσεσιν
1262 1649 1518 1683 Bekkerus.1n

849 1695 948 1729 Vind.
984 1695 1024 1729 B.
1059 1696 1145 1729 haec.
1176 1707 1252 1729 cum
1295 1695 1519 1752 sequentibus

850 1741 1109 1775 continuantur:
1137 1740 1270 1796 φύσεσι
1293 1755 1341 1775 τα
1370 1739 1495 1783 αὐτοῖς

894 1785 1084 1843 πρότερα]
1111 1785 1296 1832 πρότερον
1320 1789 1400 1822 Par.
1426 1788 1471 1822 K.

894 1831 1202 1878 περιφερόμενοι]
1251 1834 1347 1868 Duas
1386 1834 1513 1879 primas

847 1879 997 1925 sjllabas
1030 1880 1131 1915 Vind.
1156 1880 1200 1914 E.
1234 1880 1294 1914 int.
1328 1892 1419 1915 vers.
1453 1881 1518 1915 ha-

847 1927 918 1960 bet.

893 1971 957 2007 καὶ
983 1969 1252 2018 ὁμολογοῦμεν]
1275 1974 1518 2009 concessimus-

847 2031 911 2065 que
934 2019 1008 2052 Fic.

897 1484 1092 1521 ἀποδοτέα
1110 1488 1123 1531 ]

894 2084 1010 2143 ούδε]
1035 2084 1127 2122 οὐδ’
1151 2087 1252 2121 Vind.
1275 2088 1348 2122 BF.
1372 2089 1459 2132 Ang.
1471 2089 1513 2123 Β.
1547 2090 1578 2132 C

895 2131 1023 2178 εὐχαῖς
1056 2130 1190 2178 ὅμοια]
1235 2146 1302 2180 pro
1344 2136 1516 2169 desiderio

849 2182 1086 2215 commentitia
1120 2181 1194 2214 Fic.
1244 2180 1338 2214 Male
1373 2181 1519 2215 scholia-

849 2232 937 2260 stes·
963 2225 1012 2260 τὰ
1028 2225 1078 2270 μὴ
1100 2224 1331 2282 καθήκοντα.
1359 2224 1433 2261 ε’στι
1446 2225 1518 2273 γὰρ

852 2269 916 2308 ὅτε
939 2273 1003 2306 καὶ
1027 2273 1189 2306 τοιαῦτα
1214 2269 1414 2316 εὐχόμεθα.

896 2317 1218 2363 ἐνομοθετοῦμεν]
1245 2317 1520 2364 ἐνουθετοῦμεν

850 2366 931 2401 Vat.
956 2366 1000 2398 H.
1026 2366 1119 2399 Flor.
1144 2365 1218 2399 AC.

893 2411 1061 2468 μᾶλλον]
1082 2414 1188 2446 multo
1213 2411 1329 2456 magis
1352 2411 1426 2446 Fic.

895 2456 1015 2504 εὀικε]
1043 2456 1160 2493 εόικεν
1184 2457 1286 2491 Vind.
1299 2458 1339 2491 F.
1366 2459 1458 2493 Flor.
1470 2459 1513 2493 R.

847 2503 1399 2585 Bx‘712v]pom.KLob.Vind.BD.
1435 2506 1515 2540 Vat.

881 2559 904 2584 χ’
920 2576 928 2583 .
983 2561 1032 2584 ar.
1094 2575 1103 2584 .

896 2594 1040 2631 δυνατά
1064 2596 1116 2640 γε]
1142 2592 1286 2630 δυνατά
1303 2607 1344 2631 τε
1367 2596 1461 2631 Flor.
1473 2598 1516 2632 Τ.

851 2643 1129 2696 quemadmodum
1152 2642 1333 2677 Bekkerus
1367 2644 1520 2678 scriben-

852 2690 930 2722 dum
955 2688 1108 2722 coniecit.
1159 2688 1272 2730 Quum
1305 2701 1407 2735 posse
1436 2690 1519 2724 illud

853 2735 930 2768 fieri
975 2734 1043 2768 iam
1100 2734 1368 2769 demonstiatum
1415 2741 1518 2778 esset,

856 2779 1000 2814 δυνατὰ
1026 2780 1138 2826 ajiquo
1157 2782 1256 2817 modo
1273 2782 1436 2827 distingui
1451 2793 1518 2817 non

855 2827 1006 2873 ineptum
1030 2831 1116 2862 erat.
