1807 3219
222 1356 260 1402 B

227 2466 260 2509 C

282 202 367 244 150

739 199 1216 247 PLATONIS

304 313 325 329 ,μ
398 310 408 324 2
555 313 574 322 ι·
610 326 618 335 .
675 292 696 324 ν’
755 309 764 323 =
840 310 850 325 x
997 310 1009 324 ι
1231 309 1245 327 ι
1489 309 1503 324 ιι
1546 306 1558 323 ι
1636 309 1646 323 ι

284 328 350 367 ειη
382 324 598 353 αντειπειν
660 313 770 353 αλλα
798 327 883 366 γαρ
910 313 1085 356 τοιονδε
1113 326 1155 355 τι
1183 319 1429 367 πασχουσιν
1458 324 1502 352 οι
1532 326 1671 354 ακου-

284 395 406 429 οντες
436 377 635 421 ἑκάστοτε
665 377 693 421 ἂ
720 381 806 421 νῦν
836 377 996 432 λέγεις·

1041 376 1255 435 ἡγοῦνται
1283 376 1334 422 δι’
1362 376 1564 432 ἀπειρίαν
1592 377 1674 424 τοῦ

283 448 452 503 ἐρωτᾷν
481 461 525 489 τε
554 447 628 490 καὶ
655 445 974 500 ἀποκρίνεσθαι
994 444 1081 490 ὑπὸ
1107 451 1188 491 τοῦ
1209 447 1346 502 λόγου
1366 444 1466 502 παρ’
1492 446 1676 492 ἕκαστον

283 515 333 559 τὸ
378 513 582 570 ἐρώτημα
621 514 810 571 σμικρόν
851 514 1153 571 παραγόμενοι
1204 513 1540 569 ἀθροισθέντων
1586 520 1677 560 τῶν

285 587 482 639 σμικρῶν
521 583 590 627 ἐπὶ
625 585 826 639 τελευτῆς
864 587 955 627 τῶν
995 584 1139 640 λόγων
1174 583 1283 639 μέγα
1312 582 1361 627 τό
1395 583 1574 640 σφάλμα
1604 585 1680 628 καὶ

283 651 486 695 ἐναντίον
524 656 614 702 τοῖς
653 650 844 706 πρώτοις
878 650 1226 709 ἀναφαίνεσθαι,
1287 652 1362 697 καὶ
1405 651 1550 706 ὥσπερ
1588 650 1680 697 ὑπὸ

224 727 257 770 C
286 724 376 765 τῶν
410 719 632 764 πεττεύειν
674 721 830 763 δεινῶν
872 722 916 764 οἱ
954 721 1012 778 μή
1054 724 1336 771 τελευτῶντες
1372 718 1681 765 ἀποκλείονται

283 789 359 834 καὶ
397 787 483 833 οὐκ
522 789 696 845 ἔχουσιν
733 787 801 832 ὅτι
840 788 1059 846 φέρωσιν,
1108 789 1226 834 οὕτω
1257 789 1331 833 καὶ
1368 795 1503 845 ,σφεῖς
1532 795 1680 834 τελευ-

283 861 441 908 τῶντες
491 855 802 901 ἀποκλείεσθαι
843 857 917 901 καὶ
958 857 1042 902 οὐκ
1094 858 1205 914 ἔχειν
1247 857 1315 901 ὅτι
1355 858 1538 914 λέγωσιν
1585 857 1675 903 ὑπὸ

282 927 480 978 πεττείας
519 920 576 970 αὖ
607 924 770 981 ταύτης
797 924 918 977 τινὸς
953 925 1126 983 ἑτέρας,
1169 925 1252 970 οὐκ
1283 926 1331 970 ἐν
1361 925 1552 982 ψήφοις,
1585 925 1678 971 ἀλλ’

283 994 333 1038 ἐν
361 994 533 1051 λόγοις,
581 993 673 1038 ἐπεὶ
707 993 758 1038 τό
796 1010 845 1050 γε
883 992 1044 1051 ἀληθὲς
1084 993 1216 1039 οὐδέν
1254 1011 1296 1038 τι
1335 998 1503 1050 μᾶλλον
1537 995 1677 1053 ταύτῃ

284 1061 408 1118 ἔχειν.
438 1062 547 1119 λέγω
578 1061 622 1107 δ’
655 1064 716 1114 εἰς
756 1062 806 1107 τό
845 1063 991 1119 παρὸν
1021 1061 1288 1120 ἀποβλέψας.
1334 1067 1421 1106 νῦν
1450 1062 1535 1119 γὰρ
1565 1066 1677 1121 φαίη

284 1129 340 1174 ἄν
369 1133 434 1183 τίς
469 1143 540 1175 σοι
570 1130 686 1188 λόγῳ
717 1131 797 1187 μὲν
829 1130 910 1175 οὐκ
941 1132 1052 1188 ἔχειν
1082 1129 1189 1175 καθ’
1221 1129 1406 1175 ἕκαστον
1436 1131 1486 1175 τό
1508 1131 1678 1187 ἐρωτώ-

283 1215 420 1256 μενον
450 1199 785 1253 ἐναντιοῦσθαι,
827 1201 938 1258 ἔργῳ
971 1199 1017 1245 δὲ
1047 1197 1183 1258 ὁρᾷν,
1231 1197 1330 1244 ὅσοι
1361 1198 1417 1243 ἂν
1445 1199 1515 1244 ἐπὶ
1545 1205 1677 1258 φιλο-

332 1345 540 1402 ἀντειπεῖν]
575 1345 746 1383 ἀντιπεῖν
784 1348 884 1384 Vind.
908 1348 951 1383 Ε.

329 1392 478 1429 τοιόνδε
496 1396 544 1439 τι]
569 1398 676 1429 τοῖον
696 1393 774 1429 δέτι
798 1395 898 1431 Υἰηᾶ.
910 1395 951 1431 F·

330 1435 380 1484 δι’]
406 1441 468 1474 int.
494 1453 583 1476 vers.
607 1442 712 1476 habet
735 1442 837 1476 idem.

328 1487 420 1531 νῦν]
447 1499 512 1521 om.
536 1488 609 1522 Fic.

329 1533 390 1577 τε]
417 1546 482 1568 om.
505 1533 606 1567 Vind.
632 1534 706 1568 EF.
739 1533 824 1567 Ven.
851 1533 891 1566 B.
918 1535 955 1567 et

283 1589 306 1614 a
323 1590 367 1613 m.
381 1591 432 1635 pr.
451 1580 491 1614 C.
516 1580 594 1614 Vat.
605 1581 650 1613 H.
673 1580 770 1615 Flor.
780 1580 951 1613 ACRTV.

330 1621 408 1660 υπὸ
431 1626 499 1659 τοῦ
520 1623 573 1660 λό
567 1627 656 1672 μου]
681 1638 745 1661 om.
770 1626 846 1662 Fic.
873 1622 950 1660 ἀπὸ

284 1682 318 1705 ι·
341 1673 370 1706 λ.
389 1672 464 1706 Ald.
488 1672 569 1706 Bas.
594 1685 626 1706 a.

329 1715 374 1752 τὸ
395 1715 580 1773 ἐρώτημα]
606 1731 673 1753 οπτ.
696 1717 770 1751 Fic.

329 1762 611 1808 παραγόμενοι]
657 1761 955 1808 παραγενόμενοι

284 1808 384 1845 vind.
409 1811 483 1844 EF.
508 1809 787 1866 παραγνόμενοι
810 1812 898 1865 Ang.
912 1811 952 1844 B.

330 1853 637 1901 ἀθροισθέντων]
671 1854 759 1900 ἀθρ.
792 1854 832 1891 δὲ
863 1863 952 1901 Ang.

283 1901 324 1937 Β.
350 1903 442 1936 Flor.
466 1903 507 1937 R.
535 1908 571 1937 et
601 1903 665 1939 int.
690 1914 780 1938 vers.
804 1915 826 1937 a
855 1915 897 1937 m.
924 1914 952 1938 S.

283 1948 382 1982 vind.
408 1948 452 1982 F

331 1994 516 2051 σμικρῶν]
540 1995 681 2052 μικρῶν
703 1994 797 2028 Flor.
823 1994 928 2029 ACV.

330 2037 393 2076 επὶ
409 2042 556 2086 τελευτῆ
562 2045 594 2087 ς]
611 2039 730 2076 ἐπιτελ
734 2041 820 2086 εντῆ
826 2054 842 2081 ς
851 2042 880 2073 Υ
883 2041 952 2074 ind.

330 2130 424 2177 μέγα
442 2131 484 2167 τὸ
505 2130 682 2178 σφάλμα]
707 2131 800 2177 μετὰ
823 2132 867 2168 τὸ
890 2143 951 2178 σφ.

284 2179 377 2215 Flor.
401 2179 507 2213 ACV.
550 2186 630 2224 post
662 2192 810 2216 errorem
849 2187 953 2226 atque

278 2227 468 2270 fallaciam
492 2225 565 2259 Fic.

332 2268 632 2317 ἀναφαίνεσθαι]
669 2268 954 2316 ἀποφαίνεσθαι

285 2317 372 2353 Lob.
397 2318 497 2353 vind
521 2319 564 2353 B.
589 2319 666 2353 Vat
679 2319 758 2353 ΒΜ.
785 2320 852 2353 Est
870 2330 953 2354 ana.-

285 2364 457 2399 coluthon.

332 2407 480 2466 ω’σπερ]
511 2407 563 2450 ῶς
587 2411 671 2445 V.en
699 2410 739 2446 C.
765 2423 786 2444 a
810 2422 851 2444 m.
877 2422 931 2456 pr.

335 2454 622 2502 ἀποκλείονται]
670 2452 954 2492 ἀποκλείνονται

289 2515 365 2537 cum
389 2504 519 2538 duobus
544 2503 681 2560 punctis
710 2505 772 2537 sub
801 2503 909 2548 priori
932 2515 955 2536 ν

288 2549 383 2584 Mon.
411 2551 451 2584 B.
501 2546 740 2584 ἀποκλείουσι
780 2549 879 2584 Vind.
911 2550 954 2584 B.

290 2597 486 2630 coaercentnr
507 2602 540 2630 et
559 2597 806 2630 concluduntur
830 2596 902 2631 Fic.

334 2639 520 2685 φέρωσιν]
560 2642 617 2676 Ita
641 2653 715 2676 cum
740 2641 839 2675 editis
867 2652 953 2674 unus

286 2687 387 2723 vind.
413 2688 456 2721 E.
502 2687 639 2733 Reliqui
669 2688 802 2722 codices
838 2699 954 2721 omnes

289 2731 467 2777 φέρουσιν
513 2733 661 2776 habent,
706 2746 816 2788 neoque
855 2734 954 2767 aliter

288 2785 369 2814 ante
404 2781 648 2813 correctionem
687 2780 851 2825 scriptum
889 2779 956 2814 fuit

288 2825 324 2859 in
361 2826 453 2860 Mon.
479 2826 517 2859 B.
551 2826 611 2859 sed
644 2838 687 2860 ex
721 2825 955 2861 emendatione

289 2872 416 2906 sactum
448 2875 502 2905 est
532 2869 720 2916 λέγουσιν,
754 2873 808 2907 cui
839 2872 954 2907 statim

1009 1348 1226 1393 subiungitur
1250 1345 1327 1383 ὑπὸ
1349 1348 1520 1389 πεττείας
1537 1353 1604 1384 etc.
1619 1349 1679 1386 de-

1010 1407 1083 1429 cem
1106 1395 1282 1429 vocabulis
1303 1395 1444 1429 omissis.

1009 1487 1037 1523 B
1056 1443 1184 1487 σφεῖς]
1212 1442 1312 1487 σφᾶς
1336 1442 1415 1476 Par.
1426 1442 1471 1476 K.
1498 1443 1683 1477 secundum

1042 1488 1119 1522 ekk.

1055 1532 1310 1578 τελευτῶντες]
1331 1532 1581 1574 τελευτῶντας
1595 1534 1684 1569 idem

1010 1591 1079 1615 sec.
1103 1581 1211 1613 Bekk.
1237 1587 1273 1613 et
1298 1580 1375 1614 Vat.
1402 1580 1451 1614 M.
1478 1586 1514 1614 et
1539 1592 1559 1614 a
1584 1593 1626 1613 m.
1655 1593 1684 1615 5.

1008 1627 1088 1661 Par.
1124 1627 1168 1660 D.
1224 1626 1336 1660 Etiam
1372 1626 1458 1659 Lob.
1491 1627 1684 1666 -τῶντας

1008 1671 1280 1717 superscriptum
1309 1672 1450 1716 vulgato
1474 1672 1589 1708 habet.
1623 1685 1682 1708 τε·

1010 1718 1152 1754 λεντῶν
1173 1730 1212 1752 τε
1236 1718 1312 1752 Ald.
1338 1719 1421 1753 Bas.
1448 1730 1480 1753 a.

1057 1785 1338 1833 ἀποκλείεσθαι]
1358 1789 1439 1835 cogi
1460 1789 1684 1834 concludique

1009 1834 1218 1935 Εἰ(ἐχειν]”
1200 1877 1344 1936 εχονσιν
1370 1879 1451 1916 vat.
1474 1880 1516 1914 B.

1055 1924 1227 1970 λέγωσιν]
1263 1922 1310 1960 ὃέν
1339 1923 1490 1970 λέγωσιν
1515 1926 1608 1961 Flor.
1634 1927 1678 1961 T.

1008 1971 1068 2017 ἰέγ
1072 1983 1176 2006 ουσιν
1199 1973 1297 2006 Flor.
1317 1973 1363 2007 U.
1390 1973 1502 2018 (Mon.
1527 1973 1591 2018 B.)
1623 1971 1678 2008 λε’-

1007 2031 1108 2074 γοιεν
1134 2019 1232 2052 Vind.
1251 2020 1295 2055 B.

1056 2064 1131 2120 αὖ]
1159 2065 1227 2098 οὐν
1250 2065 1331 2101 Par.
1355 2064 1400 2099 K.
1425 2076 1494 2101 sec.
1520 2064 1628 2098 Bekk.

1056 2109 1216 2157 λόγοις,]
1242 2109 1379 2155 λόγοις.
1401 2111 1480 2146 Ald.
1513 2112 1602 2145 Β55.
1620 2112 1677 2147 ab.

1009 2157 1188 2248 Stssghys]
1215 2199 1309 2247 τόγ’
1334 2203 1434 2239 vind.
1458 2203 1502 2237 F.
1527 2206 1612 2249 Ang.
1635 2203 1677 2239 B.

1055 2269 1198 2318 ταύτῃ]
1231 2269 1373 2317 ταύτην
1397 2273 1477 2307 Par.
1501 2273 1544 2307 A.
1578 2273 1675 2307 Vind.

1011 2319 1056 2354 E.
1081 2321 1161 2354 Vat.
1187 2319 1231 2353 H.
1282 2319 1336 2353 Cf.
1362 2331 1434 2352 var.
1460 2320 1539 2353 lect.
1564 2320 1605 2353 L.
1632 2320 1677 2354 V.

1012 2377 1045 2410 p.
1070 2366 1150 2401 469.
1176 2366 1216 2399 A.
1251 2377 1294 2399 ex
1327 2365 1477 2399 Eusebio
1512 2371 1676 2401 notatam.

1012 2412 1154 2446 Scilicet
1177 2423 1263 2456 -ηι
1286 2423 1352 2445 non
1383 2411 1492 2451 minus
1516 2412 1617 2446 facile
1640 2412 1677 2446 in

1011 2470 1058 2501 ην
1083 2458 1254 2503 corrumpi
1278 2463 1436 2503 poterat,
1460 2470 1560 2502 quam
1583 2470 1677 2492 -ωι

1010 2504 1045 2538 in
1069 2517 1188 2548 -ων,
1223 2504 1265 2538 de
1300 2516 1367 2550 quo
1402 2505 1445 2537 cf.
1470 2505 1677 2558 interpretes

1011 2551 1054 2584 ad
1080 2552 1228 2595 Gregor.
1262 2551 1341 2584 Cor.
1376 2562 1410 2596 p.
1434 2551 1513 2584 266.
1556 2548 1676 2595 ταύτῃ

1011 2600 1064 2629 est
1097 2609 1136 2631 eo
1165 2598 1287 2639 modo,
1322 2609 1386 2642 quo
1418 2598 1578 2631 Socrates
1604 2609 1676 2631 rem

1010 2643 1134 2677 habere
1163 2645 1257 2678 dicat
1288 2650 1321 2678 ct
1361 2643 1565 2687 disputandi
1601 2648 1678 2676 arte

1011 2690 1161 2723 evincat.
1219 2690 1367 2724 Prorsus
1400 2691 1443 2723 ab
1479 2688 1577 2722 huius
1610 2688 1677 2722 loci

1011 2746 1111 2768 sensu
1137 2736 1312 2769 aberravit
1329 2736 1474 2769 Ficinus
1494 2735 1580 2768 haec
1597 2735 1678 2768 inde

1011 2780 1054 2814 ab
1078 2778 1155 2816 ’ὑπὸ
1186 2782 1356 2821 πεττείας
1384 2782 1435 2816 ita
1468 2780 1677 2825 interpreta-

1010 2831 1087 2860 tusz
1113 2829 1225 2862 verbis
1245 2829 1352 2863 ueluti
1375 2828 1516 2861 calculis
1533 2829 1677 2861 circum-

1011 2875 1142 2908 clusos.-
1188 2875 1464 2920 quandoquidem
1489 2885 1607 2909 verum
1630 2875 1677 2909 sit
