1807 3219
263 1467 300 1510 B

315 130 403 170 308

770 122 1246 167 PLATONlS

317 241 488 294 νομιεῖν
514 237 618 292 μὲν,
657 237 717 289 ὥς
747 234 846 281 οἷόν
874 251 919 280 τε
949 234 1156 279 κάλλιστα
1193 232 1247 275 τὰ
1274 235 1456 276 τοιαῦτα
1485 233 1589 290 ἔργα
1619 246 1697 279 συ-

319 305 584 363 στήσασθαι,
616 304 733 349 οὕτω
753 303 1010 357 ξυνεστοὲναι
1028 307 1090 362 τῷ
1114 304 1195 345 τοῦ
1218 299 1420 356 οὐρανοῦ
1446 304 1698 364 δημιουργῷ

322 371 462 418 αὐτόν
490 389 535 416 τε
564 374 636 416 καὶ
664 373 717 416 τοὶ
749 374 796 416 ἐν
831 372 976 427 αὐτῷ·
1018 371 1098 427 τὴν
1129 370 1175 414 δὲ
1206 369 1366 421 νυκτὸς
1396 370 1505 425 πρὸς
1533 370 1702 428 ἡμέραν

322 443 587 498 ξυμμετρίαν
615 442 688 485 καὶ
717 439 886 486 τούτων
914 438 1026 494 πρὸς
1064 442 1182 494 μῆνα
1211 439 1285 482 καὶ
1314 438 1449 495 μηνὸς
1476 439 1590 494 πρός
1619 440 1704 484 ἐνι-

254 517 291 560 Β
324 510 458 555 αυτὸν
495 510 570 554 καὶ
609 514 696 553 τῶν
738 509 883 553 ἄλλων
911 507 1082 562 ἄστρων
1111 508 1222 561 πρός
1250 524 1294 551 τε
1323 511 1461 551 ταῦτα
1490 509 1565 552 καὶ
1593 507 1704 564 πρὸς

320 579 485 635 ἄλληλα
517 577 600 622 οὐκ
620 577 786 622 ἄτοπον
800 610 813 628 ,
845 579 952 629 οἴει,
982 575 1187 633 ἡγήσεται
1209 574 1287 618 τόν
1305 577 1539 632 νομίζοντα
1560 578 1706 633 γίγνε-

321 648 430 691 σθαί
458 662 503 689 τε
531 649 669 689 ταῦτα
700 643 765 689 ἀεὶ
799 643 1006 695 ὡσαύτως
1048 645 1123 688 καὶ
1159 640 1334 701 οὐδαμῇ
1365 643 1496 688 οὐδὲν
1535 649 1707 700 παραλ-

321 713 512 765 λάττειν,
543 713 668 770 σῶμά
698 730 741 757 τε
771 714 924 769 ἔχοντα
953 713 1028 756 καὶ
1058 709 1289 767 ὁρώμενα,
1320 713 1393 755 καὶ
1414 717 1555 769 ζητεῖν
1579 714 1711 756 παντὶ

320 780 469 841 τρόπῳ
499 781 579 838 τήν
609 781 820 839 ἀλήθειαν
853 781 1002 825 αὐτῶν
1041 784 1209 837 λαβεῖνς
1252 777 1374 835 Ἐμοὶ
1414 785 1527 837 γοῦν
1572 784 1708 836 δοκεῖ,

321 852 431 908 ἔφη,
476 855 559 894 σοῦ
586 855 672 895 νῦν
704 849 922 894 ἀκούοντι.

981 847 1298 906 Προβλήμασιν
1329 846 1407 903 ἄρ’,
1446 844 1500 906 ἦν
1530 848 1574 893 δ’
1608 849 1707 906 ἐγώ,

321 918 542 977 χρώμενοι
571 919 718 973 ὥσπερ
748 918 1015 974 γεωμετρίαν
1054 917 1168 961 οὕτω
1200 916 1272 960 καὶ
1304 914 1602 972 ἀστρονομίαν
1629 918 1705 974 μέ-

324 1005 469 1044 τιμεν,
500 988 552 1032 τὰ
583 987 628 1032 δ’
659 987 706 1031 ἐν
739 992 799 1043 τῷ
830 985 1011 1042 οὐρανῷ
1041 984 1247 1041 ἐάσομεν,
1281 1001 1318 1028 ει
1336 984 1584 1041 μελλομεν
1568 986 1706 1039 όντως

264 1060 296 1104 G
329 1056 624 1114 ἀστρονομίας
666 1055 1069 1112 μεταλαμβάνοντες
1105 1053 1320 1110 χρήσιμον
1349 1053 1397 1097 τὸ
1430 1054 1560 1109 φύσει
1591 1053 1704 1111 φρό-

322 1143 457 1183 νιμον
485 1142 531 1169 εν
559 1129 613 1182 τῆ
643 1128 762 1181 ψυχῃ
794 1125 835 1176 ἐξ
867 1122 1084 1180 ἀχρήστου
1113 1122 1321 1179 ποιήσειν.

371 1225 495 1286 ον’τω]
522 1226 568 1263 οὗ
586 1229 637 1283 τῷ
663 1229 738 1262 Ald.
764 1228 842 1261 Bas.
865 1228 921 1261 ab.

372 1273 563 1332 ου’ρανοῦ]
590 1264 740 1331 οὐρανῶ
764 1274 865 1308 Vind.
892 1273 930 1307 F.

371 1320 491 1356 αὐτόν
510 1323 574 1365 τε]
602 1319 720 1355 αὐτόν
743 1321 843 1353 idem.
870 1319 990 1353 Paullo

324 1374 404 1424 post
451 1365 594 1401 ἐναυτῶ
630 1373 666 1402 et
699 1366 920 1411 συμμετρίαν
955 1369 991 1399 et

325 1412 422 1459 πρός
438 1425 477 1449 τε
499 1412 632 1448 ταυτα.

326 1461 478 1541 ..33:32
501 1462 604 1541 ιῖζῖἒα
617 1461 703 1539 Οοῗ
734 1456 994 1550 ff'v‘f⁰{¹“‡s}f

327 1553 572 1643 Ο’ἠγη’σετοιι]
598 1594 808 1642 ἡγήσεσθαι
830 1597 925 1630 Mon.
950 1596 990 1629 B.

327 1650 363 1679 et
397 1650 477 1679 ante
511 1656 599 1678 corr.
639 1644 679 1678 C.
711 1646 798 1688 Ang.
823 1644 861 1677 B.
899 1643 992 1677 Flor.

325 1691 440 1726 RTU.

329 1784 359 1818 C
372 1735 607 1817 γίῖἴὶῗίσθοὶξὲ
618 1736 696 1816 y[gl-3
712 1736 812 1816 Visssti
831 1736 873 1815 ξ.
899 1735 992 1825 ἓ11>οῃη

326 1829 550 1884 ΕΙοτειιῐῑιιὶ.)
806 1794 828 1827 p

376 1872 545 1920 οὐδαμῇ]
572 1871 720 1919 ου’δαμή
745 1873 843 1907 Vind.
856 1873 900 1905 F.
927 1869 991 1906 ου’-

328 1922 429 1965 δαμῆ
454 1922 574 1975 Steph.
599 1922 672 1954 Ast.
681 1932 748 1974 pr.
774 1932 842 1953 sec.

327 1964 506 2049 Ε’Ῑίἱόμέ.]
536 1963 801 2048 Ρῖἔῒῐιιᾛμὲἶξιῇ.
824 1965 936 2044 {ff-[¹13³-
949 1965 991 2065 Fi.

329 2073 359 2095 c.
384 2059 546 2098 2271039
577 2056 648 2103 γὰρ
679 2071 748 2114 αν,
772 2057 896 2112 φησὶ,
923 2054 991 2091 σοι’-

330 2117 430 2151 ματα
452 2103 582 2148 ἔχοντα
611 2117 674 2139 και
703 2101 874 2148 ὁρώμενα
896 2115 991 2136 απα-

331 2149 542 2208 ραλλάκτως
562 2149 632 2193 εξει
649 2150 711 2184 καὶ
729 2149 771 2185 τὸ
800 2152 861 2207 (an
885 2147 945 2183 αεί
954 2150 991 2192 ’.7)

331 2195 532 2238 ὦσαύτωςς
550 2196 819 2253 συγχωρῶνκαὶ
835 2194 992 2230 ἐπὶ-του·

330 2257 406 2279 των
418 2242 598 2300 δηλονότι
614 2244 666 2301 τῷ
684 2241 916 2301 Ηρακλείτῳ,
943 2254 994 2281 ως

331 2285 465 2335 (1.ὃς)
505 2287 576 2335 ε’φη
605 2279 666 2324 ἀεὶ
697 2288 760 2323 καὶ
792 2288 860 2324 τὸν
881 2278 994 2333 ἥλιον

331 2337 514 2393 γίνεσθαι.

379 2380 534 2426 έχοντα]
559 2380 607 2426 ἔχ.
629 2379 727 2416 αντὰ
752 2381 844 2415 Flor.
870 2381 914 2414 T.

378 2427 442 2462 καὶ
469 2429 614 2474 ζητεῖν]
649 2427 712 2462 καὶ
737 2440 800 2462 om.
829 2427 930 2463 Vind.
953 2426 994 2460 F.

333 2475 419 2530 Aug.
445 2475 485 2507 B.

383 2517 594 2575 alfirstsmcv]
620 2517 807 2575 βοήθειαν
828 2518 925 2554 Vind
953 2518 994 2552 F.

335 2563 542 2648 νιέὐῖνῐῶν]
591 2563 711 2600 αὐτῶι
755 2561 995 2599 Ιιο1>.αὑτω

368 2623 387 2646 a

381 2654 484 2700 Ἐμοὶ
495 2657 617 2711 γοῦν]
645 2655 816 2701 ἕμοιγοῦν
840 2657 938 2690 Vind.
952 2657 995 2689 F.

335 2700 449 2784 ἔμοιγ’
462 2715 530 2738 ουν
555 2704 648 2738 Μοιι.
658 2705 699 2738 Β.
725 2705 801 2738 Vid.
818 2703 906 2748 adp.
918 2705 996 2738 527.

384 2791 583 2840 ἀκούοντι]
617 2792 825 2836 ἀκούοντος
847 2794 926 2829 Par.
951 2795 996 2829 Κ.

1372 1116 1434 1164 Ἦ
1455 1121 1703 1167 πολλαπλά-

1093 1222 1140 1268 ἔὶρ
1142 1223 1177 1270 ’]
1204 1221 1279 1269 ἄρα
1304 1226 1402 1259 Vind.
1428 1226 1534 1259 BEF.
1560 1226 1654 1262 Mon.
1665 1226 1706 1260 C.

1045 1270 1136 1353 111(Ξέιῖί
1140 1270 1416 1363 σίέιῃῧήεέῗὲιῗζ
1419 1284 1493 1362 μεῖν)
1527 1272 1707 1352 {aissd'mFAE'

1131 1344 1138 1352 n
1192 1341 1206 1351 ὀ
1344 1334 1359 1352 b
1409 1344 1416 1351 0
1597 1345 1605 1352 .
1699 1343 1709 1351 ι

1045 1367 1133 1409 Ang.
1157 1365 1197 1398 Β.
1248 1364 1325 1398 Vat.
1353 1365 1401 1400 M.
1448 1365 1544 1399 Flor.
1567 1364 1708 1399 ACRT.

1046 1413 1121 1445 Ald.
1151 1412 1233 1444 Bas.
1259 1423 1289 1444 a.

1093 1456 1293 1501 μέλλομεν]
1330 1455 1520 1500 μέλλοιμεν
1543 1457 1646 1490 Vind.
1669 1457 1714 1492 Β.

1048 1504 1141 1538 Mun.
1170 1504 1209 1536 C.
1235 1504 1316 1537 V.at
1336 1504 1383 1536 M.
1409 1511 1443 1536 et
1467 1515 1552 1538 am.
1576 1514 1603 1536 s.
1623 1504 1711 1537 Ven.

1050 1550 1091 1584 C.
1103 1548 1307 1599 μέλλοντες
1332 1549 1409 1582 Vat.
1434 1550 1481 1583 H.
1503 1549 1598 1582 Flor.
1624 1550 1666 1582 A.

1095 1593 1132 1637 ἐξ
1156 1592 1358 1649 αζρήστου]
1395 1592 1511 1639 ἐξαχρ.
1546 1595 1646 1629 Vind.
1671 1595 1713 1629 E.
1729 1584 1760 1627 C

1050 1639 1088 1722 ἐΒξ
1111 1640 1226 1696 ἀρχῆς
1245 1641 1314 1674 τοῦ
1340 1653 1452 1675 cumn
1469 1653 1573 1686 super
1592 1654 1611 1675 τ
1633 1643 1713 1676 V.at

1050 1689 1091 1722 Β.
1132 1686 1169 1730 ἐξ
1199 1685 1313 1736 ἀρχῆς
1339 1700 1406 1720 τωι
1439 1688 1524 1721 Lob.
1557 1687 1637 1721 Vat.
1664 1687 1713 1721 M.

1052 1728 1125 1777 (hic
1149 1736 1218 1778 τω)
1251 1731 1404 1777 ἐξαρχῆς
1439 1734 1530 1767 Μοῐι.
1555 1734 1596 1767 Β.
1633 1734 1713 1768 Par.

1049 1781 1094 1814 K.
1118 1781 1213 1813 Flor.
1227 1781 1270 1813 U.
1295 1778 1392 1824 πρὸς
1414 1776 1639 1824 αχρηστουῖ
1642 1779 1713 1813 md

1050 1827 1089 1860 F.
1115 1828 1200 1879 Ang.
1226 1827 1266 1859 B.

1090 1865 1156 1916 H]
1182 1869 1205 1916 ἢ
1232 1871 1331 1905 vind.
1356 1872 1398 1906 F.

1095 1916 1347 1961 προστάττεις]
1373 1915 1615 1959 προστασσεις
1630 1918 1710 1952 Par

1048 1965 1092 1999 K.
1117 1977 1185 1998 sec.
1210 1965 1285 2010 Bip.
1334 1964 1373 1997 In
1396 1964 1475 1998 Bas.
1501 1965 1555 1998 ab.
1578 1964 1710 2009 signum

1047 2011 1276 2064 interrogandi
1302 2010 1463 2043 additum.

1096 2054 1224 2102 εἷπον]
1252 2054 1381 2099 ἔφην
1370 2056 1461 2090 Mon.
1488 2056 1529 2090 C.

1093 2103 1223 2147 ταλλα]
1247 2103 1361 2136 τᾶλλα
1385 2102 1483 2135 Vind
1507 2102 1550 2135 F.
1576 2115 1597 2136 τ
1597 2098 1708 2136 ’ἄλλα

1048 2150 1149 2185 Vind.
1181 2150 1224 2182 E.
1272 2144 1387 2182 τᾶλλα
1411 2148 1512 2184 Vind.
1537 2149 1578 2185 B.
1614 2149 1707 2183 Mon.

1048 2196 1119 2230 BC.
1145 2195 1265 2249 Steph.
1288 2196 1361 2228 Ast.

1096 2239 1261 2297 τρόπον]
1287 2238 1398 2284 λόγον
1423 2241 1507 2276 Ven.
1530 2240 1571 2273 Β.

1098 2300 1149 2327 ως
1173 2286 1414 2330 νομοθετῶν]
1462 2290 1540 2332 post
1574 2281 1710 2330 ὄφελος

1051 2334 1135 2369 Lob
1160 2335 1238 2367 V.at
1265 2334 1344 2367 ΒΜ.

1099 2376 1220 2423 ἀλλὰ]
1245 2376 1342 2412 Ἀλλα
1366 2379 1468 2422 idque
1489 2381 1529 2412 ut
1551 2378 1629 2412 novi
1652 2389 1711 2412 ca-

1051 2427 1133 2472 pitis
1174 2425 1305 2459 initium
1348 2425 1509 2458 exhibent
1545 2423 1711 2458 editiones

1052 2472 1222 2513 Bekkeri,
1246 2471 1332 2504 Astii
1355 2471 1460 2504 tertia
1483 2475 1518 2503 et
1536 2470 1710 2504 Stallbau-

1052 2520 1120 2553 mii.
1155 2519 1215 2552 Sic
1244 2517 1289 2550 Τί
1307 2514 1368 2557 δέ,·
1394 2529 1427 2562 p.
1451 2518 1530 2552 527.
1556 2516 1596 2549 C.
1623 2519 1710 2550 extr.

1057 2565 1179 2599 Τοῦτο
1201 2575 1267 2607 μεν
1294 2565 1373 2599 526.
1399 2564 1439 2597 C.
1485 2560 1617 2596 Βούλει
1641 2555 1711 2596 οὖν

1053 2614 1130 2646 521.
1157 2610 1196 2643 C.
1223 2615 1259 2642 et
1289 2610 1322 2642 in
1352 2609 1583 2654 superioribus
1607 2612 1712 2653 atque

1051 2656 1306 2702 insequentibus
1328 2656 1424 2689 libris
1448 2655 1550 2688 certis
1573 2655 1714 2698 quibus-

1054 2704 1130 2737 dam
1154 2703 1259 2745 locis,
1283 2701 1342 2735 ubi
1365 2701 1528 2735 transitus
1553 2701 1596 2733 ad
1613 2700 1714 2734 aliam

1052 2761 1123 2783 rem
1159 2748 1237 2782 fieri
1266 2748 1452 2782 videretur.
1501 2746 1597 2787 Quas
1629 2746 1714 2780 inci·

1052 2807 1162 2830 szones
1186 2806 1250 2839 ego
1266 2819 1277 2836 ,
1300 2794 1330 2828 si
1353 2794 1458 2828 solum
1481 2796 1714 2838 argumentum
