1807 3219
463 75 801 161 CIVITAS
840 108 1149 156 LIB.V1.489

1432 117 1516 160 159

122 227 419 286 τηδευόντων·
468 227 585 273 πολι)
624 229 672 273 δὲ
707 228 882 284 μεγίστη
918 226 993 270 καὶ
1034 225 1294 284 ἰσχυροτάτη
1333 226 1516 285 διαβολὴ
1544 239 1584 283 D

125 301 320 355 γίγνεται
356 300 602 357 φιλοσοφίᾳ
635 296 708 341 διοὲ
738 298 842 349 τούς
863 296 917 339 τὰ
936 299 1121 339 τοιαῦτα
1151 296 1405 352 φάσκοντας
1421 296 1518 340 ἐπι-

124 367 347 424 τηδεύειν,
381 366 459 419 οὓς
489 367 541 423 δὴ
574 365 630 411 σύ
666 366 756 424 φῄς
786 365 867 410 τόν
895 365 1165 421 ἐγκαλοῦντα
1193 370 1247 421 τῇ
1275 366 1520 422 φιλοσοφίᾳ

123 435 288 492 λέγειν,
331 435 392 487 ὦς
420 435 703 493 παμπόνηροι
734 436 776 478 οἱ
804 439 999 478 πλεῖστοι
1034 437 1121 477 τῶν
1154 431 1312 478 ἰόντων
1343 432 1403 478 ἐπ’
1425 432 1520 477 αὐ-

121 504 228 561 την,
261 506 306 548 οἱ
338 504 384 548 δὲ
413 504 721 549 ἐπιεικέστατοι
751 502 985 560 οἱχρηστοι,
1016 502 1090 546 καὶ
1120 501 1203 558 ἐγώ
1236 501 1520 559 συνεχώρησα

120 572 269 630 ἀληθῆ
308 585 356 617 σε
390 575 540 629 λέγειν.
594 568 624 630 ἦ
660 572 769 629 γάρς

828 573 933 615 Ναί.
992 570 1174 615 Οὐκοῦν
1211 575 1286 628 τῆς
1323 570 1402 626 μὲν
1430 587 1521 615 των

121 643 326 687 ἐπιεικῶν
355 640 593 699 αχρηστίας
625 641 706 697 τήν
737 641 881 684 αἰτίαν
907 638 1249 696 διεληλύθαμενς
1282 639 1367 682 Καὶ
1389 639 1518 694 μάλα.

125 715 211 768 Τῆς
249 712 296 756 δὲ
333 715 424 756 τῶν
460 715 636 755 πολλῶν
674 710 890 766 πονηρίας
928 706 1010 764 τήν
1051 707 1249 764 ἀνάγκην
1290 707 1441 764 βούλει
1470 707 1521 752 τὸ

119 779 226 836 μετοὲ
258 784 392 825 τοῦτο
423 781 686 836 διέλθωμεν,
727 780 801 823 καὶ
839 778 906 821 ὅτι
945 775 1048 820 οὐδὲ
1076 774 1240 820 τούτου
1275 777 1520 833 φιλοσοφία

123 851 262 900 αἰτία,
296 848 352 893 ἂν
373 847 635 906 δυνώμεθα,
669 851 952 902 πειραθωμευ
974 847 1136 898 δεῖξαις
1165 843 1297 889 Πάνυ
1316 845 1397 903 μὲν
1422 847 1517 889 οὐν.
1542 856 1577 899 E

116 915 367 999 Ἀκούωμεν
398 917 450 974 δή
481 917 555 961 καὶ
589 917 782 974 λέγωμεν
803 916 973 960 ἐκεῖθεν
1002 912 1373 972 αναμνησθέντες,
1407 913 1515 957 ὅθεν

123 988 280 1044 διῇμεν
317 987 396 1044 τὴν
432 985 592 1043 φύσιν,
645 983 743 1030 οἷον
784 982 955 1041 ἀνάγκη
995 988 1136 1040 φῦναι
1173 982 1267 1028 τόν
1293 981 1432 1028 καλόν
1466 998 1514 1026 τε

123 1135 165 1171 C.
191 1135 314 1179 quibus
338 1145 519 1180 perperam
542 1133 644 1172 Vind.
663 1133 704 1169 B.
728 1133 791 1168 ad-

122 1182 175 1216 dit
197 1181 387 1215 Bekkerus.

169 1228 233 1272 σε]
270 1238 309 1261 τε
334 1227 420 1262 Lob.
455 1225 557 1262 vind.
592 1226 666 1261 BF.
709 1228 791 1262 Vat.

121 1274 203 1310 ΒΜ.
229 1268 314 1308 Ven.
329 1273 370 1308 C.
396 1273 475 1306 Par.
489 1272 566 1309 DK.
592 1284 662 1307 sec.
680 1272 790 1307 Bekk.

121 1333 162 1367 γε
186 1321 278 1354 Mon
303 1321 345 1355 Β.
379 1319 536 1356 Flor.U
538 1344 548 1354 .
595 1320 638 1356 V.
664 1319 708 1354 ad
734 1316 789 1353 λε’-

121 1378 196 1413 γεις
220 1368 261 1400 Β

165 1409 265 1457 η’]’ἣ
292 1411 393 1446 vind.
418 1411 462 1447 F.

145 1459 316 1539 ralvt'uv]
352 1455 454 1493 ἐτίαν
490 1458 583 1494 Μοιι.
615 1459 658 1495 Β.
690 1470 712 1494 a
744 1471 788 1494 ιιι.

145 1517 443 1597 rozsznwoausv
463 1551 477 1596 ]

120 1600 200 1635 Vat.
226 1599 270 1632 H.
294 1599 391 1632 Flor.
417 1599 492 1634 AV.

170 1645 247 1690 Τῆς
264 1642 320 1690 δὲ]
345 1645 455 1689 τῆςδε
473 1643 550 1679 Ald.
572 1644 692 1690 Τῆςδε
708 1645 789 1681 Bas.

120 1692 210 1772 abi&
237 1735 332 1781 μετὰ
355 1737 496 1782 τοῦτο]
534 1738 789 1780 τομετατοῦτο

120 1784 206 1819 Lob.
230 1784 332 1820 vind.
357 1784 432 1818 BE.
456 1784 550 1818 Mon.
577 1785 618 1819 Β.
643 1785 718 1820 Ald.
743 1782 787 1819 τὸ

120 1830 328 1874 μετατοῦτο
353 1830 454 1866 Vind.
478 1830 520 1865 F.
543 1830 623 1864 Bas.
647 1831 703 1866 ab.

169 1897 400 1945 διέλθωμεν]
473 1895 672 1944 διέλθομεν
713 1900 791 1935 Ald.

121 1945 332 2035 Βῗουὲἒον]
369 1987 530 2033 τούτους
554 2003 630 2026 cum
654 2003 706 2026 ων
730 2004 792 2027 su-

123 2050 186 2084 per
209 2049 276 2078 ονς
299 2038 380 2075 Vat.
405 2037 444 2073 B.

557 1548 790 1597 ἐληλύθαμεν

78 2111 114 2154 Ε
169 2104 373 2150 Ἀκοιῖωμεν
391 2104 437 2150 δὴ
455 2105 519 2141 καὶ
539 2104 720 2152 λέγωμεν]
748 2103 790 2141 0}-

123 2151 284 2196 κούομεν
307 2151 354 2197 δὴ
377 2151 567 2197 λέγομενῨ
569 2154 634 2190 ind.
644 2154 684 2190 F.
704 2155 789 2191 Per-

123 2211 250 2245 gamus
269 2201 317 2233 ad
335 2200 420 2234 haec
436 2199 510 2235 Fic.

169 2244 322 2290 διῇμεν]
370 2243 534 2290 διῄειμεν
582 2245 665 2279 editi
710 2249 790 2280 ante

125 2291 342 2331 Bekkerum‚
366 2303 468 2336 quam
491 2293 634 2325 somnam
658 2290 738 2336 (διή
743 2304 789 2326 ει-

123 2337 220 2419 ιιι
228 2338 308 2429 ¹¹.
304 2379 790 2430 <>

124 2430 261 2484 plures,
286 2430 346 2464 sed
370 2441 413 2463 ne
435 2429 484 2463 ibi
509 2431 641 2475 quidem
663 2431 789 2487 optimi,

123 2475 237 2521 Epist.
267 2476 347 2511 Vn.
405 2476 518 2511 3.45.
544 2477 586 2511 A.
618 2475 789 2521 (διεξήει-

123 2523 209 2566 μεν)
234 2534 321 2556 unus
343 2523 423 2556 Par.
441 2523 475 2557 b.
499 2522 688 2558 Phaedonis
708 2536 789 2558 vero

123 2580 159 2614 p.
185 2569 242 2604 59.
265 2569 308 2603 D.
334 2565 549 2614 (εἰσήιειμεν
569 2569 624 2603 vel
642 2565 787 2615 ηειμεν)

125 2616 322 2659 Augustano
355 2620 500 2659 excepto
539 2627 654 2649 omnes
694 2617 789 2650 exhi-

123 2661 218 2695 bent.
257 2660 419 2706 ‚Reliquis
450 2661 554 2702 locis,
587 2673 671 2707 quos
694 2662 788 2696 Mat-

124 2707 218 2741 thiae
251 2719 389 2751 gramm.
415 2719 494 2752 pag.
519 2686 598 2742 4⁹17.
623 2708 789 2742 indicavit

124 2753 222 2797 (Civ.
245 2753 289 2788 X.
323 2755 402 2788 609.
436 2754 476 2788 B.
511 2753 651 2798 διῇμεν.
692 2754 788 2791 Prot.

123 2800 204 2835 316.
226 2801 267 2836 A.
297 2799 497 2846 προσῇμεν.
530 2801 611 2837 362.
633 2801 786 2846 Euthyd.

845 1133 927 1169 304.
954 1133 996 1167 B.
1034 1128 1220 1178 ἀπῇμεν.)
1260 1131 1354 1167 nulla
1385 1135 1439 1166 est
1471 1132 1516 1167 de

847 1182 1022 1214 contracta
1053 1180 1164 1213 forma
1199 1180 1361 1213 librorum
1385 1179 1518 1213 dissen-

847 1226 921 1268 sio,
953 1225 1019 1260 nisi
1043 1226 1131 1281 quod
1158 1225 1363 1259 Clarkianus
1387 1226 1422 1259 in
1446 1226 1517 1260 fine

847 1273 1060 1317 Protagorae
1085 1269 1247 1316 οἷπήὶμεν
1272 1272 1320 1305 sic
1343 1275 1381 1304 ut
1404 1271 1517 1306 Phae-

848 1319 926 1353 don.
952 1320 973 1354 l.
989 1331 1019 1354 c.
1039 1319 1261 1373 Augustanus
1281 1322 1317 1352 et
1334 1318 1410 1353 Civ.
1433 1319 1473 1353 L.
1485 1317 1515 1354 I„

848 1365 949 1399 vind.
975 1365 1018 1399 Ε.
1058 1360 1164 1409 ἤϊμεν
1200 1365 1314 1399 habet.
1361 1365 1517 1400 Platonis

846 1411 955 1456 igitur
979 1411 1114 1445 codices
1138 1424 1203 1445 ιιοιι
1236 1413 1375 1446 obstare
1398 1412 1516 1447 viden·

847 1462 926 1500 tur,
959 1469 1026 1503 quo
1052 1461 1159 1492 minus
1195 1458 1349 1492 Elmsleii
1374 1471 1393 1495 a
1418 1459 1516 1497 Mat..

847 1504 962 1539 thiaeo
995 1505 1017 1540 l.
1055 1517 1084 1539 c.
1130 1505 1273 1540 relatam
1316 1506 1517 1561 diphthongi

847 1551 1156 1597 improbationem
1146 1564 1182 1586 ln
1198 1553 1263 1586 hac
1281 1554 1416 1598 quidem
1436 1567 1517 1601 per-

847 1610 931 1632 sona
949 1599 1143 1652 probemus.
1168 1599 1218 1632 Et
1234 1600 1413 1635 Bekkerus
1431 1614 1518 1647 quo-

847 1657 914 1689 que
947 1645 983 1678 in
1012 1645 1195 1680 Phaedone
1229 1645 1377 1691 εἱσῃμεν
1400 1649 1518 1684 edidit.

846 1691 901 1724 Ad
923 1691 1231 1736 interpunctionem
1263 1693 1352 1737 quod
1381 1695 1518 1738 attinet,

848 1749 977 1771 comma
1003 1749 1023 1771 a
1047 1738 1219 1784 plerisque
1244 1739 1432 1774 editoribus
1458 1742 1516 1785 (ιι-

847 1795 910 1817 nus
942 1784 1144 1824 Bekketus‚
1176 1796 1276 1830 quem
1307 1785 1343 1819 in
1373 1798 1426 1832 pr.
1460 1788 1515 1825 ed.

847 1829 1090 1864 Stallbaumius
1122 1834 1163 1864 ut
1195 1831 1271 1864 fere
1302 1831 1336 1865 in
1362 1833 1516 1869 omnibus

846 1876 913 1910 huc
937 1877 1170 1933 spectantibus
1195 1877 1372 1920 imitatur,
1407 1881 1515 1915 verba

850 1919 1044 1965 ἀκούωμεν
1063 1921 1109 1967 δὴ
1136 1934 1244 1968 usque
1269 1924 1311 1958 ad
1337 1922 1515 1969 ἐσόμενον

848 1969 921 2003 sine
944 1969 1014 2003 ulla
1044 1970 1205 2004 incisione
1238 1971 1399 2016 scripsit)
1434 1976 1515 2007 ante

847 2013 918 2059 τὴν
934 2012 1048 2059 φύσιν
1065 2017 1213 2062 positum
1236 2022 1314 2061 post
1339 2030 1380 2051 ea
1406 2020 1515 2054 verba

848 2062 1034 2104 collocavi,
1070 2063 1151 2107 quia
1185 2075 1258 2096 cum
1291 2065 1512 2108 sequentibus

847 2109 1001 2142 construi
1034 2108 1106 2142 sine
1138 2109 1374 2144 molestissima
1398 2114 1514 2145 tauto-

845 2154 937 2198 logia
960 2159 1133 2199 nequeunt
1163 2158 1198 2188 et
1228 2156 1318 2189 haud
1343 2157 1445 2192 dubie
1469 2158 1513 2192 ad

845 2201 1088 2246 praecedentia
1135 2197 1439 2259 ἀναμνησθέντες
1476 2208 1514 2239 et

844 2247 994 2302 διῇμεν,
1020 2248 1100 2292 quin
1123 2248 1224 2281 etiam
1249 2249 1291 2282 ad
1316 2246 1513 2294 ἀκούωμεν

845 2298 881 2328 et
914 2291 1073 2338 λέγωμεν
1106 2294 1232 2328 referri
1266 2295 1413 2338 debent,
1446 2298 1512 2332 hoc

844 2351 968 2374 sensu:
1007 2341 1191 2375 audiamus
1216 2342 1329 2386 igitur
1355 2347 1388 2376 et
1415 2344 1516 2378 diew-

845 2399 919 2420 mus
965 2388 1060 2421 illinc
1100 2389 1266 2421 memoria
1307 2393 1514 2433 repetentes,

843 2433 904 2467 ubi
943 2434 1157 2477 exposuimus
1198 2439 1394 2477 naturam,
1442 2448 1512 2481 qua

840 2480 1025 2524 praeditus
1052 2491 1122 2514 esse
1155 2481 1278 2514 debeat
1315 2481 1369 2514 vir
1408 2482 1513 2518 bonus

847 2530 882 2559 et
910 2526 1071 2560 honestus
1097 2529 1254 2569 futurus.
1301 2526 1391 2560 Nam
1417 2523 1513 2566 ὅθεν

843 2582 908 2616 per
940 2572 1179 2605 attractionem
1211 2583 1274 2616 pro
1300 2568 1398 2608 ὅπου
1420 2575 1512 2619 posi-

845 2622 917 2651 tum
939 2618 1089 2652 videtur.
1137 2618 1294 2662 Denique
1316 2619 1405 2654 inter
1429 2621 1511 2667 διῇ-

844 2674 911 2707 μεν
943 2667 979 2697 et
1006 2662 1077 2708 τὴν
1107 2664 1210 2699 Vind.
1235 2664 1275 2697 F.
1313 2675 1422 2709 ησται
1456 2668 1512 2702 vel

843 2720 939 2753 ηστα
962 2710 1228 2755 superscriptum
1259 2711 1383 2756 habet,
1419 2715 1510 2759 quod

844 2756 925 2802 quid
951 2756 1015 2789 sibi
1039 2757 1123 2790 velit
1145 2768 1212 2790 ιιοιι
1235 2757 1346 2792 video.

889 2802 1029 2847 φῦναι]
1062 2799 1181 2848 φῦναι
1203 2802 1290 2839 Lob.
1314 2804 1417 2842 vind.
1439 2805 1484 2842 Ε.
