1807 3219
470 143 807 188 CIVITAS
851 139 1189 183 LIB.V11.539.
1438 144 1521 185 317

136 272 182 301 τε
221 253 308 300 ἀπό
345 258 436 300 τῶν
471 257 646 314 δεσμῶν
685 256 760 300 καὶ
805 251 1082 311 μεταστροφὴ
1123 249 1209 295 ἀπό
1248 254 1334 296 τῶν
1383 255 1522 296 σκιῶν

135 325 206 370 ἐπὶ
252 324 307 369 τὰ
349 325 505 369 εἴδωλα
549 325 624 368 καὶ
679 322 730 368 τό
783 326 881 380 φῶς
930 323 1004 367 καὶ
1057 320 1105 363 ἐκ
1147 322 1230 364 τοῦ
1285 322 1523 376 καταγείου

137 395 199 446 εἷς
233 391 313 438 τὸν
371 392 498 449 ἥλιον
554 390 771 443 ἐπάνοδος
818 393 894 435 καὶ
940 391 1028 434 ἐκεῖ
1063 387 1177 444 πρὸς
1215 388 1294 444 μὲν
1340 390 1394 433 τα
1436 390 1525 443 ζῶα

133 478 180 506 τε
224 461 299 506 καὶ
355 460 475 519 φυτοὶ
531 461 607 505 καὶ
649 460 698 505 τὸ
738 463 820 504 τοῦ
868 459 998 517 ἡλίου
1046 461 1142 514 φῶς
1189 456 1256 501 ἐπ’
1298 455 1522 515 ἀδυναμίᾳ

131 613 170 647 in
191 611 286 647 Mon.
308 610 350 644 B.
381 610 482 646 vind.
507 610 552 645 Ε.
575 608 801 644 editionibus-

133 670 202 704 que
236 661 316 692 ante
350 656 442 690 Astii
478 668 547 690 sec.
578 656 666 690 male
698 656 802 689 omis-

134 716 208 739 sum
237 708 273 737 et
304 703 378 737 sine
419 702 634 736 distinctione
666 702 703 736 τί
733 701 801 735 οὐν

135 748 182 784 ου’
209 754 275 785 etc.
306 749 470 804 scriptum
503 753 567 783 est.
625 748 694 783 Pro
731 747 801 782 οὐν

135 797 221 831 Ven.
246 797 287 830 B.
313 793 352 830 δὲ
380 796 495 829 habet.

179 840 350 900 ταύτην]
378 854 441 875 om.
468 841 561 875 Mon.
588 840 630 874 C.

179 886 249 932 ‘H]
263 886 413 922 uHAld.
429 883 584 922 'HBas.
598 898 630 920 a.
654 881 801 930 ⁷‘1'Vind.

134 935 181 972 E.
205 936 284 969 Bas.
310 935 344 969 b.

181 983 243 1026 γε]
270 977 300 1024 ’γ’
327 981 408 1014 Bas.
432 979 467 1014 b.

180 1024 434 1084 μεταστροφὴ]
452 1020 666 1068 μετατροφὴ
678 1024 757 1056 Bas.
770 1034 801 1056 a.

181 1070 392 1116 ἐπάνοδος]
421 1072 498 1105 Ald.
530 1071 609 1105 Bas.
635 1071 690 1103 ab.
714 1080 802 1113 pun-

137 1121 252 1161 ctum,
276 1119 471 1163 Stephanus
495 1117 612 1159 colon,
632 1115 801 1149 recentio-

137 1177 194 1200 res
217 1176 346 1222 cpmrna
370 1164 550 1197 addunt..

185 1208 241 1246 ἐπ’
263 1208 477 1256 αδυναμίᾳ]
512 1207 802 1261 Praepositionem

137 1258 240 1294 Vind.
261 1257 302 1291 F.
328 1258 415 1301 Ang.
436 1245 478 1289 ’Β.
503 1255 599 1288 Flor.
624 1255 668 1287 R.
702 1253 802 1287 omit-

137 1307 238 1346 tunt,
276 1308 313 1337 et
345 1269 432 1337 Ὺὲιι
457 1302 499 1334 Β.
532 1312 594 1345 pro
629 1312 671 1333 ea
705 1297 802 1333 ἔστιν

135 1350 253 1385 habet.
300 1349 369 1382 Pro
395 1345 618 1402 ᾅδυναμία’
610 1358 645 1379 ιιι
662 1346 748 1390 Ang.
763 1346 801 1379 B.

135 1393 375 1439 ἀδυναμίαν,
399 1394 435 1428 in
460 1394 546 1428 Ven.
569 1381 610 1428 ¹13.
635 1404 656 1426 3
679 1404 723 1426 ιιι.
748 1403 801 1436 pr.

136 1442 301 1486 δυναμία
332 1440 497 1496 scriptum
529 1443 594 1474 est.
636 1434 692 1472 ἐπ’
710 1435 801 1492 pidv-

135 1489 258 1577 3555,
281 1485 803 1568 pm?v113¹31028305513e33

137 1581 227 1616 actio
258 1592 335 1615 cum
367 1579 602 1613 imbecillitate
625 1578 803 1612 coniuncta

137 1632 176 1662 et
199 1627 323 1661 robore
356 1625 524 1659 destituta
547 1625 680 1658 infirmo
704 1623 802 1670 quasi

137 1673 355 1708 fundamento
386 1671 504 1705 nititur
534 1674 569 1705 et
592 1671 720 1704 effectu
744 1682 804 1704 ca-

137 1724 206 1754 ret.
240 1719 346 1753 Certe
367 1730 434 1752 non
456 1717 561 1750 multo
586 1717 686 1751 aliter
701 1728 804 1762 prae-

137 1765 309 1847 pgsilgpge
331 1766 485 1845 gsuglest
506 1763 690 1844 Eugipides
712 1763 804 1797 Tro-

138 1823 158 1846 a
362 1822 392 1844 ei
470 1821 531 1844 επι
584 1819 716 1865 ακρυσι
739 1807 804 1843 καὶ

137 1855 260 1903 γόοισι
281 1853 350 1892 τὸν
376 1854 551 1891 θανόντα
568 1853 712 1910 πατέρα
730 1867 801 1889 πα-

138 1916 182 1948 τρ
186 1904 249 1938 ίδα
289 1914 329 1937 τε
381 1902 496 1947 φίλαν
539 1898 803 1936 καταστένουσ’

140 1916 242 2006 ἔχεις.
267 1952 302 1983 et
324 1949 451 1984 Phoen.
478 1949 577 1984 1571.
602 1949 700 1983 Pors.
733 1945 804 1982 οὖν.

140 1993 197 2031 ἐπ’
223 1993 404 2031 ὀνείδεσιν
435 1992 515 2030 ουδ’
545 1992 801 2039 ἐπιχαρμασιν,

142 2039 220 2078 ἀλλ’
257 2039 429 2076 ὀδυναισι
456 2039 561 2086 λέγω.
592 2052 678 2087 quos
709 2041 803 2074 locos

133 2087 341 2123 Erfurdtius
378 2088 421 2122 ad
461 2088 568 2133 Soph.
609 2088 689 2121 Ant.
722 2087 802 2122 755.

141 2134 305 2169 adhibens
339 2135 466 2176 verba,
494 2146 588 2190 quae
612 2134 658 2167 ibi
683 2134 802 2190 legun-

139 2183 222 2223 tur,
246 2180 404 2214 Creontis
427 2160 504 2214 ἀλλ’
527 2176 595 2221 ου’,
618 2177 722 2214 τόνδ’
734 2175 804 2213 ''0-

140 2228 296 2270 λυμπον,
322 2223 398 2260 ἴσθ’
417 2222 477 2261 ὅτι
480 2226 633 2282 χαίρων
652 2223 713 2260 ἐπὶ
731 2222 803 2270 ψό-

139 2283 238 2317 γοισι
255 2269 444 2312 δεννασεις
472 2269 534 2316 ε’μέ
566 2272 684 2307 eodem
706 2272 805 2305 modo

141 2319 349 2354 intellexisse
382 2319 546 2360 videtur,
591 2330 657 2364 quo
692 2319 804 2352 Bern-

141 2365 277 2410 hardy,
302 2365 361 2410 qui
383 2377 426 2398 ea
458 2368 546 2408 synt.
572 2376 606 2409 p.
630 2365 712 2399 250.
735 2376 804 2398 una

142 2423 220 2445 cum
256 2411 308 2444 his
350 2410 474 2444 nostris
516 2410 608 2444 inter
648 2411 804 2456 exempla

141 2456 404 2512 praepositionis
459 2453 520 2490 ἐπι
567 2469 642 2491 cum
689 2457 803 2491 dativo

143 2504 411 2538 coniunctionem
431 2502 654 2547 significantis
677 2503 804 2538 retulit.

143 2549 272 2583 Similis
303 2549 381 2582 huic
414 2551 467 2582 est
506 2550 594 2583 alter
626 2549 805 2604 Sophoclis

141 2596 238 2629 Iocus
261 2595 316 2628 El.
343 2596 432 2629 108.
458 2591 519 2629 ἐπὶ
542 2596 691 2642 κωκυτῷ
710 2596 802 2630 τῶν·

143 2641 184 2676 δε
229 2638 413 2687 πατρῴων
443 2638 516 2685 πρὸ
554 2630 686 2685 θυρῶν
722 2639 800 2686 η’χώ

141 2687 236 2721 πᾶσι
261 2689 488 2743 προφωνεῖν,
514 2699 580 2732 quo
604 2689 804 2722 Erfurdtius

139 2732 222 2766 item
251 2731 327 2777 ηχώ
359 2730 419 2767 ἐπι
441 2734 594 2780 κωκυτῷ
633 2746 696 2780 per
725 2731 801 2779 η’χώ

140 2777 372 2824 θρηνητικὴν
396 2768 652 2834 interpretatur.
676 2782 805 2816 Verum

141 2826 328 2871 Sophocles
361 2825 472 2872 magis
502 2826 641 2875 proprie
672 2830 709 2862 et
740 2839 803 2862 suo

857 619 950 642 more
972 607 1104 641 locutus
1127 607 1245 648 fuerit,
1269 607 1298 642 si
1322 607 1524 641 dictionibus

859 652 919 688 ἐπὶ
951 651 1104 697 ψόγοισι
1137 657 1172 687 et
1205 651 1266 688 ἐπὶ
1289 654 1440 699 κωκυτῷ
1466 666 1523 688 re-

856 701 1092 745 prehendendi
1146 712 1266 734 caussa
1324 705 1359 733 et
1413 703 1524 734 luctus

855 747 1072 791 provocandi
1106 758 1228 780 caussa
1264 745 1524 789 significaverit,

859 792 1134 838 quemadmodum
1153 793 1367 826 Hermanuus
1388 792 1522 827 statuit.

858 839 983 883 Neque
1030 838 1227 872 Platonicae
1288 838 1524 871 consuetudini

859 885 950 919 aliud
976 884 1248 925 convenientius,
1274 896 1374 928 quarn
1400 885 1523 918 dictio-

858 943 902 964 ne
926 927 981 964 ἐπ’
1001 927 1187 976 αδυναμίᾳ
1210 937 1354 974 propter
1373 932 1523 964 imbecil-

858 979 995 1012 litatem
1016 976 1244 1021 significatum
1261 980 1424 1010 statuere.
1449 977 1523 1010 Ita-

859 1036 926 1067 que
950 1024 1144 1068 Stephanus
1180 1023 1215 1056 in
1239 1035 1345 1066 marg.
1367 1021 1416 1066 μὴ
1443 1026 1523 1056 ante

859 1068 1008 1115 βλέπειν
1041 1069 1209 1103 excidisse
1251 1069 1454 1103 coniiciebat
1488 1072 1525 1102 et

859 1119 974 1150 annot.
998 1127 1031 1160 p.
1055 1116 1112 1150 25.
1175 1115 1255 1149 Non
1288 1116 1425 1149 dubium
1455 1118 1522 1156 est,

856 1162 990 1207 inquit,
1037 1162 1118 1206 quin
1152 1162 1358 1206 depravatus
1392 1162 1436 1195 sit
1468 1162 1524 1195 hic

857 1210 972 1242 loeus:
1024 1220 1123 1252 quem
1155 1208 1256 1241 etiam
1292 1209 1327 1242 in
1360 1207 1403 1241 iis
1435 1219 1523 1253 quae

857 1253 1002 1298 margini
1018 1254 1196 1299 adscripsi,
1220 1255 1332 1299 aliqua
1354 1266 1395 1287 ex
1421 1259 1524 1299 parte

856 1301 1038 1334 restituere
1071 1304 1211 1334 conatus
1253 1312 1336 1334 sum.
1396 1301 1524 1334 Postea

858 1350 970 1381 autem
994 1347 1080 1380 hanc
1110 1347 1180 1380 eius
1205 1347 1448 1391 expositionem
1470 1347 1525 1380 in-

857 1393 956 1434 veni,
991 1393 1040 1426 Et
1072 1393 1140 1427 illic
1176 1393 1309 1438 quidem
1351 1393 1455 1427 visus‘
1480 1392 1524 1426 ad

859 1440 1039 1482 animalia,
1065 1443 1101 1473 et
1126 1439 1279 1484 plantas,
1304 1443 1339 1473 et
1362 1440 1444 1473 solis
1469 1439 1523 1472 lu-

857 1498 953 1520 men:
997 1486 1032 1520 in
1065 1485 1201 1520 videndi
1231 1497 1314 1519 vero
1349 1485 1526 1520 debilitate

859 1533 903 1567 ad
927 1536 1065 1578 spectra
1087 1532 1121 1566 in
1147 1532 1265 1578 aquis:
1292 1532 1390 1576 eique
1416 1543 1521 1576 expo-

858 1579 969 1638 sition’i
994 1579 1205 1613 subiunctam
1228 1579 1316 1612 hanc
1335 1579 1524 1618 lectionem,

858 1625 922 1660 και
943 1622 1017 1659 ἐκεῖ
1041 1622 1107 1668 μὲν
1137 1621 1226 1669 ὄψις
1254 1621 1350 1668 πρὸς
1376 1623 1423 1658 τὰ
1447 1622 1525 1666 ζῶοὶ

845 1677 899 1706 ’τε
920 1683 983 1705 και
1007 1669 1131 1727 φυτὰ,
1157 1684 1221 1705 και
1250 1669 1293 1705 τό
1322 1671 1391 1705 τοῦ
1416 1668 1524 1726 ἡλίου

860 1718 962 1762 φῶς·
997 1715 1051 1751 ἐπ’
1075 1697 1270 1771 α’δυναμία
1286 1716 1325 1751 δὲ
1352 1717 1421 1752 τοῦ
1443 1715 1525 1772 βλέ-

858 1776 963 1807 πειν,
988 1762 1083 1808 πρὸς
1110 1762 1156 1798 τὰ
1189 1762 1228 1798 ἐν
1244 1753 1364 1798 ὕδασι
1380 1761 1524 1820 φαντά-

860 1821 992 1854 σματα.
1051 1811 1129 1855 Ego
1163 1816 1279 1844 autem
1317 1811 1433 1854 legens
1472 1808 1522 1855 μὴ

860 1855 1031 1902 βλέπειν,
1068 1857 1247 1912 iungebam
1282 1868 1357 1890 οιιιιι
1382 1869 1526 1911 praece-

859 1904 1018 1937 dentibus
1041 1929 1051 1944 ‚
1083 1900 1191 1960 πρὸς
1205 1900 1270 1946 μὲν
1298 1901 1345 1937 τὰ
1376 1900 1456 1944 ζῶοἱ
1485 1914 1525 1937 τε

858 1962 921 1984 και
942 1947 1045 1993 φυτὰ
1065 1949 1128 1984 καὶ
1147 1962 1190 1983 το
1209 1949 1276 1983 τοῦ
1295 1945 1404 1993 ἡλίου
1427 1962 1525 1993 φως,

857 1999 1018 2049 tanquam
1064 1993 1103 2029 ἐν
1134 1992 1323 2042 ἀδυναμίᾳ
1370 2007 1524 2030 seorsum

859 2042 1006 2088 positum
1029 2046 1157 2076 essetf
1135 2045 1157 2061 “
1181 2031 1324 2084 Eadem,
1350 2054 1418 2087 qua
1442 2043 1524 2076 Ste-

857 2089 990 2133 phanus
1013 2094 1049 2122 et
1086 2088 1271 2122 cornarius
1303 2089 1409 2132 (nam
1435 2088 1525 2122 Cor-

859 2135 945 2168 narii
977 2138 1030 2168 est
1060 2134 1243 2188 expositio
1262 2134 1321 2168 illa
1353 2138 1389 2168 et
1410 2135 1524 2176 lectio,

859 2192 959 2226 quam
982 2184 1105 2225 postea
1132 2180 1303 2214 invenisse
1327 2181 1524 2234 Stephanus

860 2227 928 2270 ait)
952 2226 994 2260 de
1018 2226 1281 2272 praepositionis
1312 2227 1345 2261 vi
1369 2227 1525 2271 opinione
1547 2263 1549 2265 ,

861 2273 982 2306 ductus
993 2273 1284 2318 Morgensternius
1299 2274 1408 2317 symb.
1423 2273 1523 2308 1815.

859 2331 894 2374 p.
922 2320 977 2354 14.
999 2331 1073 2364 sqq.
1099 2323 1265 2353 commate
1287 2323 1367 2353 ante
1390 2317 1433 2354 τό
1455 2319 1524 2354 τοῦ

858 2363 968 2409 ἡλίου
997 2366 1079 2409 φῶς
1103 2365 1215 2411 posito
1239 2366 1324 2399 haec
1346 2365 1422 2421 ipsa
1444 2377 1525 2400 ver-

858 2413 905 2446 ba
927 2424 993 2445 non
1017 2423 1038 2445 a
1066 2412 1297 2468 praecedente
1320 2409 1437 2456 πρός,
1461 2412 1523 2446 sed

860 2470 881 2491 3
904 2458 1124 2503 sequentibus
1149 2455 1204 2492 ἐπ’
1227 2455 1415 2505 ἀδυναμία
1442 2455 1524 2504 βλέ·

859 2515 943 2538 πειν
979 2504 1054 2548 regi
1087 2507 1241 2538 autumat
1264 2507 1300 2538 et
1324 2504 1391 2538 alia
1416 2516 1524 2549 quae—

859 2551 936 2584 dam
969 2562 1089 2595 parum
1126 2550 1317 2604 probabilia
1350 2551 1523 2595 proponit,

859 2609 948 2642 quae
985 2596 1096 2630 omnia
1137 2596 1297 2642 probavit
1326 2596 1445 2631 Astius
1488 2597 1524 2631 in

859 2646 939 2677 tert.
964 2642 1140 2676 Platonem
1163 2646 1213 2676 sic
1220 2642 1426 2699 scripsisse
1440 2654 1524 2677 con-

858 2688 995 2723 iiciens:
1019 2688 1083 2723 καὶ
1103 2686 1177 2722 ἐκεῖ
1191 2687 1258 2732 μὲν
1275 2686 1373 2732 πρὸς
1385 2701 1433 2722 τα
1445 2686 1523 2730 ζῶοὶ

859 2747 899 2769 τε
924 2734 987 2769 καὶ
1009 2747 1114 2791 φυτα
1141 2734 1228 2778 καὶ,
1264 2733 1307 2769 τὸ
1328 2735 1398 2768 τοῦ
1415 2731 1524 2779 ἡλίου

860 2782 951 2838 φῶς
962 2778 1017 2815 ἐπ’
1041 2761 1232 2829 οέδυναμία
1252 2779 1412 2836 βλέπειν,
1425 2780 1524 2825 πρὸς

859 2826 907 2863 τὰ
934 2825 974 2864 ἐν
1003 2823 1117 2863 ν’δασι
1152 2825 1434 2872 φαντάσματα,
1464 2824 1523 2862 ἐν·
