1807 3219
428 115 770 159 CIVITAS
809 112 932 156 LIB.
964 111 1037 155 Vl.
1068 118 1137 152 490

1391 120 1473 162 163

80 233 206 281 θεια,
236 223 396 284 μνήμη.
424 228 500 273 καὶ
529 231 614 273 σοῦ
642 226 986 284 ἐπιλαβομένου,
1017 224 1083 269 ὅτι
1110 228 1197 277 πᾶς
1224 226 1306 283 μὲν
1335 225 1470 286 ἀναγ-

79 293 347 353 κασθήσεται
375 295 608 354 ὁμολογεῖν
650 293 717 348 οἷς
748 296 959 352 λέγομεν,
999 292 1134 345 ἐάσας
1169 293 1216 338 δὲ
1253 294 1358 348 τούς
1395 297 1470 341 λό-

78 381 211 422 γους,
251 366 311 416 εἰς
348 363 513 417 αὐτοὺς
552 364 832 422 ἀποβλέψας,
881 363 982 420 περὶ
1011 357 1073 408 ὧν
1100 361 1125 406 ὁ
1164 361 1318 419 λόγος,
1360 367 1472 424 φαίη

80 432 193 492 ὀρᾷν
223 431 372 478 αὐτῶν
405 432 512 485 τούς
541 434 622 490 μὲν
652 431 918 490 ἀχρήστους,
955 431 1062 484 τούς
1091 431 1138 475 δὲ
1167 431 1363 485 πολλοὺς
1390 451 1472 478 κα-

78 502 187 554 κοὺς
214 506 364 547 πᾶσαν
391 503 574 556 κακίαν,
613 506 690 560 τῆς
718 502 804 560 ἤδη
836 504 1044 559 διαβολῆς
1075 499 1157 557 τήν
1200 501 1346 544 αἰτίαν
1376 501 1471 545 ἐπι»

79 575 346 624 σκοποῦντες
373 570 445 615 ἐπὶ
472 571 615 632 τούτῳ
644 575 730 616 νῦν
758 570 1023 628 γεγόναμεν,
1052 570 1096 613 τί
1123 567 1234 613 ποθ’
1254 569 1298 612 οἱ
1319 571 1472 614 πολλοὶ

78 640 230 693 κακοὶ,
257 639 332 685 καὶ
358 640 524 684 τούτου
554 641 608 698 δή
638 640 766 685 ἕνεκα
794 639 928 684 πάλιν
956 637 1255 695 ἀνειλήφαμεν
1277 637 1358 695 τήν
1383 642 1472 682 τῶν

79 810 158 845 dum
180 813 343 865 putaret,
375 811 473 857 quasi
497 811 652 858 singulae
674 812 747 846 vir-

77 860 171 891 tutes
202 857 237 892 in
271 858 410 892 chorum
444 859 543 902 cogi,
582 871 649 892 non
685 870 746 892 au-

76 903 210 937 dientes
235 904 278 938 ad
302 905 553 938 assentiendum
577 905 669 950 adigi
693 906 747 938 di-

76 954 249 985 cerentur.
299 947 616 1006 ἀναλαμβάνοντα
664 963 746 985 vero

74 995 166 1030 baud
189 995 292 1030 dubie
311 1008 355 1030 ex
373 994 636 1041 ἀνειλήφαμεν,
656 998 747 1043 quod

74 1043 165 1076 infra
198 1042 244 1077 D.
271 1043 417 1098 legi’tur,
451 1045 580 1078 factum
617 1050 670 1078 est
704 1045 746 1079 ab

76 1089 212 1134 aliquo,
237 1089 295 1134 qui
321 1086 579 1157 ἀναγκάζοντα
603 1102 669 1125 ιιοιι
691 1091 745 1125 in-

76 1135 259 1178 telligeret.

122 1179 289 1226 ταττειν]
314 1180 451 1215 τίκτειν
474 1182 560 1218 Lob.
586 1183 684 1217 Vind.
705 1183 743 1218 Β.

75 1225 157 1262 Vat.
182 1228 231 1262 M.
304 1264 309 1265 ε

121 1275 218 1329 που]
245 1268 309 1308 om.
333 1273 434 1308 iidem
459 1277 494 1308 et
517 1275 598 1309 Vat.
623 1275 663 1308 B.

121 1317 295 1376 τούτοις]
319 1318 480 1360 τούτους
505 1321 581 1357 Ald
604 1321 685 1356 Bas.
711 1332 741 1355 a.

124 1363 284 1410 ἀνδρία]
327 1363 481 1409 ἀνδρεία
522 1367 608 1401 Lob.
642 1367 744 1401 Vind.

75 1412 149 1446 BF.
173 1412 268 1448 Flor.
293 1413 468 1447 ACRTV.
495 1413 616 1447 Stallb.
659 1414 746 1448 Pro-

76 1459 157 1493 bum
192 1470 269 1492 esse
307 1455 464 1502 ἀνδρεία
486 1459 590 1493 etiam
612 1460 745 1494 Aristo-

75 1504 199 1561 phanis
243 1505 339 1539 locus
380 1506 481 1539 docet
522 1505 614 1539 Nub.
656 1507 742 1541 506:

78 1547 159 1585 ἀλλ’
191 1550 252 1585 ἴθι
287 1551 427 1606 χαίρων
460 1551 529 1596 τῆς
571 1549 745 1596 ἀνδρείας

76 1593 217 1632 ου’νεκα
235 1595 385 1642 ταύτης.
432 1597 509 1632 Hoc
531 1603 645 1633 tamen
671 1599 744 1633 loco

76 1643 347 1677 Vindobonensis
387 1643 431 1678 E.
479 1656 555 1678 cum
599 1645 743 1688 vulgata

76 1700 262 1723 consensus
293 1689 422 1734 magis,
460 1701 562 1744 quam
594 1691 743 1725 Bekkeri

77 1735 246 1770 silentium
266 1737 310 1770 ab
335 1747 376 1771 eo
400 1736 596 1782 recipiendo
613 1749 665 1771 me
682 1738 742 1771 de-

76 1781 211 1816 terruit.

124 1824 333 1872 εὐμάθεια]

78 1873 174 1908 Flor.
198 1873 277 1907 ΒΤ.

124 1916 271 1964 μνήμη]
297 1931 362 1953 om·
387 1919 538 1964 Ang·B·

123 1966 217 2022 σοῦ]
243 1965 312 1999 τοῦ
336 1965 436 2001 Vind.
461 1966 505 2000 E.

78 2009 745 2104 a.2⁰⁶⁶ff⁹vifd²ss”3‚.².23?q2{]„2‘35.⁰5‡

77 2105 210 2139 omissis
231 2103 304 2138 Fic.

124 2149 242 2205 φαίη]
270 2150 326 2184 cf.
346 2149 390 2184 ad
413 2150 455 2185 L.
480 2150 521 2184 V.
549 2162 585 2196 p.
603 2150 682 2186 466.
700 2153 743 2185 A.

77 2207 244 2276 vssffl’iz.
245 2195 348 2276 ‘⁴222
357 2193 743 2288 Ηῗιεέιοῖᾝοῗῗραῗζ

77 2289 142 2324 tim
165 2287 270 2343 Fic.)

123 2331 217 2373 τοὺς
235 2330 276 2368 δε
303 2331 488 2378 πολλοὺς]
514 2334 645 2379 partim
667 2334 742 2369 Fic.

77 2383 118 2415 ut
139 2377 304 2419 πολλοὺς
327 2391 394 2413 ιιοιι
424 2380 550 2424 legisse
572 2380 740 2414 videatur.

123 2422 199 2470 ἤδη
210 2427 224 2470 ]
264 2438 331 2460 om.
360 2426 439 2460 Par.
463 2427 504 2460 Α.
538 2425 639 2462 Vind.
664 2427 742 2462 EF.

79 2474 169 2517 Ang.
193 2472 235 2506 Β.
268 2473 350 2508 vat.
373 2472 420 2506 H.
450 2471 544 2507 Flor.
570 2473 740 2508 ACRTV.

77 2530 162 2553 sane
193 2517 268 2552 Fic.
316 2518 513 2562 Stephanus
544 2518 579 2552 in
611 2530 655 2552 m.
680 2530 742 2564 pro

54 2568 66 2573 ‘
75 2560 239 2645 ἷῗιξιιῇἒὲ
256 2563 388 2655 inelpff
375 2530 745 2664 piddv‘yffmqffpgiatsfaffi

77 2656 194 2702 potius
216 2656 330 2700 τῆσδε
345 2655 434 2701 τῆς,
459 2656 550 2702 quod
573 2657 719 2691 Astius·
709 2669 743 2692 m

77 2706 160 2737 tert.
208 2703 455 2737 commendavit
475 2728 486 2745 ,
531 2703 743 2740 scribendum

79 2759 156 2783 esse
188 2749 351 2791 coniecit,
397 2759 541 2794 quorum
586 2753 743 2784 neutrum

80 2794 214 2830 codices
230 2794 502 2841 comprobarunt.
526 2795 651 2842 Neque
659 2807 742 2830 vero

380 1824 549 1871 εὖμαθία
579 1828 666 1874 Ang.
702 1829 741 1863 B.

803 810 970 845 eiicienda
1002 810 1185 845 secundum
1219 811 1379 856 optimum
1413 824 1471 846 co-

802 858 911 892 dicem
946 858 1136 904 particula,
1184 859 1248 892 sed
1278 870 1396 892 errore
1425 859 1472 894 si-

802 904 872 939 mili
895 904 946 946 ei,
980 916 1046 949 quo
1072 904 1186 949 paullo
1220 908 1300 938 ante
1323 917 1409 949 μεν,
1434 906 1469 940 in

804 963 844 984 eo
869 951 1008 995 eiusque
1043 950 1182 984 asseclis
1207 950 1350 993 omissa,
1376 957 1470 985 cete-

802 1008 875 1031 rum
900 1008 975 1030 cum
988 996 1240 1030 Stallbaumio
1230 1008 1264 1030 ln
1285 1009 1353 1031 sec.
1371 998 1469 1042 paul-

803 1043 906 1076 lulum
942 1043 1089 1076 traiecta
1133 1043 1315 1077 statuenda
1359 1047 1395 1076 et
1426 1044 1469 1077 ad

804 1086 1110 1132 ἐπισκοποῦντες,
1155 1083 1222 1122 non
1252 1101 1327 1122 cum
1360 1090 1470 1124 Bern-

801 1135 932 1178 hardyo
958 1139 1047 1179 synt.
1067 1147 1099 1180 p.
1117 1136 1197 1170 323.
1223 1135 1265 1169 ad
1290 1135 1472 1181 διαβολῆς

800 1182 982 1215 referenda
1014 1181 1158 1215 videtur.
1214 1182 1283 1217 Pro
1316 1182 1470 1227 interpo—

800 1227 872 1261 lata
896 1227 982 1261 enim
1016 1228 1059 1261 ob
1095 1227 1203 1271 ipsam
1238 1228 1470 1262 collocationis

799 1273 1012 1307 insolentiam
1039 1274 1158 1307 haberi
1176 1275 1305 1319 nequit,
1330 1275 1372 1308 ad
1390 1275 1470 1308 δια-

800 1319 914 1365 βολῆς
937 1325 1050 1353 autem
1073 1320 1182 1353 relata
1201 1320 1470 1354 criminationem

803 1377 845 1399 ex
881 1377 920 1399 eo
953 1366 1107 1407 demum,
1156 1367 1246 1410 quod
1284 1366 1350 1400 iste
1383 1367 1469 1401 alios

802 1411 1109 1465 philosophantium
1143 1412 1303 1455 inutiles,
1339 1413 1470 1457 pleros-

801 1470 870 1503 que
893 1469 975 1491 vero
1007 1458 1174 1502 pessimos
1209 1459 1370 1500 dixisset,
1407 1471 1470 1493 na-

801 1508 873 1538 tam
913 1504 1143 1560 significaret3
1191 1504 1282 1538 aliud
1325 1505 1412 1539 enim
1443 1502 1467 1549 ἡ

800 1546 874 1594 ἤδη
911 1548 1068 1595 διαβολὴ
1109 1550 1190 1584 nihil
1223 1563 1300 1585 esse
1342 1556 1470 1596 potest,

800 1597 868 1631 nisi
903 1608 992 1642 quae
1036 1597 1103 1630 iam
1145 1597 1282 1630 exstitit
1324 1602 1360 1630 et
1393 1609 1470 1631 esse

801 1643 933 1687 coepit,
960 1654 1060 1685 quum
1085 1645 1187 1676 antea
1210 1643 1301 1677 nulla
1325 1644 1471 1687 fuisset3

799 1688 834 1722 id
857 1700 959 1730 vero,
991 1689 1081 1734 quod
1113 1689 1180 1722 iste
1204 1689 1360 1732 dixerat,
1394 1693 1470 1723 tan-

801 1739 875 1769 tum
899 1736 1019 1775 abest,
1050 1739 1090 1768 ut
1117 1735 1329 1770 occasionem
1356 1736 1472 1770 crimi-

801 1781 932 1815 nandae
975 1780 1204 1825 philosophiae
1237 1781 1391 1824 dederit,
1432 1785 1472 1816 ut

800 1827 912 1872 ipsum
936 1827 1200 1861 criminationem
1223 1827 1291 1862 iam
1316 1827 1471 1872 divulga-

801 1878 872 1907 tam
914 1873 1141 1915 continuerit‚
1190 1875 1471 1919 quemadmodum

803 1920 969 1953 Socrates
1004 1931 1083 1976 pag.
1108 1899 1190 1954 4⁹89.
1217 1920 1257 1965 C.
1294 1920 1468 1962 ostendit3

802 1972 920 1999 contra
954 1976 1029 1999 cum
1064 1962 1355 2005 ἐπισκοποῦντες
1389 1977 1471 2000 con-

802 2014 935 2045 structa
957 2023 1091 2045 sensum
1116 2011 1280 2056 optimum
1304 2012 1470 2058 praebet:

801 2070 903 2103 quum
923 2064 962 2093 tu
980 2059 1069 2092 illud
1088 2059 1286 2100 obiecisses,
1309 2071 1372 2093 nos
1387 2059 1472 2101 iam,

802 2105 892 2148 quod
916 2105 1112 2149 proximum
1134 2105 1343 2147 faciendum
1371 2106 1472 2138 vide-

800 2151 923 2192 batur,
960 2152 1008 2184 ad
1035 2150 1320 2196 investigandam
1355 2151 1472 2185 crimi-

798 2197 954 2230 nationis
1002 2209 1158 2230 caussam
1195 2197 1350 2231 conversi
1380 2209 1471 2231 rmnc

800 2243 848 2276 ad
875 2244 965 2276 hanc
990 2244 1207 2287 pervenimus
1225 2243 1470 2296 quaestionem.

797 2288 853 2322 Ad
875 2288 1052 2332 positurae
1082 2288 1252 2324 licentiam
1284 2288 1392 2323 simile
1416 2292 1471 2323 est

800 2335 1027 2389 Sophocleum
1052 2334 1139 2368 Oed.
1162 2336 1248 2389 Tyr.
1267 2335 1377 2370 1245:
1403 2346 1466 2368 κοι-

799 2381 855 2414 λεῖ
868 2377 937 2414 τὸν
956 2376 1030 2424 ἤδη
1045 2378 1167 2415 Λάὶον
1185 2378 1303 2414 πάλαι
1323 2378 1472 2425 νεκρόν.

847 2426 1048 2471 διαβολῆς]
1082 2426 1294 2472 μεταβολῆς
1317 2427 1404 2472 Aug.
1427 2427 1470 2461 Β.

800 2472 894 2507 Flor.
921 2473 966 2506 T.

846 2516 1157 2562 ἐπισκοποῦντες]
1202 2513 1468 2552 ἀποσκοποῦν-

798 2575 858 2604 τες
883 2565 973 2598 Mon.
998 2566 1038 2599 Β.
1064 2565 1158 2598 Flor.
1183 2564 1229 2597 U.

848 2607 910 2644 ε’πι
917 2607 1064 2665 τούτῳ]
1087 2607 1293 2644 ἐπιτούτων
1313 2609 1417 2644 Vind.
1426 2609 1470 2643 Ε.

801 2653 864 2691 ἐπι
883 2654 1026 2691 τόντων
1048 2659 1138 2702 Ang-
1161 2658 1203 2691 Β.
1238 2652 1301 2691 ἐπὶ
1320 2653 1470 2690 τούτων

800 2703 899 2737 Vind.
923 2703 968 2738 F.

844 2748 976 2783 πολλοὶ
1015 2747 1147 2793 κακοὶ]
1189 2747 1299 2783 καλοὶ
1337 2745 1471 2782 πολλοὶ

799 2795 880 2831 Bas.
905 2796 939 2829 b.

1201 2850 1234 2891 L
1254 2855 1278 2887 2
