1807 3219
417 182 761 227 CIVITAS
799 181 923 227 LIB.
953 180 1009 229 V,
1037 181 1106 221 457

82 294 188 350 ἔφη,
220 293 397 352 ἐρωτᾷς.

1415 181 1473 222 33

458 293 718 349 Μανθάνω,
752 295 877 352 ἔφην.
911 294 954 338 τί
983 291 1053 343 δὲ;
1082 294 1172 336 τῶν
1204 290 1349 336 ἄλλων
1384 307 1467 336 πο·-

80 365 214 407 λιτῶν
245 362 326 424 οὐχ
357 358 481 407 οὗτοι
511 361 702 420 ἄριστοι,
733 362 858 407 Πολύ
885 379 947 420 γε.
999 363 1053 405 Τί
1079 361 1146 412 625,-
1187 362 1234 405 αῖ
1263 364 1468 417 γυναῖκες
1496 371 1532 414 Ε

80 437 172 476 τῶν
200 436 425 488 γυναικῶν
456 430 537 489 οὐχ
566 427 698 477 αὗται
728 431 903 474 ἔσονται
932 431 1167 488 βέλτισται;
1207 430 1297 473 Καὶ
1326 432 1470 481 τοῦτο,

82 500 166 558 ἔφη
186 534 198 553 ,
237 499 364 545 πολύ.

413 499 536 545 ’Ἐστι
568 499 615 545 δέ
644 517 686 544 τι
713 498 839 544 πόλει
868 497 1050 555 ἄμεινον
1073 531 1084 551 ,
1124 497 1154 556 ἦ
1183 496 1396 555 γυναῖκάς
1424 513 1470 541 τε

80 571 156 614 καὶ
186 569 352 624 ἄνδρας
386 568 444 621 ὥς
474 569 682 625 ἀρίστους
711 568 1011 625 ἐγγίγνεσθαις
1044 566 1138 612 Οὐκ
1167 567 1271 611 ἔστι.
1327 569 1470 610 Τοῦτο

82 638 129 682 δὲ
158 637 348 696 μουσική
377 655 422 682 τε
451 640 524 682 καὶ
544 636 815 695 γυμναστικὴ
840 636 1238 694 παραγιγνόμεναι,
1269 635 1330 686 ὥς
1347 633 1471 692 ἡμεῖς

80 707 340 763 διήλθομεν,
371 705 715 763 ἀπεργάσονται,·
760 709 866 757 Πῶς
896 704 940 749 δ’
973 704 1050 756 οὕς

80 774 296 827 δυνατὸν,
359 774 469 819 ἀλλά
510 775 582 819 καὶ
625 774 808 829 ἄριστον
849 773 974 819 πόλει
1018 771 1208 829 νόμιμον
1256 772 1468 828 ἐτίθεμεν.

83 844 246 896 Οὕτως.
284 841 551 887 ’Λποδυτὲον
581 842 635 900 δή
655 849 748 894 ταῖς
767 847 856 887 τῶν
881 841 1095 900 φυλάκων
1115 841 1332 897 γυναιξὶν,
1355 841 1468 885 ἐπεί--

78 928 158 968 περ
187 911 347 969 ἀρετὴν
378 910 476 955 ἀντὶ
511 913 693 968 ἱματίων
727 910 1039 968 ἀμφιέσονται,
1075 910 1151 954 καὶ
1178 909 1469 966 κοινωνητέον
1503 935 1507 942 f

79 980 273 1037 πολέμου
302 997 346 1024 τε
377 980 452 1023 καὶ
481 984 556 1037 τῆς
587 978 721 1038 ἄλλης
747 983 948 1037 φυλακῆς
984 982 1060 1035 τῆς
1091 978 1189 1034 περὶ
1213 978 1294 1035 τὴν
1326 976 1469 1031 πόλιν,

79 1050 153 1094 καὶ
174 1047 256 1094 οὐκ
285 1047 396 1093 ἄλλα
419 1049 661 1103 πρακτέον·
690 1049 859 1095 τούτων
881 1046 923 1094 δ’
947 1045 1098 1092 αὐτῶν
1118 1045 1171 1091 τοὶ
1194 1046 1469 1104 ἐλαφρότερα

76 1200 192 1243 θεμεν
205 1212 216 1241 ‚-
236 1198 414 1234 Bekkems
431 1203 466 1233 et
478 1198 743 1243 Stallbaumius3

77 1247 131 1326 gui
152 1246 286 1280 initium
302 1245 458 1280 dictionis
478 1257 671 1292 repugnare
691 1247 743 1281 vi-

102 1298 189 1326 etur.

125 1335 401 1373 Ἀποδντέον-
421 1336 582 1382 αἰσχρόν.
603 1339 658 1382 B.]
680 1351 742 1373 ex-

78 1385 208 1430 cerpsit
236 1385 405 1419 Stobaeus
448 1396 548 1419 serm.
574 1385 740 1420 XXXXI.

76 1441 157 1511 gag.
189 1431 268 1466 255.
314 1429 530 1466 Ἀποδοτέον
562 1437 627 1466 etc.
664 1433 740 1467 Ald.

108 1488 145 1511 as
181 1488 213 1511 a.

124 1520 297 1568 ἐπείπερ]
320 1520 518 1569 ἐπειδήπερ
542 1523 627 1558 Lob.
639 1523 741 1559 Vind.

74 1568 148 1604 BD.
175 1568 254 1603 vat.
280 1568 329 1603 M.
354 1573 432 1604 Bas.
458 1570 490 1603 b.

123 1612 386 1660 ἀμφιέσονται]
413 1612 632 1650 ἐνδύσονται
654 1617 739 1651 Lob.

76 1661 178 1696 Vind.
203 1662 278 1696 BD.
314 1663 395 1696 Vat.
421 1662 500 1696 ΒΜ.
538 1667 574 1696 et
597 1663 742 1697 schona-

75 1711 169 1750 stes,
202 1707 259 1753 qui
284 1705 530 1752 ἀμφιέσονται
552 1712 591 1743 ut
614 1709 742 1743 variam

75 1754 254 1788 lectionem
301 1755 416 1788 affert.
492 1755 578 1789 Item
626 1767 742 1800 margo

74 1799 163 1834 Lob.
182 1812 224 1845 γρ
251 1797 510 1845 ἀμφιέσονται.
537 1802 612 1835 Ηοο
630 1806 742 1836 autem

74 1846 221 1881 medium
242 1852 317 1888 est,
341 1859 408 1881 ιιοιι
433 1847 625 1891 passivum,
651 1848 742 1892 quod

75 1896 200 1927 statuit
222 1873 393 1927 Matthiae
415 1904 554 1937 gramm.
582 1905 615 1938 p.
637 1896 716 1929 780.

73 1977 75 1979 ,
123 1936 400 1984 κοινωνητέον]
485 1937 743 1985 κοινωνητέων

75 1985 158 2020 Bas.
183 1985 218 2019 b.

123 2031 312 2081 φυλακῆς]
335 2043 374 2079 φ.
390 2030 454 2066 και
477 2031 576 2065 Stob.
602 2031 676 2066 cod.
701 2032 742 2067 Β.

76 2079 236 2112 custodia
257 2084 361 2132 qtque
378 2079 490 2113 tutela
512 2078 585 2112 F1c

124 2118 239 2179 ἄλλα]
266 2119 354 2158 ἄλλο
379 2124 478 2158 Stob.
514 2125 613 2159 aliud
636 2124 708 2158 Fic.

77 2215 104 2250 S
126 2165 176 2249 ὅδ’
184 2170 198 2214 ]
222 2166 262 2204 δὲ
287 2170 388 2204 Vind.
414 2170 744 2205 EF.F10r.CTV.

124 2258 278 2318 αυτῶν]
303 2261 449 2296 ἑαυτῶν
473 2263 564 2297 Flor.
589 2265 631 2296 A.

123 2305 368 2352 ἐλαφρότερα]
395 2306 633 2354 ἐλαφρῶτερα
650 2308 743 2342 Bek-

76 2352 181 2388 kerus
206 2365 248 2387 ex
273 2354 481 2396 coniectura,
504 2367 604 2399 quam
627 2355 743 2399 sequi-

75 2403 134 2434 tur
170 2400 204 2433 in
227 2404 309 2434 tert.
337 2401 389 2433 ed.
414 2381 540 2434 Ast’ius.
589 2401 742 2434 Choero-

76 2446 198 2480 boscus
236 2446 388 2480 Bekkeri
428 2447 547 2480 anecd.
580 2458 614 2500 Ρ.
641 2447 740 2482 1287.

77 2492 121 2525 de
144 2492 196 2526 his
221 2491 397 2526 adiectivis
420 2492 471 2526 ita
493 2492 683 2548 praecipit:
710 2492 746 2527 εἰ

77 2534 118 2572 δε
143 2536 288 2593 ε’χουσιν
321 2533 477 2593 ἄφωνον
503 2535 642 2582 ὁμοίως
665 2536 739 2583 πρὸ

78 2581 335 2637 ἀμεταβόλου,
381 2580 520 2639 ὁμοίως
561 2587 642 2624 τοῖς
674 2596 743 2628 μοι·

77 2629 159 2685 κρᾷ
173 2611 491 2689 παραληγομένοις
514 2628 744 2673 φυλάττουσι

78 2673 121 2710 τὸ
159 2680 181 2710 6
211 2675 275 2711 καὶ
310 2675 348 2711 ἐν
381 2678 461 2716 τοῖς
503 2679 744 2726 συγκριτικοῖς

78 2719 141 2755 καὶ
167 2719 206 2756 ἐν
229 2725 310 2762 τοῖς
342 2719 624 2766 υπξρθετικοῖς,
662 2720 744 2757 οἱον

78 2766 230 2824 λάγνος
251 2767 404 2824 λαγνότε
408 2780 471 2823 ρος
504 2767 742 2822 λαγνότατος,

80 2808 194 2870 ἄκρος
205 2811 407 2871 ἀκρότερος
421 2811 641 2872 ἀκρότατος,
662 2819 742 2858 ἐρυ-

78 2857 176 2903 θρὸς
201 2858 449 2906 ἐρυθρότερος
474 2858 741 2905 ἐρυθρότατος,

153 2918 361 2960 PLmoms
393 2920 467 2960 Op.
502 2919 549 2959 Π.

799 1197 963 1245 ἐλαφρὸς
987 1195 1236 1254 ἐλαφρότερος
1260 1194 1467 1254 ἐλαφρότα-

799 1259 873 1286 τος.
902 1243 1026 1280 ἰστέον
1051 1243 1113 1288 δε,
1143 1240 1204 1279 ὅτι
1228 1241 1350 1300 αὕτα,
1374 1243 1467 1299 φημὶ

799 1291 846 1337 δὴ
874 1290 917 1327 τὸ
946 1289 1196 1350 ἐρυθρότερος
1219 1289 1283 1324 καὶ
1307 1287 1467 1345 ἐλαφρό-

797 1350 904 1397 τερος
926 1338 990 1372 καὶ
1014 1349 1186 1376 ευτεκνος
1209 1333 1469 1391 εὐτεκνότερος

797 1385 861 1419 καὶ
897 1382 1109 1440 δύσποτμος
1155 1380 1466 1426 δυσποτμότερος,

796 1429 901 1475 παρὰ
938 1433 1018 1470 τοῖς
1053 1428 1262 1486 Ἀθηναίοις
1297 1428 1360 1463 καὶ
1401 1427 1467 1462 δια

799 1478 867 1512 τοῦ
894 1481 946 1521 ὦ,
982 1489 1033 1517 ως
1063 1473 1166 1519 παρὰ
1201 1475 1255 1522 τῷ
1280 1472 1467 1531 Ευριπίδῃ

801 1522 840 1558 ἐν
859 1503 1015 1579 Εκάβῃ·
1051 1524 1148 1579 ς579.
1175 1510 1293 1576 Pors.)
1328 1519 1467 1561 παιδὸς

798 1568 994 1614 θανούσης
1026 1565 1302 1612 εντεκνωτάτην
1340 1564 1379 1602 δε
1414 1565 1466 1601 σέ.

799 1618 899 1652 Hanc
933 1615 1171 1650 auctoritatem
1205 1626 1271 1648 non
1305 1614 1468 1647 sufficere

800 1664 844 1698 ad
868 1662 1100 1707 recipiendum
1125 1663 1243 1695 contra
1276 1660 1409 1694 codices
1435 1662 1465 1694 ὦ

799 1714 895 1743 recte
921 1709 1045 1742 statuit
1076 1707 1299 1741 Buttmannus
1324 1718 1464 1751 gramm.

799 1756 846 1790 II.
882 1767 915 1800 Ρ.
948 1756 1027 1789 410.
1064 1754 1097 1787 ἰιι
1130 1753 1232 1787 dubia
1265 1764 1347 1787 vero
1381 1752 1467 1787 scri—

798 1808 902 1848 ptura
948 1800 1109 1835 utendum
1158 1811 1199 1833 ea
1239 1811 1350 1844 neque
1391 1810 1466 1832 cum

799 1848 987 1882 Schaefero
1011 1847 1124 1881 melet.
1152 1858 1186 1891 p.
1204 1847 1237 1881 9.
1264 1849 1295 1878 ὦ
1319 1857 1340 1879 a
1363 1856 1468 1890 prosa

799 1894 954 1928 oratione
1001 1892 1260 1927 abiudicandum
1316 1891 1463 1926 videtur.

798 1940 924 1985 Itaque
945 1936 1222 1983 ἒμμετρῶτατος
1241 1938 1326 1983 Leg.
1349 1937 1388 1971 L.
1400 1937 1464 1971 XI.

799 1998 832 2032 p.
856 1988 936 2022 926.
962 1988 1002 2020 Α.
1027 1997 1093 2019 ιιοιι
1130 1984 1295 2018 immerito
1328 1983 1468 2018 Bekke-

800 2044 859 2067 rus
882 2031 1066 2067 secundum
1089 2031 1174 2065 Ven.
1199 2031 1238 2064 B.
1265 2031 1345 2064 Vat.
1365 2030 1405 2063 C.
1432 2032 1468 2063 et

803 2091 825 2113 a
847 2091 890 2113 m.
915 2090 968 2125 pr.
1000 2078 1079 2112 Par.
1105 2078 1145 2111 A.
1169 2077 1321 2122 recepit,
1348 2087 1467 2122 quam-

803 2136 904 2170 quam
928 2137 970 2158 ne
994 2123 1237 2158 Stallbaumius
1257 2122 1392 2168 quidem
1410 2133 1467 2155 re-

802 2170 1062 2216 prehendendus
1109 2174 1184 2212 est,
1245 2169 1303 2214 qui
1349 2172 1468 2202 contra

806 2217 1004 2251 Vossianum
1039 2220 1075 2250 et
1098 2215 1314 2250 Florentinos
1345 2215 1466 2258 vulga-

799 2267 872 2297 tum
910 2267 931 2298 6
967 2266 1100 2296 mutare
1134 2261 1292 2299 noluerit.
1342 2261 1467 2306 Neque

800 2307 1068 2353 ἐρυθρώτατον
1111 2308 1211 2353 ΕΡίῐι.
1248 2308 1331 2343 987.
1363 2307 1404 2340 C.
1445 2318 1466 2341 a

799 2356 960 2390 Bekkero
994 2359 1030 2389 et
1077 2353 1303 2390 Stalibaumio
1338 2353 1465 2387 editum

800 2401 1008 2436 auctoritate
1040 2405 1155 2443 caret,
1197 2400 1226 2434 si
1257 2400 1336 2434 Par.
1363 2401 1404 2433 A.
1430 2402 1467 2432 et

799 2449 880 2482 Vat.
920 2448 960 2481 C.
998 2459 1019 2481 a
1047 2459 1091 2481 m.
1126 2458 1178 2492 pr.
1215 2446 1250 2480 id
1292 2446 1463 2479 exhibent.

798 2494 911 2528 Minus
956 2497 1067 2528 tutum
1114 2496 1166 2526 est
1224 2488 1467 2536 ἀτεχνοότεροι

799 2540 982 2585 Leg.111.
1016 2541 1095 2575 679.
1130 2539 1173 2573 D.
1215 2550 1237 2572 a
1267 2549 1310 2571 m.
1345 2549 1397 2582 pr.
1430 2539 1466 2571 in

800 2587 878 2620 Par.
904 2587 945 2620 A.
981 2587 1146 2641 scriptum
1179 2587 1214 2618 et
1252 2595 1273 2618 a
1304 2584 1465 2618 Bekkero

798 2637 994 2676 leceptum‚
1024 2637 1060 2665 et
1085 2627 1345 2674 ἐμμετρώτατα
1378 2629 1463 2674 Leg.

800 2678 847 2711 II.
874 2678 952 2713 674.
980 2679 1020 2711 C.
1050 2689 1092 2710 ex
1116 2678 1306 2721 depravata
1326 2676 1405 2709 Par.
1421 2678 1461 2709 A.

801 2725 899 2757 Voss.
925 2724 999 2758 Pal.
1020 2723 1060 2757 C.
1081 2722 1252 2768 scriptula
1270 2718 1465 2765 ἐμμετριεό-

800 2781 914 2813 τατα,
950 2781 1050 2815 quam
1073 2770 1153 2801 Vat.
1189 2769 1228 2802 C.
1263 2768 1352 2802 inter
1386 2778 1465 2801 ver-

799 2827 856 2850 sus
880 2817 1003 2857 habet⁷
1042 2827 1063 2849 a
1086 2815 1244 2848 Bekkero
1276 2815 1405 2847 factum
1430 2816 1466 2847 et

799 2874 820 2897 a
845 2862 1067 2897 Stallbaumio
1095 2860 1278 2896 secundum
1301 2860 1395 2894 Flor.
1421 2860 1461 2893 A.

1238 2918 1271 2960 C

1114 702 1179 748 Οὐ
1209 701 1351 759 μόνον
1380 703 1467 758 ἄρα
1490 716 1559 753 457
