1807 3219
468 153 801 197 CIVITAS
848 157 969 199 LIB.
1001 157 1073 198 VI.
1105 162 1172 196 508
1373 184 1375 186 -
1420 160 1505 199 229

122 270 283 313 τοῦτον
310 265 390 311 τὸν
417 265 552 317 θεόν;
597 268 722 319 Πιός,·
770 267 863 312 Οὐκ
896 268 1014 313 ἐστιν
1044 267 1172 325 ἥλιος
1200 264 1228 323 ἡ
1267 265 1370 320 ὄψις
1399 266 1502 313 οὔτε

122 335 234 393 αὐτὴ
273 335 374 379 οὔτε
414 335 462 379 ἐν
491 330 526 392 ᾧ
557 333 814 392 ἐγγίγνεται,
855 336 885 381 5
913 337 968 395 δή
998 340 1222 393 καλοῦμεν
1249 334 1382 393 ὄμμα.
1433 335 1500 380 Οὐ
1524 338 1561 382 Β

120 406 204 462 γὰρ
235 409 330 449 οὐν.
383 401 502 455 Ἀλλ’
531 402 876 460 ἡλιοειδέστατόν
904 423 978 463 γε,
1010 403 1153 461 οἶμαι,
1183 420 1274 448 των
1302 404 1402 460 περὶ
1424 421 1503 456 τας

121 473 349 531 αἰσθήσεις
378 471 589 530 ὀργάνων.
650 472 777 517 Πολύ
807 490 868 530 γε.
935 472 1114 518 Οὐκοῦν
1147 473 1222 516 καὶ
1250 471 1332 529 τὴν
1361 470 1501 516 δύνα-

119 560 221 601 μιν,
250 541 306 600 ἣν
334 541 441 599 ἔχει,
471 558 519 586 εκ
547 539 706 585 τούτου
732 541 1054 614 ταμιευομένην
1084 540 1228 596 ὥσπερ
1259 540 1500 597 ἐπίῤῥυτον

119 613 357 669 κέκτηται;
404 608 537 654 Πάνυ
570 610 650 666 μὲν
692 612 788 654 οὐν.
839 605 929 665 Ἆρ’
969 607 1052 654 οὖν
1092 609 1147 655 οὐ
1192 609 1269 655 καὶ
1307 607 1331 653 5
1375 608 1501 667 ἥλιος

120 679 222 734 ὄψις
259 679 339 736 μὲν
376 677 460 723 οὐκ
498 678 643 732 ἐστιν,
700 680 839 731 αἴτιος
876 676 919 723 δ’
959 676 1024 722 (ἂν
1060 676 1195 735 αὐτῆς
1235 676 1391 734 ὁρᾶται
1427 675 1502 722 ὑπ’

119 747 254 806 αὐτῆς
271 747 433 804 ταύτης
446 764 464 796 ,·
485 746 654 799 Οὕτως,
681 741 710 803 ἦ
732 744 769 791 δ’
790 746 849 798 ὅς.
884 750 1055 790 Τοῦτον
1076 748 1244 798 τοίνυν,
1264 740 1320 802 ἦν
1342 745 1378 790 δ’
1399 743 1500 802 ἐγώ,

117 817 258 874 φάναι
286 833 339 873 με
367 816 509 874 λέγειν
537 815 615 860 τὸν
649 819 730 860 τοῦ
767 813 942 871 ἀγαθοῦ
971 815 1178 872 ἔκγονον,
1218 814 1271 860 ὃν
1298 814 1500 872 τοῖγαθόν

158 986 286 1036 ἥλιος]
313 1002 376 1024 om.
397 990 495 1024 idem.

158 1057 206 1105 ἦ]
232 1056 257 1104 ἢ
281 1058 382 1095 Vind.
406 1059 450 1093 Ε.

162 1139 251 1163 ουτε
269 1125 409 1183 mitq'L
418 1128 473 1161 lta
495 1126 594 1163 Σίηό.
619 1126 658 1159 F.
684 1137 705 1159 a
727 1137 770 1159 m.

112 1186 164 1220 pr.
197 1171 285 1209 οὔτε
311 1186 409 1217 αυτη
442 1185 464 1208 a
495 1185 540 1206 m.-
571 1185 598 1206 s.
633 1171 769 1206 fficinns

110 1225 291 1266 utrumque
313 1220 442 1262 omisit,
475 1219 569 1252 item
580 1219 770 1261 Bekkerus‚

110 1267 173 1301 sed
204 1267 258 1301 hic
293 1278 357 1320 per
390 1277 564 1305 errorem,
604 1276 690 1306 non,
734 1270 771 1298 ut

110 1314 324 1347 Hermannus
346 1312 383 1346 in
407 1312 624 1345 annotatione
646 1310 687 1343 ad
698 1310 768 1343 Eu-

106 1360 172 1404 rip.
199 1360 292 1394 Med.
324 1371 359 1405 p.
384 1357 463 1392 401.
488 1358 686 1398 statuebat,
712 1369 768 1389 eo-

105 1406 218 1439 dicum
241 1405 464 1444 auctoritate,
496 1416 584 1449 quae
619 1403 647 1436 si
671 1404 769 1436 ades-

104 1457 180 1494 set,
226 1452 336 1485 teneri
380 1449 534 1496 potuisse
575 1450 768 1484 Hermanno

105 1498 369 1533 concedendum.

154 1562 280 1611 ὄμμα]
308 1561 455 1609 ὄνμομα
477 1565 566 1610 Aug.
590 1565 631 1598 B.

154 1632 242 1671 Ου
232 1633 304 1680 γὰρ
324 1628 404 1669 οὖν.
417 1634 431 1679 ]
456 1631 658 1689 ουγαροῦν.
683 1633 767 1667 Lob.

103 1686 185 1763 3:³33
209 1694 308 1763 ιξςοιϊ.
331 1681 432 1715 Vind.
455 1681 497 1715 F.
533 1677 577 1715 οὕ
598 1677 669 1724 γὰρ
689 1675 768 1722 οὖν,

148 1793 478 1841 ἡλιοειδέστατόν]
519 1792 769 1840 ήλοιειδέστα-

105 1841 174 1879 τόν
196 1844 273 1877 Ald.
296 1844 376 1878 Bas.
401 1855 433 1878 a.

152 1910 278 1958 οἶμαι]
305 1912 417 1957 Vulgo
441 1911 515 1946 sine
539 1911 722 1946 commatis.

154 1979 330 2027 Οὐκοῦν]
359 1979 427 2016 ουίι
451 1975 520 2015 οὖν
538 1982 638 2025 Vind.
664 1981 704 2015 F.

148 2049 451 2095 ταμιευομένην]
523 2047 767 2095 ταμιευομένη

104 2098 197 2133 Mon.
222 2099 265 2133 B.
299 2099 378 2132 Par.
403 2098 446 2131 D.
485 2097 563 2131 Ald.
600 2098 680 2131 Bas.
712 2097 766 2130 ab.

104 2148 142 2178 et
162 2145 241 2178 Par.
266 2145 311 2178 K.
348 2155 415 2178 sec.
451 2144 559 2178 Bekk.
597 2153 766 2187 ταμιευο-

101 2189 215 2234 μένης
238 2202 307 2224 sec.
330 2191 407 2236 Bip.

143 2252 212 2303 'Ap'
241 2252 312 2293 οὗν
335 2279 382 2284 -
417 2258 465 2294 τὰ
498 2257 680 2304 ὁρώμενα.
710 2258 765 2302 0.]

102 2304 222 2339 laudat
259 2306 432 2340 Eusebius
472 2316 594 2364 praep.
627 2306 668 2338 L.
703 2305 764 2338 XI.

52 2352 61 2355 ’
101 2362 135 2387 D.
159 2352 240 2386 318.
274 2352 342 2385 Pro
366 2349 424 2396 ἀρ’
447 2355 517 2387 ov’v
536 2349 582 2385 οὗ
607 2351 706 2384 Vind.
722 2351 765 2385 Ε.

98 2389 144 2440 5,
169 2397 272 2442 idque
295 2401 368 2432 sine
398 2397 667 2444 interpunctione
690 2408 766 2430 cum

98 2443 264 2499 proximis
290 2445 499 2487 cohaerens,
508 2443 622 2500 9ἳὶηὸ.
633 2443 672 2476 F.
701 2439 762 2484 ἄρ’

97 2486 287 2534 ου’ρανοῦ,
319 2491 407 2535 Ang.
431 2491 470 2525 B.
489 2471 554 2533 αρ’
574 2487 620 2524 ον’
650 2490 761 2524 habet.

100 2536 190 2579 Quin
209 2538 316 2571 etiam
335 2539 387 2571 sol
403 2557 459 2572 —.
483 2537 556 2571 Fic.

93 2600 162 2684 Μὸ
195 2600 324 2649 ηλιος]
361 2602 381 2640 5
414 2618 480 2640 om.
510 2606 603 2640 Flor.
627 2604 672 2638 T.
720 2604 760 2637 In

93 2652 396 2755 adzgiissugdelslt:
411 2652 562 2754 Ιπλὶἓνῃὲ
581 2662 759 2755 μΐξνωαὲἇ-

46 2777 50 2781 ,
95 2741 166 2797 φὶς
187 2742 250 2778 καὶ
277 2740 426 2788 ἅδιλος,
461 2742 481 2779 ὁ
511 2742 551 2778 δε
578 2740 761 2778 τάναντία

96 2786 253 2824 τούτων.

144 2832 297 2880 ἔστιν]
286 2834 363 2872 ἐστι
388 2837 507 2884 Steph.
528 2838 599 2873 Ast.
621 2849 673 2882 pr.
692 2848 759 2871 sec.

878 985 1034 1033 ὁρᾶται]
1070 985 1201 1032 οἷρεται
1224 987 1327 1022 Vind.
1352 987 1393 1022 F.
1418 991 1498 1022 ante

830 1046 919 1069 corr.

1079 1098 1179 1137 οὕτω
1214 1103 1314 1139 Vind.
1349 1103 1391 1139 Ε.
1427 1115 1495 1137 om.

879 1099 1032 1148 Οὕτως]

828 1149 929 1184 Vind.
956 1151 996 1184 F.

878 1196 1082 1230 Τοῦτον-
1094 1192 1277 1239 ὁρώμενα.
1300 1194 1356 1239 C.]
1379 1194 1497 1229 laudat

828 1242 979 1276 Iulianus
1012 1254 1060 1276 or.
1107 1242 1188 1276 IIII.
1225 1254 1302 1288 pag.
1343 1242 1420 1277 133.
1453 1241 1493 1275 A.

827 1289 955 1333 Spanh.

872 1334 1023 1377 τοίνυν]
1049 1345 1114 1367 om..
1141 1333 1214 1367 Fic.

872 1399 996 1446 φάναι
1016 1403 1082 1446 με]
1108 1401 1229 1444 φᾶναι
1247 1400 1316 1446 μὲν
1340 1401 1438 1438 Vind.
1451 1401 1492 1435 F.

825 1446 1055 1491 φαινόμενος
1103 1448 1224 1481 Iuliani
1273 1449 1346 1482 cod.
1391 1449 1492 1482 Voss.

825 1492 927 1538 φάθι
945 1506 990 1538 με
1013 1495 1106 1528 Μοη.
1132 1494 1172 1527 Β.
1206 1494 1299 1528 Flor.
1323 1495 1368 1528 U.
1402 1494 1493 1539 quod

824 1542 935 1585 ipsmn
960 1541 1156 1586 Stephanus
1179 1540 1213 1573 in
1245 1552 1288 1576 m.
1314 1540 1494 1574 dubitabat

827 1599 870 1620 an
894 1587 949 1620 hic
973 1592 1008 1620 et
1031 1599 1066 1631 p.
1092 1588 1172 1621 509.
1199 1586 1238 1620 B.
1263 1587 1494 1632 reponendum

825 1639 927 1667 esset.
976 1634 1048 1667 Sed
1079 1634 1123 1666 cf.
1157 1633 1327 1667 Matthiae
1350 1644 1490 1677 gramm.

826 1681 987 1725 p.1072.

873 1747 1038 1793 εκγονον]
1063 1748 1239 1782 Proclus
1228 1760 1263 1782 m
1283 1747 1374 1782 Plat.
1385 1747 1490 1783 theol.

826 1807 861 1841 p.
885 1797 972 1830 380:
1007 1793 1067 1829 διὸ
1097 1807 1160 1828 και
1194 1807 1213 1829 ο
1247 1792 1287 1828 ἐν
1315 1793 1492 1827 Πολιτεία

826 1840 1030 1885 Σωκράτης
1057 1839 1209 1898 ε’κγονον
1243 1837 1365 1874 αυτὸν
1389 1828 1490 1884 (scil.

824 1886 893 1922 τὸν
911 1886 1034 1932 η’λιον)
1047 1885 1231 1921 αποκαλεῑ
1244 1887 1312 1921 τοῦ
1338 1883 1490 1930 οἷγαθοῦ

826 1933 887 1967 καὶ
903 1932 1144 1990 δημιουργὸν
1147 1934 1216 1967 τοῦ
1234 1932 1414 1977 γεννητοῦ
1427 1931 1491 1966 καὶ

825 1978 969 2020 παντὸς
1011 1981 1082 2014 τοῦ
1127 1977 1319 2034 ἔγκοσμίου
1362 1976 1491 2022 φωτὸς

825 2037 1054 2070 υποστατην.
1078 2026 1221 2060 ldemin
1240 2026 1330 2059 Tim.
1354 2037 1388 2079 p.
1412 2026 1491 2066 119,

826 2075 857 2107 6.
893 2085 915 2106 a
937 2075 961 2106 f.
1001 2070 1176 2116 δεύτερον
1208 2069 1254 2126 δή
1284 2068 1489 2128 κεφαλαιον

826 2116 887 2153 ἐπὶ
915 2116 1036 2165 τούτῳ
1064 2117 1107 2153 τὸ
1127 2116 1320 2160 δεικνύον,
1347 2113 1406 2151 ὅτι
1424 2115 1490 2151 καὶ

827 2162 847 2199 5
869 2154 1029 2198 Πλάτων
1049 2163 1109 2199 επὶ
1128 2165 1224 2220 μίαν
1246 2161 1369 2220 ἀρχὴν,
1394 2159 1486 2196 εἷνα-

824 2223 877 2255 γει
894 2209 1041 2254 πάντα,
1065 2210 1130 2245 καὶ
1152 2208 1228 2245 ἀπὸ
1251 2211 1326 2244 τῶν
1352 2207 1391 2243 ἐν
1411 2210 1486 2243 Πο-

824 2259 875 2291 λι
867 2257 939 2290 -εία
961 2255 1101 2301 λόΙων,
1128 2254 1167 2291 ἐν
1187 2254 1244 2296 οἷς
1265 2254 1333 2291 τὸν
1348 2253 1415 2298 μὲν
1436 2251 1486 2299 ἥ-

822 2305 902 2337 λιον
920 2292 1096 2337 αἰτιᾶται
1124 2303 1202 2337 τῶν
1234 2299 1404 2345 ὁρατῶν,
1439 2300 1483 2336 τὸ

823 2347 863 2382 δε
890 2346 1041 2404 αγαθὸν
1069 2349 1145 2383 τῶν
1167 2349 1338 2404 νοητῶν,
1364 2344 1486 2381 αυτὸν

822 2393 863 2428 δὲ
892 2395 940 2430 αὐ
972 2393 1087 2429 πάλιν
1106 2393 1175 2429 τὸν
1200 2392 1306 2440 ἥλιον
1327 2392 1485 2449 ε’γγᾳνον

820 2442 890 2476 τοῦ
924 2439 1076 2486 αγαθοῦ
1101 2438 1483 2497 προσαγορεύει..

818 2490 971 2543 p.259‚
1004 2489 1068 2523 14.
1106 2484 1126 2522 5
1159 2499 1226 2531 μεν
1261 2499 1330 2530 γαρ
1367 2481 1484 2539 ηλιος,

819 2547 871 2574 ως
903 2531 1096 2589 ἐμάθομεν
1122 2545 1161 2567 εν
1188 2532 1386 2589 Πολιτεία,
1412 2531 1484 2577 τῆς

818 2578 998 2624 ἀληθείας
1018 2578 1145 2615 εἰκόνα
1161 2578 1204 2614 τὸ
1225 2579 1307 2623 φῶς
1323 2568 1483 2623 υπὲστη-

817 2638 887 2661 σεν.

864 2692 910 2731 ὃν
929 2693 1124 2751 τεὲγαθὸν]
1161 2690 1206 2728 ὂν
1224 2693 1268 2729 τὸ
1297 2691 1358 2735 α’γ.
1381 2694 1481 2728 Vind-

816 2744 858 2777 F.
887 2738 933 2777 ὃν
957 2740 999 2776 τὸ
1022 2739 1080 2797 α’γ.
1106 2741 1191 2774 Eus.
1218 2736 1263 2774 ὃν
1283 2753 1340 2785 αγ.
1359 2736 1482 2774 Iuliani

818 2789 892 2823 cod.
918 2791 1018 2822 Voss.
1059 2783 1134 2821 ὄντ’
1159 2799 1216 2831 αγ,
1240 2787 1340 2822 vind.
1365 2787 1408 2821 E.
1434 2799 1481 2821 ον

819 2833 899 2879 τεῖγ.
922 2836 1002 2870 Vat.
1028 2834 1072 2868 H.
