1807 3219
426 176 763 224 CIVITAS
805 179 930 229 LIB.
959 179 1014 222 V.
1043 180 1108 220 471

1418 184 1476 225 97

88 296 242 330 σονται
269 286 351 344 τήν
379 288 623 344 διαφορὰν,
675 292 801 348 μέχρι
837 285 893 336 οὖ
929 290 986 335 ἄν
1025 292 1069 335 οἱ
1108 291 1240 335 αἴτιοι
1281 290 1474 348 ἀναγκα-

87 359 259 399 σθῶσιν
278 355 364 401 ὑπὸ
385 361 476 400 τῶν
495 355 703 403 ἀναιτίων
727 358 983 415 ἀλγούντων
1001 361 1158 405 δοῦναι
1177 362 1317 418 δίκην.
1358 361 1469 418 Ἐγώ

87 423 188 479 μὲν,
219 424 326 482 ἔφη,
359 423 563 482 ὁμολογῶ
594 426 710 471 οὕτω
741 431 833 472 δεῖν
862 427 976 483 πρός
998 427 1104 480 τούς
1119 427 1348 481 ἐναντίους
1368 430 1473 482 τούς

84 490 325 548 ἡμετέρους
352 496 532 546 πολίτας
565 495 916 553 προσφέρεσθαι,
953 496 1064 551 πρὸς
1094 497 1141 540 δὲ
1170 497 1275 548 τούς
1304 499 1472 555 βαρβά-

86 576 195 614 ρους
223 559 283 612 ὦς
309 565 394 606 νῦν
424 564 469 606 οἱ
494 562 697 621 ’Έλληνες
735 564 847 619 πρὸς
884 563 1110 621 ἀλλήλους.

1176 569 1378 621 Τιθῶμεν
1416 566 1471 624 δὴ

85 630 158 673 καὶ
197 633 360 674 τοῦτον
395 631 476 676 τὸν
511 631 654 689 νόμον
691 637 784 684 τοῖς
823 631 1010 690 φύλαξι,
1050 631 1156 689 μήτε
1184 638 1270 691 γῆν
1297 634 1468 691 τέμνειν
1499 643 1531 687 C

83 695 190 754 μήτε
219 699 359 750 οἰκίας
389 697 657 756 ἐμπιπράναι
668 722 681 756 3
713 705 891 758 Θῶμεν,
924 702 1028 759 ἔφη,
1066 702 1140 745 καὶ
1177 702 1289 758 ἔχειν
1318 720 1365 759 γε
1392 721 1470 748 κα-

82 769 169 816 λῶς
195 765 333 811 ταῦτα
362 784 407 812 τε
435 768 510 812 καὶ
539 769 592 814 τοὶ
623 769 834 826 πρόσθεν.
867 768 978 814 ἄλλα
1007 768 1092 826 γάρ
1130 787 1206 826 μοι
1236 773 1401 825 δοκεῖς,
1434 768 1469 817 ὦ

81 832 341 890 Σώκρατες,
370 835 446 881 ἐάν
475 839 539 890 τίς
569 850 640 883 σοι
668 838 723 883 τὰ
750 844 934 883 τοιαῦτα
965 838 1171 896 ἐπιτρέπῃ
1201 839 1357 895 λέγειν,
1389 840 1469 885 ου’-

80 901 232 948 δέποτε
283 904 616 963 μνησθήσεσθαι
660 905 686 952 ὃ
723 907 771 952 ἐν
808 910 871 964 τῷ
914 906 1112 962 πρόσθεν
1158 908 1470 965 παρωσάμενος

79 970 224 1015 πάντα
251 977 392 1018 ταῦτα
435 976 633 1032 εἴρηκας,
681 975 730 1020 τὸ
769 974 829 1027 ὥς
866 974 1031 1031 δυνατὴ
1063 973 1174 1032 αὕτη
1215 975 1242 1033 ἡ
1274 980 1470 1024 πολιτεία

78 1040 305 1097 γενέσθαι,
335 1043 409 1087 καὶ
438 1045 539 1088 τίνα
567 1043 733 1102 τρόπον
761 1043 866 1089 ποτὲ
896 1042 1073 1101 δυνατή.
1113 1044 1202 1089 ἐπεὶ
1236 1044 1300 1090 ὅτι
1330 1062 1399 1103 γε,
1432 1049 1469 1093 εἰ

62 1171 249 1226 exhibent.
301 1192 445 1229 Ficinus
461 1194 524 1234 hoc
541 1194 745 1239 praetermi-

77 1239 140 1273 sit:
167 1244 354 1286 quatenus,
372 1241 433 1284 qui
436 1241 644 1274 discordiae
662 1253 745 1274 cau—

77 1297 154 1320 sam
183 1281 372 1326 dederunt,
404 1285 592 1321 insontibus
612 1299 744 1330 poenas

76 1332 227 1366 solvant.
284 1331 508 1375 Significatur
534 1335 648 1366 autem
681 1345 744 1366 ne-

76 1376 218 1412 cessitas
246 1376 481 1412 innocentibus
508 1389 645 1424 quoque
680 1379 742 1413 da-

74 1433 188 1457 mnum
206 1423 385 1465 inferendi,
410 1435 477 1469 quo
497 1428 656 1459 nocentes
675 1437 741 1470 pu-

74 1469 150 1503 nire
176 1472 212 1503 et
240 1469 283 1504 ad
309 1481 430 1516 pacem
455 1470 597 1515 adigere
614 1483 741 1516 cogan-

74 1518 142 1551 tur.
205 1543 208 1545 Α

119 1560 208 1608 μεν]
240 1562 308 1607 μὲν
334 1575 405 1598 ουν
437 1563 540 1599 Vind.
572 1563 617 1598 F.
652 1563 739 1609 Ang.

72 1608 115 1642 Β.
141 1609 236 1645 Flor.
254 1611 296 1644 R.

121 1654 221 1700 δεῖν]
251 1652 297 1700 δη
320 1655 423 1692 Vind.
442 1656 484 1690 D.

120 1698 346 1748 ἐναντίους]
385 1699 443 1737 ἕλλ
444 1713 536 1746 ηνας
573 1701 665 1736 Mon.
696 1702 737 1736 B.

71 1747 168 1782 Flor.
188 1748 234 1782 U.
264 1760 365 1793 quem
394 1749 472 1782 dmn
491 1748 738 1783 Stallbaumius

71 1793 108 1828 in
120 1805 175 1839 pr.
189 1795 240 1828 ed.
254 1806 317 1839 pro
338 1791 426 1834 τούς
446 1791 637 1833 ἐναντίους
647 1791 739 1834 τούς

75 1836 138 1896 ήμ.
162 1841 290 1874 habere
311 1840 362 1874 ait
373 1852 462 1880 τους
484 1837 632 1884 ε’λληνας
649 1851 739 1881 τους

76 1883 166 1930 ἄλλη
159 1884 275 1925 ’λουςτ
307 1885 371 1921 καὶ
404 1886 542 1922 τοῦτοε
572 1887 738 1930 τιθῶμεν

76 1929 123 1976 δή
146 1935 226 1972 τοῖς
237 1928 385 1977 Έλλησι
400 1930 547 1977 μήτε-
570 1933 738 1978 trIplicem

74 1979 297 2021 varietatem,
331 1990 419 2024 quae
448 1989 589 2024 prorsus
620 1979 738 2013 eadem

74 2024 111 2060 in
130 2025 224 2060 Mon.
234 2026 275 2059 Β.
294 2028 426 2067 exstat,
449 2036 631 2070 perperam
649 2025 738 2059 hunc

73 2082 177 2105 unum
202 2071 236 2105 in
261 2071 371 2105 locum
387 2071 553 2126 coniecit,
571 2074 683 2128 atque
701 2072 737 2106 in

72 2128 142 2152 sec.
173 2129 237 2163 pro
273 2116 353 2152 δεῖν
384 2113 478 2161 πρὸς
511 2113 601 2157 τούς
633 2129 734 2152 εναν-

72 2163 176 2203 τίους
196 2163 436 2198 Monacensem
452 2166 488 2197 et
502 2163 737 2198 Florentinum

72 2206 170 2253 πρὸς
199 2221 290 2249 τους
307 2205 485 2254 ’Έλληνας
509 2221 599 2250 τους
624 2207 733 2254 αλλή-

73 2256 178 2296 λους.
202 2254 266 2289 καὶ
286 2256 419 2292 τοῦτοε
445 2255 612 2300 τνθῶμεν
637 2258 735 2291 exhi·-

71 2302 155 2336 bere
174 2301 298 2335 docens
317 2313 466 2335 errorem
485 2313 554 2336 non
571 2303 734 2344 correxit,

68 2347 133 2382 sed
162 2348 266 2382 auxit.
304 2343 484 2392 ’Έλληνας
511 2348 614 2382 etiam
637 2349 735 2383 Fici-

71 2405 135 2428 nus
153 2394 277 2449 legisse
293 2394 453 2436 videtur,
477 2394 536 2439 qui
564 2390 663 2428 οὕτω
686 2414 734 2420 --

67 2438 350 2484 προσφέρεσθαι
387 2441 442 2475 ita
477 2452 547 2474 esse
590 2442 734 2476 Graecis

63 2488 304 2532 pugnantibus
329 2487 596 2532 repugnandum
626 2487 734 2522 inter-

65 2536 232 2588 pretatus
244 2536 308 2567 est.

112 2575 425 2634 τοΰςήμετέρους]
439 2591 528 2619 τους
538 2592 601 2613 σπι.
612 2580 693 2616 Bas.
696 2580 731 2615 b.

66 2622 731 2716 ΜέἴῖοῗερξιῗιῗωὲἒίῗοἛξὲἓσῗῖἓ

69 2717 171 2752 σθαι.
192 2729 212 2751 e
229 2729 316 2751 corr.
340 2721 380 2751 ut
398 2717 473 2752 Ald.
490 2718 571 2753 Bas.
590 2720 645 2754 ab.
668 2720 732 2752 At-

69 2773 137 2807 que
161 2763 214 2798 ita
235 2775 339 2808 saepe
363 2763 399 2798 in
415 2763 475 2797 illo
497 2764 616 2798 codice
644 2776 731 2809 pun,—

70 2810 219 2850 ctonun,
242 2822 340 2854 quae
366 2821 534 2855 personae
569 2811 731 2845 mutatio-

69 2864 145 2888 nem
164 2835 328 2898 indieant,
351 2857 496 2891 alterum
514 2867 648 2891 erasum
668 2859 729 2891 est.

145 2911 353 2956 PLA'roms
384 2914 458 2956 op.
489 2915 537 2955 11.

803 1193 997 1238 Stephanus
1016 1219 1027 1236 ‚
1058 1194 1256 1238 Bekkerus‚
1292 1196 1467 1232 Stallbau-

800 1240 888 1274 mins
905 1243 940 1274 et
956 1240 993 1274 in
1012 1243 1091 1275 tert.
1109 1241 1228 1276 Astius
1258 1242 1354 1277 colon
1373 1245 1467 1279 fece·

800 1290 890 1320 runt.

848 1329 1052 1378 αλλήλους.]
1074 1329 1271 1377 οἷλλήλουςε
1278 1333 1360 1378 ,καὶ
1378 1337 1466 1371 τοῦ·

798 1390 853 1412 το.
883 1379 975 1412 Mon.
995 1379 1037 1413 B.
1070 1379 1212 1414 Flemus
1232 1393 1336 1434 quum
1354 1394 1465 1425 προσ-

798 1422 983 1469 φέρεσθαι
1011 1437 1077 1459 non
1109 1429 1221 1459 recte·
1230 1426 1466 1472 intellexisset,

797 1471 853 1505 hic
893 1471 1023 1516 aliquid
1062 1471 1298 1516 interpolavit:
1344 1482 1465 1510 contra

797 1518 963 1551 barbaros
992 1523 1108 1552 autem
1127 1519 1180 1552 ita
1200 1521 1375 1554 animatos
1395 1533 1466 1556 esse

797 1564 919 1598 debere
941 1588 951 1605 ‚
985 1569 1025 1598 ut
1063 1576 1152 1597 nunc
1181 1565 1309 1600 Graeca·
1344 1574 1466 1603 contra

800 1610 952 1643 Graecos
969 1610 1090 1653 affecti
1108 1616 1197 1646 sunt.

847 1656 1020 1699 Τιθῶμεν
1031 1654 1196 1696 -υὶεῖς·
1207 1657 1265 1702 D.]
1290 1659 1464 1703 excerpsit

796 1702 967 1735 Stobaeus
997 1713 1097 1735 serm.
1109 1702 1288 1738 XXXXI.
1320 1716 1356 1750 p.
1378 1706 1460 1740 258.

796 1749 866 1782 Sed
884 1748 1002 1783 Trinc.
1022 1747 1147 1782 omisit.

839 1793 924 1838 καὶ]
953 1807 1017 1828 om.
1041 1794 1114 1827 Fic.

839 1843 920 1880 τοῖς
940 1837 1098 1884 φύλαξι]
1125 1842 1207 1880 τοῖς
1224 1838 1344 1885 ἕλλησι
1367 1842 1462 1879 Μοη.

794 1886 835 1921 Β.
863 1890 1027 1920 commate
1066 1898 1132 1920 non
1158 1889 1368 1932 postposito,
1402 1890 1463 1924 sed

794 1933 998 1978 anteposita
1036 1932 1190 1966 Eandem
1212 1934 1463 1979 interpunctio-

795 1990 871 2012 nem
900 1979 935 2013 in
961 1979 1112 2013 Bekkeri
1144 1979 1327 2014 editionem
1360 1984 1462 2026 typo-

794 2026 940 2067 thetae,
989 2026 1141 2070 opinor,
1191 2028 1291 2071 culpa
1331 2026 1462 2061 illatam

792 2070 908 2105 Astius
938 2072 973 2105 in
1002 2075 1081 2105 tert.
1104 2051 1141 2105 et,
1156 2072 1400 2107 Stallbaumius
1424 2074 1460 2108 in

792 2120 958 2172 utraque
959 2117 1188 2152 adsciverunt.

838 2161 958 2198 ταῦτά
974 2164 1026 2208 τε]
1053 2161 1175 2200 ταῦτά
1192 2175 1232 2207 ’γε
1252 2164 1337 2200 Lob.
1354 2166 1384 2199 V
1387 2165 1456 2202 ind.
1488 2164 1520 2207 C

791 2210 898 2244 BDE.
931 2211 1017 2246 Ven.
1045 2211 1087 2245 B.
1125 2212 1205 2246 Vat.
1232 2210 1315 2246 HM.
1358 2211 1454 2246 Flor.

789 2256 930 2292 ACTV.
956 2256 1037 2290 Bas.
1055 2257 1088 2291 b.

836 2299 930 2347 γάρ]
959 2315 1023 2337 οηι.
1044 2303 1142 2339 Stob.
1161 2302 1236 2337 cod.
1254 2303 1295 2337 A.

834 2349 920 2405 μοι]
947 2361 1011 2383 om.
1043 2349 1145 2384 vind.
1169 2349 1212 2382 Ε.

790 2395 1060 2477 Βτὲῗσσοῼίῃέι
1078 2406 1150 2476 1ξἾῑοι
1172 2395 1259 2440 Ang.
1285 2395 1328 2430 B.
1359 2395 1457 2430 Flor.

788 2483 1280 2577 ιοῖῗιὲῗῖἒξέπεῗπὲἶέἔπονι
1301 2487 1456 2578 {220¹}

789 2580 1118 2670 πεῇτνηξθῑησέἰῑθαι
1139 2625 1151 2669 ]
1201 2620 1457 2667 μνησθήσεται

790 2674 869 2708 vat.
900 2673 945 2709 Η.
978 2675 1034 2713 et,
1076 2683 1151 2715 sup
1179 2671 1250 2713 σθ,
1286 2670 1383 2706 Flor.
1408 2671 1452 2705 Τ.

787 2697 1221 2819 μνέιῖτεῖῖῗιῖιείιδξὲὒπὲζέα
1235 2717 1329 2798 }Ixjob.
1350 2761 1451 2797 vind.

788 2805 1251 2902 Β.γῖ]ειτοπ1ζῙΕτ1ῗΥ.τοΙιΊαῦτ.-α
1269 2809 1354 2844 Ven.
1380 2809 1420 2842 C.

1228 2910 1266 2953 G
