1807 3219
266 190 324 231 48

714 187 1190 236 PLATONIS

267 317 336 345 τοι
366 300 697 357 ἐπιμελήσονται
724 300 801 352 τοὶς
829 317 874 344 τε
912 301 1098 357 μητέρας
1136 300 1206 344 ἐπὶ
1243 298 1322 344 τὸν
1352 298 1487 356 σηκόν
1517 300 1649 356 ἄγον-

266 386 358 420 τες,
391 368 498 412 ὅταν
518 373 765 425 σπαργῶσι,
796 373 943 412 πᾶσαν
962 369 1161 425 μηχανὴν
1181 367 1508 425 μηχανώμενοι,
1532 368 1650 421 ὅπως

204 442 244 483 D
270 439 457 494 μηδεμία
486 437 534 481 τό
568 436 704 494 αὐτῆς
734 437 1010 493 αἰσθήσεται,
1052 438 1125 481 καὶ
1155 436 1286 489 ἄλλας
1324 437 1437 492 γάλα
1467 437 1650 493 ἐχούσας

267 505 592 560 ἐκπορίζοντες,
624 506 702 549 ἐοὶν
731 506 790 563 μὴ
821 505 950 549 αὐταὶ
979 507 1127 549 ἱκαναὶ
1149 501 1249 559 ὦσι,
1279 506 1354 550 καὶ
1375 504 1522 549 αὐτῶν
1544 505 1649 550 τού-

266 591 356 619 των
386 575 739 631 ἐπιμελήσονται,
790 573 908 625 ὅπως
949 573 1124 630 μέτριον
1163 574 1323 631 χρόνον
1352 574 1650 631 θηλάσωνται,

268 642 514 700 ἀγρυπνίας
546 643 591 687 δὲ
617 643 690 686 καὶ
721 640 799 687 τόν
831 642 965 686 ἄλλον
1001 641 1143 687 πόνον
1171 645 1340 694 τίτθαις
1369 659 1413 687 τε
1444 644 1518 687 καὶ
1547 660 1651 698 τρο-

314 745 609 792 ἐπιμελήσονται]
635 745 691 780 Ne
713 746 776 780 hoc
800 746 932 792 quidem

268 798 454 835 commate,
487 793 577 838 quod
613 793 714 836 vulgo
747 797 931 838 apponunt,

268 852 289 874 a
312 840 532 895 sequentibus
556 838 781 872 divellendum
812 839 930 873 visum.

314 883 461 929 σηκὸν]
481 883 586 919 σικὸν
612 884 707 918 Vind.
734 885 777 919 E.

316 931 523 975 σπαργῶσι]
551 930 715 964 Timaeus
740 943 818 986 pag.
844 931 930 965 934·

268 978 491 1021 σπαργῶσα”
536 975 817 1033 σπαραττομένη
854 973 930 1010 υπὸ

268 1024 435 1067 θλίψεως
469 1035 531 1057 και
561 1021 715 1067 δεομένη
742 1020 934 1065 ἐκκρίσεώς

267 1082 379 1109 τινος.
415 1070 514 1110 Quae
539 1069 718 1113 explicatio
744 1070 859 1102 mirum
880 1074 934 1102 est

270 1116 335 1150 nisi
361 1116 403 1149 ad
428 1117 515 1149 bunc
539 1116 649 1148 locum
673 1121 818 1160 spectat.
845 1115 934 1148 Cex-

269 1166 307 1195 te
331 1161 555 1205 reliquorum,
593 1173 677 1205 quos
713 1161 935 1194 Ruhnkenius

269 1207 453 1249 indicavit,
499 1207 559 1251 qui
608 1218 722 1240 omnes
766 1207 936 1240 indicasse

270 1254 426 1294 videtur,
451 1253 534 1286 nulli
553 1253 720 1286 convenit.
755 1254 807 1286 An
817 1253 943 1296 igitun

271 1300 488 1343 σπαργῶσαι
511 1299 620 1342 legit‘.²
651 1298 767 1332 Etiam
791 1286 937 1332 scholia-

271 1351 343 1380 stes
365 1345 432 1378 illis
464 1345 581 1378 verbis
617 1349 670 1378 est
702 1355 800 1378 usus·
844 1342 935 1383 τοὺς

270 1389 439 1448 μαστοὺς
467 1388 618 1446 πλήρεις
667 1387 789 1445 ἔχουσι
820 1389 935 1447 (γάλα-

270 1450 358 1477 κτος
381 1436 443 1470 καὶ
463 1447 738 1493 σπαραττονται
756 1432 832 1470 υπὸ
854 1436 935 1470 θλί-

270 1490 371 1540 ’ψεως
397 1482 547 1518 δέονται
571 1494 609 1517 τε
627 1483 696 1517 τοῦ
716 1480 935 1527 ἐκκριθῆναι

272 1527 379 1564 αὐτό.

318 1577 445 1610 πᾶσαν
469 1587 641 1620 μηχανην
665 1572 934 1621 μηχανώμενοι]

271 1628 498 1677 procurantes
522 1623 595 1656 Fic.

323 1665 462 1712 αὐτῆς]
489 1665 606 1712 αυτῆς
629 1668 715 1702 Lob.

322 1713 437 1759 γαλα]
465 1728 529 1749 om.
554 1716 642 1750 Lob.
666 1714 764 1747 Vind.
792 1714 831 1747 B.
855 1713 936 1749 Vat.

273 1762 353 1797 ΒΜ.
378 1762 462 1794 Ven.
493 1762 534 1795 C.
562 1761 641 1794 Par.
667 1760 743 1794 DK.

320 1805 573 1850 ἐκπορίζοντες
592 1809 605 1852 ]
682 1807 939 1851 σκορπίζοντες

272 1854 374 1888 Vind.
400 1854 439 1886 F.

322 1896 457 1943 αὐταὶ]
493 1899 547 1932 Ita
577 1899 658 1933 Par.
691 1900 733 1932 A.
769 1898 870 1931 Vind.
894 1899 938 1934 E.

273 1947 372 1999 ipsae
397 1951 543 1986 matres,
585 1956 727 1989 quarum
761 1944 826 1978 hoc
857 1956 940 1989 pro—-

275 1992 387 2047 prium
420 1996 475 2024 est
516 1996 552 2024 et
590 1993 755 2024 naturale.
829 1991 938 2035 Vulgo

277 2050 412 2080 ανται,
439 2041 474 2070 et
497 2037 546 2070 ita
569 2037 725 2070 Ficinus:
750 2038 828 2070 hae.
871 2037 939 2070 Per

275 2096 313 2118 se
338 2084 422 2118 satis
445 2082 479 2116 id
506 2083 722 2125 commodum,
748 2083 808 2116 sed
833 2082 938 2126 magis

274 2130 331 2164 illo
357 2131 399 2164 ad
425 2133 560 2172 captum
585 2129 809 2162 librariorum.

323 2177 426 2220 ω’σι,]
454 2180 533 2210 ωσι.
556 2176 675 2229 steph.
710 2175 797 2208 ω’σι·
822 2174 938 2208 Astius

275 2222 310 2256 in
334 2234 386 2268 pr.
412 2227 447 2256 et
470 2234 537 2256 sec.
555 2222 608 2254 ed.
635 2231 724 2261 ωσι,·
749 2221 938 2262 Bekkerus‚

278 2269 398 2302 Astius
422 2269 459 2302 in
486 2272 567 2302 tert.
593 2272 628 2300 et
652 2268 774 2301 Stallb.
800 2267 857 2310 qui
881 2279 939 2300 ea-

276 2314 351 2348 dem
386 2315 508 2348 deinde
541 2313 575 2348 in
602 2313 670 2346 fine
700 2313 832 2358 periodi
857 2317 939 2346 nota

276 2365 412 2395 utentes
445 2362 499 2395 hic
532 2359 652 2393 saltem
685 2359 840 2392 omittere
864 2370 939 2392 eam

278 2407 461 2440 debebant.
488 2407 558 2440 Sed
582 2406 788 2450 praecedens
812 2406 939 2439 Socra-

277 2453 322 2487 fis
348 2454 449 2487 dictio
474 2452 603 2498 pariter
631 2456 734 2496 atque
759 2451 938 2495 insequens

279 2503 315 2532 et
339 2500 435 2533 huius
460 2499 567 2545 ipsius
601 2508 801 2543 progressus
826 2502 860 2530 et
884 2509 940 2530 ar-

278 2551 471 2590 gumentum
509 2550 544 2578 et
577 2556 666 2589 quae
701 2543 833 2577 Glauco
858 2543 942 2576 dicit

276 2592 327 2625 ita
359 2603 496 2635 compai
499 2596 556 2624 ata
595 2593 700 2630 sunt,
747 2594 786 2623 ut
821 2594 940 2623 neutro

279 2639 354 2671 loco
374 2638 533 2695 ponenda
552 2615 722 2670 videatu'r.

327 2682 390 2717 καὶ
431 2680 557 2717 αὐτῶν
592 2680 736 2716 τούτων
773 2677 940 2724 ἐπιμελή-

282 2730 430 2784 σονται]
464 2730 692 2773 providebunt
716 2739 843 2772 quoque
868 2727 939 2759 Fic.

329 2772 454 2818 ὅπως]
489 2787 563 2808 cum
586 2774 696 2807 tiibus
720 2773 941 2818 sequentibus

282 2821 397 2856 verbis
423 2833 486 2854 om.
511 2821 608 2853 Vind.
626 2820 666 2853 Ε.

329 2864 477 2911 χρόνον]
501 2864 624 2910 χόλον,
649 2864 811 2909 vulgato
802 2876 837 2898 m
853 2876 942 2898 mar—

988 746 1066 791 gine
1091 746 1285 791 adscripto,

987 794 1067 827 Bas.
1093 795 1147 826 ab.

1033 837 1289 883 θηλιῖσωνται]
1318 836 1550 882 θηλάσονται
1565 840 1651 874 Lob.

991 885 1088 921 Vind.
1123 886 1198 919 ΒΕ.
1248 887 1325 918 Vat.
1359 886 1436 919 ΒΜ.
1484 887 1569 919 Ven.
1607 887 1650 920 B.

989 933 1076 976 Ang.
1102 932 1143 965 B.
1169 932 1261 965 Flor.
1289 931 1364 965 RT.
1390 932 1504 965 Astius
1524 932 1560 965 in
1583 943 1652 965 sec.

990 983 1025 1011 et
1048 982 1129 1011 tert.
1156 978 1207 1010 ed.
1245 978 1424 1010 Bekkerus
1459 983 1495 1011 et
1527 978 1654 1011 Stallb.

991 1025 1025 1058 in
1049 1035 1116 1057 sec.
1166 1023 1265 1063 Quod
1288 1023 1327 1056 L.
1351 1023 1430 1056 IIII.
1517 1022 1596 1060 429.
1609 1023 1651 1058 D.

993 1070 1187 1111 codicibus,
1215 1069 1256 1102 L
1284 1068 1346 1103 [ΙΙ.
1374 1081 1408 1113 p.
1427 1035 1505 1106 403.
1532 1071 1570 1103 B.
1597 1082 1654 1103 le-

991 1117 1083 1149 latae
1114 1116 1157 1149 ad
1193 1111 1312 1155 ου’τως
1344 1116 1534 1159 particulae
1557 1117 1655 1150 ideo-

994 1174 1061 1206 que
1095 1162 1250 1195 adverbii
1280 1161 1412 1206 potius,
1449 1174 1549 1206 quam
1574 1174 1655 1196 con-

992 1208 1174 1242 iunctionis
1198 1208 1232 1240 xi
1263 1208 1438 1262 praeditae
1462 1209 1653 1250 tribuimus,

992 1260 1031 1287 ut
1065 1251 1166 1293 ὅπως
1202 1251 1364 1296 δέξεται,
1415 1250 1517 1294 ὅπως
1553 1252 1655 1296 δόξει

1319 746 1399 780 Par.
1425 746 1467 780 D.
1514 758 1555 791 χρ
1561 744 1652 782 όνου

991 1301 1180 1334 scribentes
1216 1300 1427 1333 coniunctivo
1460 1302 1655 1346 praeferre-

991 1358 1065 1380 mus
1090 1347 1267 1387 futur‚um
1296 1346 1331 1379 id
1354 1347 1418 1379 hoc
1442 1347 1515 1380 loco
1541 1351 1654 1380 exter-

991 1393 1042 1426 nis
1074 1392 1281 1437 internisque
1327 1392 1516 1426 rationibus
1564 1393 1654 1427 haud

990 1438 1042 1472 ita
1069 1439 1267 1484 cogentibus
1291 1439 1480 1473 faciendum
1503 1451 1570 1473 non
1590 1449 1655 1484 pu-

992 1488 1075 1519 tavi.
1123 1485 1253 1519 Atticos
1277 1484 1375 1529 primi
1407 1496 1541 1540 quoque
1566 1485 1656 1519 aori-

995 1531 1038 1565 sti
1062 1531 1312 1565 coniunctivum
1343 1542 1417 1564 cum
1443 1527 1544 1571 ὅπως
1571 1543 1655 1565 con-

993 1578 1160 1611 struxisse
1193 1579 1347 1622 'exempla
1375 1589 1395 1610 a
1427 1577 1656 1621 grammaticis

994 1624 1137 1658 collecta
1179 1628 1214 1657 et
1246 1635 1267 1657 a
1306 1624 1524 1667 Bernhardyo
1564 1627 1655 1668 synt.

994 1682 1028 1716 p.
1052 1672 1131 1704 402.
1156 1682 1207 1714 sq.
1232 1669 1379 1703 indicata
1404 1670 1548 1712 docent3
1593 1682 1655 1703 ne-

994 1727 1060 1761 que
1101 1715 1281 1749 dubitandi
1322 1716 1409 1749 ratio
1445 1721 1527 1756 est,
1575 1716 1656 1761 quin

989 1762 1085 1807 ‘quod
1109 1762 1144 1795 in
1167 1762 1302 1803 verbis,
1334 1773 1477 1806 quorum
1510 1763 1656 1796 aoristus

996 1808 1108 1854 paullo
1140 1807 1270 1850 longius
1304 1819 1325 1841 a
1356 1809 1471 1841 futuro
1499 1808 1656 1850 distaret,

995 1855 1067 1888 sine
1091 1854 1288 1887 soloecismo
1312 1854 1388 1887 fieri
1403 1859 1549 1898 poterat,
1568 1854 1656 1888 idem

993 1901 1030 1933 in
1053 1900 1193 1945 reliquis
1217 1900 1362 1933 fecerint
1383 1905 1418 1933 et
1434 1900 1568 1945 quoties
1586 1911 1656 1942 res,

997 1947 1040 1980 ad
1078 1958 1178 1990 quam
1212 1946 1384 1979 consilium
1428 1952 1464 1980 et
1500 1947 1656 1981 voluntas

996 1992 1203 2037 pertineret,
1235 1997 1271 2025 et
1304 1992 1380 2036 ipsa
1413 1995 1570 2026 voluntas
1594 2004 1658 2037 po·-

994 2039 1063 2072 tius
1097 2038 1343 2081 significanda,
1373 2050 1472 2083 quam
1505 2039 1576 2072 eius
1607 2037 1659 2072 rei

994 2089 1128 2129 tempus
1153 2089 1231 2117 ante
1255 2086 1370 2117 oculos
1390 2085 1576 2128 ponendum
1602 2095 1658 2117 es-

995 2135 1067 2172 set,
1099 2130 1343 2163 coniunctivum
1379 2130 1498 2164 aoristi
1528 2130 1656 2175 potius,

996 2188 1096 2221 quam
1121 2177 1272 2209 futurum
1296 2176 1546 2219 usurpaverint.
1578 2177 1657 2210 Hoc

996 2223 1080 2256 enim
1099 2222 1280 2255 discrimen
1296 2233 1357 2266 pro
1375 2226 1553 2268 utriusque
1569 2226 1657 2255 tem-

995 2268 1085 2313 poris
1112 2272 1148 2301 et
1173 2268 1262 2301 modi
1297 2272 1470 2312 potestate
1494 2271 1657 2307 statuere,

995 2319 1144 2347 ceterum
1167 2314 1200 2347 in
1225 2313 1365 2358 singulis
1397 2314 1480 2348 locis
1505 2314 1656 2348 codicum

995 2365 1075 2394 ante
1117 2360 1248 2401 omnia,
1296 2360 1418 2394 deinde
1452 2360 1658 2404 reliquarum

995 2418 1107 2439 rerum
1130 2406 1294 2440 rationem
1327 2406 1454 2440 habere
1485 2407 1655 2440 debemus.

996 2453 1108 2486 Veluti
1142 2453 1205 2485 hoc
1246 2456 1363 2486 nostro
1408 2452 1658 2486 coniunctivum

994 2498 1070 2531 ideo
1095 2510 1230 2543 quoque
1252 2500 1441 2543 praelatum
1465 2498 1656 2531 existimare

995 2544 1099 2585 licet,
1137 2550 1176 2577 ut
1198 2556 1344 2601 sequens
1367 2546 1516 2578 futurum
1538 2555 1657 2588 παρα-

997 2587 1157 2624 δώσουσι
1180 2602 1254 2624 cum
1277 2587 1556 2646 ἐπιμελήσονται
1577 2602 1658 2624 con-

996 2636 1219 2679 iungendam,
1259 2648 1325 2669 non
1356 2636 1399 2670 ad
1433 2633 1535 2675 ὅπως
1565 2637 1659 2669 refe-

998 2683 1137 2715 iendum
1161 2694 1236 2715 esse
1258 2682 1524 2726 intelligeretur,
1561 2685 1596 2715 et
1618 2685 1658 2715 ut

997 2728 1240 2761 terminationis
1267 2728 1366 2761 nimia
1366 2708 1565 2762 osimilitudo
1585 2727 1658 2760 evi-

999 2778 1153 2815 taretur3
1179 2786 1378 2818 quamquam
1402 2774 1436 2806 id
1461 2785 1522 2818 per
1546 2784 1582 2806 se
1607 2773 1658 2806 le-

997 2820 1070 2853 vius
1106 2826 1141 2853 et
1172 2820 1333 2853 adversus
1364 2820 1496 2853 codices
1537 2818 1658 2853 nullius

998 2869 1155 2900 momenti
1178 2876 1254 2899 esse
1277 2869 1430 2911 apparet.
1472 2866 1658 2900 Praeterea
