1807 3219
457 154 793 198 CIVITAS
832 153 1148 197 LIB.VI.507
1429 160 1514 203 225

125 280 200 316 τος
226 263 323 320 ἐμοὶ
353 265 406 308 τά
435 269 541 310 νῦν·
585 266 632 320 ὃς
660 268 708 312 δὲ
738 266 921 324 ἔκγονός
953 282 999 310 τε
1032 268 1115 309 τοῦ
1145 263 1328 321 ἀγαθοῦ
1356 270 1512 323 φαίνεη

124 349 196 377 ται
223 334 298 377 καὶ
337 332 594 389 ὁμοιότατος
632 335 811 394 ἐκείνῳ,
849 336 991 391 λέγειν
1029 335 1194 386 ἐθέλω,
1235 337 1273 379 εἰ
1302 338 1377 381 καὶ
1405 338 1514 395 ὑμῖν

125 403 284 457 φίλον,
326 403 364 446 εἰ
394 402 440 447 δὲ
469 402 554 460 μή,
581 404 671 464 έᾷν.
726 401 855 456 Ἀλλ’,
887 404 994 460 ἔφη,
1037 401 1151 458 λέγε·
1191 403 1394 457 εἰσαῦθις
1422 407 1510 463 γὰρ

122 474 206 515 τοῦ
233 470 396 526 πατρὸς
435 469 653 524 ἀποτίσεις
688 472 769 529 τὴν
796 472 1012 529 διήγησιν.
1054 473 1309 529 Βουλοίμην
1339 473 1417 528 ἂν,
1451 474 1512 520 εῖ-

122 553 234 592 πον,
263 539 336 595 ἐμέ
364 556 408 583 τε
439 539 660 585 δύνασθαι
690 541 830 598 αὐτήν
860 540 1110 585 ἀποδοῦναι
1140 540 1214 584 καὶ
1241 539 1358 597 ὑμᾶς
1383 546 1512 600 κομί-
1536 560 1605 596 507

123 613 311 660 σασθαι,
341 606 452 652 ἀλλὰ
477 610 536 666 μή
566 609 712 664 ὥσπερ
741 615 829 654 νῦν
855 609 961 662 τούς
989 608 1146 660 τόκους
1164 609 1318 665 μόνον.
1350 616 1513 657 τοῦτον

121 675 170 719 δὲ
198 675 252 732 δὴ
281 671 364 720 οὖν
395 677 476 721 τὸν
504 676 637 722 τόκον
668 695 714 723 τε
740 680 814 723 καὶ
844 679 1031 735 ἔκγονον
1065 676 1206 722 αὐτοῦ
1223 683 1304 723 τοῦ
1328 677 1508 736 ἀγαθοῦ

107 745 380 799 »κομίσασθε
421 745 680 803 εὐλαβεῖσθε
709 748 886 803 μέντοι,
920 746 980 804 μή
1009 762 1070 802 πη
1109 745 1364 804 ἐξαπατήσω
1394 750 1512 806 ὑμᾶς

117 810 239 869 ἄκων
268 813 481 870 κίβδηλον
511 815 751 867 ἀποδιδούς
779 817 860 860 τὸν
887 815 1023 870 λόγον
1052 818 1134 858 τοῦ
1162 814 1310 861 τόκου.
1357 818 1505 864 Εὐλα-

114 878 368 936 βησόμεθα,
398 881 502 939 ἔφη,
533 883 643 928 κατα.
675 884 889 940 δύναμιν·
926 882 1037 928 ἀλλά
1065 881 1205 939 μόνον
1227 885 1341 941 λέγε.
1390 893 1503 932 Διο-

113 948 472 1006 μολογησάμενός
500 950 551 1007 γ’,
591 952 705 1010 ἔφην
740 953 848 1010 ἐγώ,
892 953 967 997 καὶ
1004 951 1261 1008 ἀναμνήσας
1298 952 1413 1010 ὑμᾶς
1450 957 1506 1001 τά

113 1033 159 1061 τε
189 1018 236 1062 ἐν
265 1024 358 1072 τοῖς
387 1019 633 1075 ἔμπροσθεν
663 1023 854 1079 ῥηθέντα
882 1021 957 1066 καὶ
997 1020 1149 1065 ἄλλοτε
1178 1020 1262 1078 ἤδη
1291 1022 1503 1077 πολλάκις

113 1086 335 1144 εἰρημένα.
400 1089 464 1132 To}
493 1095 626 1145 ποῖα,·
654 1085 683 1147 ἦ
713 1089 755 1134 δ’
788 1090 853 1142 ὅς.
894 1089 1047 1134 Πολλὰ
1075 1089 1207 1142 καλοὶ,
1239 1084 1295 1146 ἦν
1325 1090 1372 1136 δ’
1402 1092 1501 1148 ἐγώ,
1532 1100 1569 1142 Β

881 1257 974 1307 οὖν]
1000 1275 1064 1297 om.
1091 1262 1190 1298 Vind.
1212 1262 1257 1297 F.
1280 1263 1370 1308 Ang.
1394 1264 1435 1299 Β.

109 1258 224 1295 πλέον
238 1259 311 1306 γάρ
328 1272 394 1305 μοι
418 1262 613 1319 φαίνεται,
637 1261 662 1308 ἢ
679 1276 775 1298 κατα

878 1310 1105 1353 κομίσασθε]
1144 1308 1374 1352 κομίσασθαι
1398 1310 1499 1346 Vind.

109 1304 181 1350 τὴν
210 1306 397 1342 δοκοῦσαν
425 1305 545 1365 ὁρμὴν
553 1307 778 1368 ἀφικέσθαι

107 1364 247 1455 ²⁰}0Zf]
261 1353 376 1435 ἶέξῖἷ
378 1354 565 1437 ”x3?1fd⁸‘ss'‘
583 1369 666 1392 ”²¹²²

153 1458 198 1484 το
219 1443 396 1492 α’γαθὸν]
420 1444 599 1491 ταγαθόν
623 1449 707 1483 Ven.
733 1449 772 1484 B.

107 1491 208 1526 Vind.
243 1493 287 1528 E.
330 1494 410 1528 Vat.
446 1494 492 1530 H.
539 1494 635 1529 Flor.
667 1495 772 1529 ACV.

105 1537 469 1582 Bekkerus,Ast1us
459 1552 495 1574 ιιι
515 1542 595 1575 tert.
615 1544 651 1575 et
667 1542 774 1576 Stall-

104 1583 273 1619 baumius
322 1586 361 1620 V.
382 1586 460 1621 Vol.
482 1587 511 1620 I.
535 1599 570 1632 p.
586 1587 695 1623 LVII.
719 1600 771 1632 sq.

151 1622 342 1677 ἐάσῳμεν]
391 1629 549 1676 ἐάσομεν
595 1634 683 1678 Aug.
729 1635 771 1670 Β.

103 1676 182 1756 ἒᾶ.
206 1678 288 1712 Bas.
312 1679 369 1713 ab.
393 1683 430 1713 et
452 1682 532 1713 ante
557 1691 645 1714 corr.
671 1680 769 1716 Vind.

148 1766 193 1804 τὸ
215 1769 308 1815 νυν]
331 1770 448 1806 τονῧν
470 1770 571 1806 Vind.
595 1772 669 1807 BE.

57 1839 92 1880 Ε
150 1836 264 1873 πλέον
291 1859 339 1865 -
365 1837 415 1874 τοὶ
442 1839 538 1885 νῦν]
586 1846 638 1876 est
666 1843 767 1883 enim,

101 1889 142 1919 ut
169 1887 258 1920 mihi
284 1887 442 1928 videtur,
474 1893 692 1931 praesentem
709 1900 768 1922 su·-

96 1943 169 1986 pra
191 1934 513 1976 contemplationem
531 1933 610 1968 Fic.
634 1953 680 1960 —-
702 1946 766 1967 τα-

99 1974 171 2011 vv‘v
194 1977 290 2014 Mon.
301 1979 342 2013 Β.
367 1978 540 2014 -τανῦν
553 1979 641 2015 Lob.
666 1981 765 2015 Vind.

99 2023 209 2059 BEF.
233 2036 309 2058 cum
331 2024 432 2059 editis
456 2029 536 2059 ante
558 2026 648 2060 Astii
672 2038 741 2061 sec.

147 2088 398 2139 ὁμοιότατος]
419 2090 650 2137 ὁμοιώτατος
663 2095 765 2129 Vind.

98 2138 144 2174 F.
169 2151 190 2172 a
212 2151 258 2175 m.
269 2151 335 2195 pr.

144 2181 258 2232 νμῖν]
284 2183 376 2230 ’ἡμῖν
398 2186 497 2222 Flor.
513 2187 587 2222 AC.
611 2188 693 2222 Bas.
708 2189 762 2222 ab.

144 2249 236 2300 ἓᾷν]
261 2251 330 2288 ἐὰν
353 2255 435 2290 Bas.
458 2266 490 2290 a.
525 2252 575 2289 ἕιδ
604 2257 698 2291 Mon.
721 2257 762 2291 B.

95 2289 194 2335 Flor.
217 2301 263 2335 U.

143 2343 238 2389 Ἀλλ’,
274 2345 366 2389 ἔφη,
402 2345 514 2390 λέγε]
558 2343 650 2381 ἀλλὰ
683 2346 761 2391 λέγε

97 2389 171 2436 ἔφη
207 2372 466 2427 Vind.E'.1n
499 2394 585 2428 Ven.
608 2394 650 2429 B.
682 2392 762 2438 λέγε

92 2448 117 2472 a
139 2449 184 2472 m.
211 2449 265 2482 pr.
290 2437 462 2472 omissum.

140 2483 340 2540 εἰσαῦθις]
380 2483 432 2523 εις
453 2477 569 2525 αὖθις
592 2485 691 2521 Vind.
715 2486 759 2521 F.

94 2527 268 2570 εἰσαύθις
290 2531 322 2565 V
323 2529 391 2565 md
415 2530 459 2564 E.

141 2572 354 2619 ἀποτίσεις]
392 2572 584 2611 ἀποτίσειν
609 2578 688 2612 Vat.
712 2578 757 2613 H.

92 2621 191 2657 Flor.
224 2623 297 2657 AV.
339 2627 476 2665 patrem
515 2635 597 2658 vero
633 2630 758 2669 postea

93 2667 287 2707 declarabis
309 2668 387 2704 Fic.

25 2731 94 2769 507
138 2735 302 2781 τοῦτον]
338 2737 454 2771 τοῦτο
486 2737 572 2774 Lob.
607 2739 687 2774 Vat.
717 2740 757 2774 B.

93 2781 174 2817 Par.
195 2782 274 2819 ΒΚ.
297 2784 384 2819 ven.
411 2783 485 2819 BC.
509 2785 585 2819 Ald.
608 2785 688 2820 Bas.
701 2787 758 2820 ab

140 2824 206 2873 δὲ]
230 2841 296 2863 om.
320 2829 401 2866 Par.
424 2830 470 2864 K.

166 2886 373 2929 PLA'roms
403 2889 478 2929 ΟΡ.
511 2888 558 2927 11.

832 1356 910 1391 EF.
934 1357 1015 1391 Vat.
1037 1356 1083 1391 H.

879 1399 1117 1447 εὐλαβεῖσθε]
1135 1397 1380 1446 εὐλαβεῖσθαι
1398 1402 1501 1438 Vind.

830 1448 875 1482 F.
900 1450 982 1484 Vat.
1008 1449 1052 1484 H.
1078 1460 1143 1482 om.
1168 1448 1250 1482 Bas.
1275 1449 1308 1481 b.
1335 1468 1382 1474 —
1413 1449 1499 1483 Pro—

831 1494 952 1529 clusl.
976 1506 1006 1529 c.
1031 1506 1110 1550 pag.
1134 1492 1226 1529 427:
1263 1494 1416 1550 πρῶτον
1433 1507 1500 1539 μεν

830 1539 1125 1595 παρακελεύεται
1165 1541 1247 1580 τοῖς
1293 1537 1499 1585 ἀκροαταῖς

829 1584 1172 1642 παραφυλάττειν
1230 1583 1280 1630 μὴ
1321 1587 1500 1642 κίβδηλον

829 1629 966 1688 ἀποδῷ
1004 1630 1075 1667 τὸν
1107 1612 1219 1686 λόγον
1253 1633 1325 1666 τοῦ
1368 1632 1499 1678 τόκον,

826 1677 992 1734 τὸνμὲν
1022 1675 1130 1723 η’λιον
1150 1675 1264 1712 τόκον
1282 1676 1497 1736 ἀποκαλῶν,

826 1722 870 1759 vd
889 1722 929 1759 δὲ
926 1692 1124 1779 μκίβδηλον
1155 1721 1233 1758 ἀπὸ
1266 1725 1343 1759 τῶν
1369 1723 1408 1760 ἐν
1436 1739 1499 1761 νο-

825 1771 978 1814 μίσμασι
997 1769 1128 1805 τύπων
1144 1781 1306 1815 μεταγαγ
1309 1769 1374 1807 ω’ν.

824 1817 1024 1897 ΒἾπη]Ατ(ιῖῆ
1049 1817 1150 1853 Vind.
1174 1816 1217 1852 F.
1255 1830 1318 1852 om.
1345 1819 1426 1854 Vt.a
1451 1818 1496 1853 H.

871 1875 919 1898 or.
1009 1891 1018 1899 .

845 1906 993 1990 ι,ὑμοῖς]
1032 1906 1136 1955 ἡμᾶς
1171 1909 1270 1944 Flor.
1302 1910 1377 1945 AC.
1411 1911 1493 1945 Bas.

823 1967 843 1990 a
870 1983 878 1991 .

869 1998 1200 2082 Εὗλίἕιβησόμεθα]
1225 1998 1491 2048 Εὕλαβασόμε-

822 2049 878 2082 θα
906 2049 934 2082 Α
973 2075 982 2084 .

869 2091 1246 2138 Διομολογησάμενός
1266 2091 1324 2139 γ’]
1359 2092 1391 2139 γ’
1424 2107 1489 2130 om.

822 2140 922 2175 Mon..
941 2141 981 2174 B.
1013 2141 1094 2175 Par.
1129 2140 1207 2174 DK.
1241 2140 1339 2176 Flor.
1364 2141 1409 2176 U.
1456 2138 1490 2175 δ’

822 2187 896 2220 eius
919 2187 994 2219 loco
1019 2189 1074 2219 est
1093 2185 1130 2220 in
1154 2186 1294 2222 Ven.B.
1321 2186 1424 2222 Vind.
1444 2188 1489 2223 E.

821 2233 900 2266 vat.
924 2232 970 2266 H.
1002 2232 1100 2266 Flor.
1141 2232 1283 2267 ACTV.
1318 2233 1491 2279 editisque

820 2280 900 2311 ante
932 2277 1140 2312 Bekkerum.
1207 2278 1308 2312 Conf.
1341 2279 1490 2314 Phaedr.

820 2336 854 2369 p.
879 2326 959 2359 228.
984 2324 1036 2358 D·
1064 2322 1144 2379 τὴν
1163 2321 1293 2367 μέντοι
1315 2323 1492 2360 διανοιαν

819 2389 866 2395 --
894 2370 1008 2425 δίειμι
1048 2367 1258 2414 ἀρξαμενος
1301 2368 1378 2406 ἀπὸ
1420 2372 1490 2406 τοῦ

819 2414 984 2471 πρῶτον.
1010 2417 1087 2451 Σω.
1111 2416 1248 2473 Δείξας
1269 2428 1308 2459 γε
1326 2429 1490 2459 πρῶτον,

819 2463 850 2497 ω’
878 2460 1056 2506 φιλότης,
1085 2462 1123 2496 τί
1152 2457 1229 2507 ἂρα
1260 2460 1299 2496 ἐν
1327 2463 1374 2508 τῇ
1410 2461 1490 2509 οἷρι-

818 2519 929 2565 στερα
950 2507 1041 2564 ε’χεις
1059 2505 1137 2543 υπὸ
1159 2508 1213 2564 τῷ
1235 2498 1380 2555 ἱματίω.

865 2544 1111 2600 ἀναμνήσας]
1145 2543 1360 2599 ἀναμνῆσαι
1384 2555 1487 2592 Vind.

860 2643 981 2691 υμᾶς]
1028 2643 1128 2691 ἡμᾶς
1169 2645 1256 2683 Lob.
1302 2646 1401 2682 Vind.
1443 2646 1485 2681 Β.

814 2694 895 2728 vat.
918 2693 999 2728 BM.

861 2751 908 2773 τα
930 2740 993 2783 τε]
1029 2735 1080 2772 τά
1105 2734 1136 2771 τ’
1161 2737 1248 2772 Lob.
1281 2737 1382 2772 Vind.
1406 2738 1484 2773 EF.

816 2789 902 2830 Ang.
926 2786 968 2820 B.
992 2786 1073 2820 Vat.
1096 2784 1183 2818 HM.
1207 2780 1298 2818 τέτ’
1321 2784 1423 2819 Vind.
1439 2785 1482 2819 B.

862 2798 1013 2875 αλλοτε]
1042 2825 1189 2865 ἄλλοτε
1213 2829 1290 2864 Ald.
1313 2830 1397 2866 Bas.
1421 2831 1479 2866 ab.

1242 2887 1275 2928 I’
