1807 3219
254 179 312 223 '14

714 175 1193 220 PLATOle

255 285 320 335 ὦν
349 288 508 345 λέγεις,
537 287 634 344 ἔφη.
670 286 798 340 Ἴσως
828 288 906 344 δή,
946 285 1093 341 εἶπον,
1129 288 1248 343 παρά
1278 287 1328 332 τὸ
1359 288 1464 340 ἔθος
1491 292 1640 344 γελοῖα

255 357 311 403 ἄν
342 359 546 413 φαίνοιτο
576 355 716 399 πολλοὶ
756 357 854 410 περὶ
885 356 937 401 τὰ
975 361 1059 401 νῦν
1099 356 1331 413 λεγόμενα,
1369 358 1406 400 εἰ
1434 355 1641 411 πράξεται

251 421 282 484 ᾗ
314 426 494 481 λέγεται.
551 425 638 467 Καὶ
669 423 810 480 μάλα,
838 424 936 481 ἔφη.
1000 427 1077 478 Τι’,
1110 420 1166 481 ἦν
1196 423 1240 469 δ’
1272 424 1381 480 ἐγώ,
1415 424 1639 481 γελοιότα-

249 511 329 538 τον
358 492 503 537 αὐτῶν
535 491 666 551 ὁρᾷςς
696 491 727 549 ἦ
750 496 861 549 δῆλα
890 486 957 550 δή,
987 492 1054 537 ὅτι
1074 492 1242 549 γυμνάς
1262 493 1338 544 τοὶς
1356 497 1570 550 γυναῖκας
1593 492 1640 536 ἐν

249 644 291 678 F.
315 641 412 677 κατὰ
423 639 545 677 ταύτά
557 655 566 683 ;
577 642 754 675 Bekkerus
768 645 803 675 et
811 641 918 675 Stall-

250 690 404 724 baumius
425 701 499 723 cum
510 688 762 723 Basileensibus
784 694 819 721 et
836 689 918 721 Ste-

250 737 376 782 phano.
422 735 507 769 Mihi
541 735 638 768 huius
676 733 758 767 dicti
783 735 918 767 confor-

250 782 353 816 matio
378 782 515 823 eadem,
549 792 638 826 quae
659 780 746 814 iuius
771 780 822 814 Εἰ
844 776 919 823 ἄρα

250 848 298 853 -
315 825 444 867 αὐτάς.
466 827 617 861 videtur.

299 895 430 941 λέγεις,
457 894 553 940 ἔφη]
588 893 614 929 ἕ.
640 896 670 929 λ.
695 895 780 929 Lob.
818 894 917 929 Vind.

252 944 324 980 BD.
353 944 432 977 Vat.
458 943 537 976 ΒΜ.

288 1009 396 1052 Ἴσως
424 1032 472 1037 ——
495 1009 839 1054 φιλογυμναστῶσις
863 1010 918 1054 B]

251 1060 372 1094 laudat
413 1057 582 1092 Eusebius
619 1068 738 1102 praep.
771 1068 823 1090 ev.
875 1055 917 1090 L.

253 1106 350 1141 Xlil.
377 1117 410 1150 p.
436 1105 515 1138 413.
598 1108 605 1111 ”

299 1172 415 1218 ἔθος]
441 1169 581 1210 εἰωθὸς
604 1170 732 1205 Euseb.

297 1243 438 1288 γελοῖα]
464 1238 590 1284 γέλοια
615 1239 706 1272 Μοῐι.
726 1239 767 1273 Β.
786 1239 917 1272 Vat.B.

253 1291 337 1324 Ven.
352 1290 391 1322 C.
420 1289 497 1321 Par.
512 1287 554 1319 D.
580 1285 654 1319 Ald.
681 1285 758 1318 Bas.
771 1296 803 1318 a.
826 1285 921 1318 Bek-

252 1337 357 1370 kerus
391 1340 427 1368 et
458 1333 575 1367 Astius
607 1332 641 1364 in
673 1343 739 1365 sec.
776 1336 812 1364 et
836 1334 918 1364 tert.

253 1383 308 1417 ed.
356 1381 472 1422 Quum
497 1379 538 1412 de
562 1378 660 1411 huius
696 1377 836 1410 nominis
862 1389 921 1410 ac-

253 1433 355 1463 centu
380 1424 592 1470 grammatici
626 1424 763 1457 diversa
788 1423 921 1468 praeci-

252 1475 350 1520 piant
375 1473 525 1517 aliique,
557 1475 595 1504 ut
628 1470 811 1503 scholiasta
843 1469 920 1502 Ari—

254 1519 431 1565 stophanis
455 1519 542 1551 Ran.
570 1518 604 1551 6.
632 1521 668 1549 et
692 1515 833 1556 Moeris,
856 1516 920 1548 At-

252 1567 326 1601 tice
359 1563 522 1609 γέλοιον,
556 1563 656 1606 vulgo
681 1563 824 1605 γελοῖον
849 1561 921 1595 sine

253 1610 513 1657 significationis
570 1608 783 1649 discrimine,
830 1607 920 1653 quod

252 1660 415 1693 Timaeus
449 1667 585 1701 quoque
617 1655 683 1689 leX.
711 1666 743 1698 p.
771 1655 826 1688 66.
854 1665 920 1687 non

253 1714 443 1749 agnoscere
474 1702 630 1742 videtur,
675 1700 802 1733 dictum
843 1711 918 1733 esse

255 1752 421 1790 doceant,
446 1748 503 1782 alii
533 1748 628 1792 iique
660 1747 760 1789 longe
782 1746 920 1791 plurimi

256 1797 437 1830 discrimen
448 1794 576 1827 faciant
590 1798 626 1826 et
643 1790 786 1836 γέλοιον
800 1792 920 1835 (etiam

256 1840 401 1887 γελοιὸν
430 1840 637 1883 Philoponus
670 1838 761 1884 apud
792 1839 922 1872 Eusta-

256 1889 364 1923 thium
388 1888 422 1920 in
446 1886 485 1919 Il.
520 1886 564 1919 T.
591 1886 659 1919 ΠΙ.
689 1896 722 1929 p.
751 1886 838 1925 116,
863 1886 920 1919 36.

256 1935 352 1980 Lips.
387 1938 422 1967 et
469 1937 588 1966 auctor
634 1930 733 1964 lexici
782 1930 920 1963 Coislin.

257 1993 292 2027 p.
319 1981 419 2024 470.)
450 1978 564 2019 laudi,
601 1977 746 2011 alterum
771 1976 921 2010 convicio

258 2027 386 2068 affine,
417 2030 458 2058 ut
480 2025 630 2058 Thomas
655 2023 748 2066 Mag.
775 2027 811 2056 et
841 2023 923 2056 Sui-

260 2074 344 2114 das,
376 2071 432 2105 vel
473 2076 614 2110 contra,
644 2074 683 2102 ut
717 2069 921 2110 Ammonius,

255 2118 480 2163 Etymologus
524 2120 559 2149 et
605 2115 816 2148 Phaborinus
850 2120 922 2148 sta—

257 2170 377 2206 tuant,
412 2163 467 2197 alii
497 2162 643 2207 denique
666 2163 810 2204 γελοῖον
835 2161 923 2194 anti-

257 2210 432 2257 quioribus
456 2208 598 2248 Atticis,
633 2206 777 2251 ’γέλοιον
802 2219 922 2240 recen-

257 2257 424 2297 tioribus,
456 2259 496 2288 ut
520 2254 635 2287 Aelius
657 2253 840 2297 Dionysius
865 2265 920 2297 ap.

256 2303 418 2338 Eustath.
444 2301 479 2334 in
503 2300 544 2333 Il.
578 2301 621 2334 T.
648 2300 675 2332 Ι.
702 2311 735 2344 p.
764 2301 841 2340 167,
868 2301 921 2333 19.

257 2350 451 2393 assignent,
485 2347 604 2380 mirum
636 2357 702 2379 non
727 2350 797 2386 est,
832 2345 860 2378 si
882 2345 924 2378 li-

255 2396 390 2430 brarios
413 2395 495 2427 item
518 2392 552 2426 in
583 2392 719 2425 diversa
753 2391 847 2425 abire
870 2391 924 2424 vi-

256 2442 395 2482 demus3
431 2450 572 2485 quorum
605 2437 844 2472 auctoritatem
869 2448 924 2471 se-

257 2487 316 2533 qui
341 2486 464 2520 editori
487 2497 527 2519 eo
564 2484 674 2528 magis
705 2483 925 2517 arbitrarium

258 2545 335 2569 esse
359 2533 479 2573 debet,
510 2531 600 2576 quod
623 2532 718 2576 ipsos
745 2541 807 2574 pro
832 2529 924 2562 arbi-

257 2579 327 2614 trio
366 2590 440 2612 eam
474 2589 546 2611 rem
590 2576 846 2611 administrasse
891 2579 927 2608 et

258 2625 446 2670 scriptores
470 2628 630 2657 accentus
663 2623 771 2656 nullos
803 2621 927 2655 fecisse

261 2675 409 2705 constat.
444 2670 568 2714 Itaque
578 2669 757 2704 Bekkerus
774 2679 834 2702 suo
853 2668 926 2701 iure

260 2728 344 2751 usus
368 2717 403 2749 id
436 2716 622 2760 praetulit,
659 2715 748 2760 quod
780 2714 927 2759 plurium

262 2762 489 2797 testimonium
499 2762 795 2806 grammaticorum
807 2766 842 2794 et
853 2760 928 2805 ipsa

262 2809 354 2843 ratio
401 2814 504 2848 atque
556 2807 711 2852 analogia
761 2806 928 2840 nominum

267 2851 419 2898 ὅμοιος,
446 2851 593 2897 ἕτοιμος
617 2854 826 2898 aliorumque
848 2852 927 2886 Pla—

972 642 1063 676 tonis
1095 643 1203 676 aetati
1238 642 1411 676 vindicare
1451 641 1638 676 videretur.

974 688 1098 733 Neque
1114 689 1427 733 reprehendendum
1439 694 1533 732 pute,
1550 688 1641 733 quod

974 734 1062 768 idem
1088 734 1183 775 alibi,
1206 739 1246 767 ut
1269 735 1309 767 L.
1336 735 1403 768 III.
1430 746 1463 779 p.
1489 735 1568 770 392.
1596 734 1638 767 D.

974 781 1052 816 403.
1078 781 1121 814 Ε.
1146 780 1290 814 Phaedr.
1317 793 1350 824 p.
1377 783 1454 815 229.
1479 780 1523 813 Ε.

975 827 1019 860 D.
1064 829 1144 861 257.
1183 827 1221 860 C.

1285 827 1364 861 260.
1398 827 1436 859 Β.
1475 826 1515 859 C.
1559 828 1638 861 274.

978 873 1018 906 C.
1062 876 1097 906 et
1138 872 1272 917 saepius
1314 872 1639 918 properispomenon

977 919 1134 960 omnium,
1153 924 1193 952 ut
1207 919 1355 960 videtur,
1381 919 1532 952 codicum
1558 930 1640 952 con-

977 977 1077 999 sensu
1101 965 1262 999 munitum
1294 964 1415 998 tenuit.
1466 964 1641 1004 Quemad-

977 1011 1110 1044 modum
1136 1010 1221 1044 enim
1240 1010 1306 1043 alia
1326 1010 1383 1043 illa
1400 1014 1528 1051 aetate,
1547 1015 1642 1044 certe.

977 1057 1129 1091 Platonis
1152 1057 1187 1089 in
1212 1056 1404 1097 codicibus,
1437 1056 1565 1090 variari
1587 1056 1640 1089 vi-

978 1103 1114 1143 demus,
1137 1102 1187 1135 ita
1211 1101 1308 1135 huius
1328 1101 1467 1135 nominis
1491 1113 1642 1146 pronun-

976 1149 1152 1183 tiationem
1168 1159 1263 1181 ,nunc
1287 1148 1508 1192 antiquiorem
1521 1174 1530 1189 ‚
1554 1160 1644 1182 nunc

975 1195 1150 1238 vulgarem
1183 1194 1248 1239 ipsi
1281 1194 1441 1238 scriptori
1474 1194 1643 1239 placuisse

976 1241 1030 1274 vel
1063 1240 1243 1274 secundum
1278 1240 1558 1283 significationem
1592 1241 1643 1274 al-

976 1291 1144 1321 terutram
1169 1287 1211 1319 ab
1245 1297 1284 1319 eo
1318 1286 1508 1330 praelatam
1538 1287 1644 1320 fuisse

978 1333 1112 1378 opinari
1133 1333 1225 1366 licet.
1273 1332 1343 1365 Sed
1368 1332 1432 1365 hoc
1466 1332 1576 1377 ipsum
1601 1332 1644 1366 ad

979 1379 1112 1413 codices
1158 1378 1270 1411 redire
1318 1389 1378 1411 nos
1422 1378 1538 1420 iubet3
1586 1379 1645 1423 qui

979 1437 1081 1470 quum
1113 1425 1287 1470 plerisque
1321 1424 1355 1457 in
1386 1424 1468 1458 locis
1497 1426 1644 1467 γελοῖον

979 1472 1097 1504 eadem
1134 1469 1354 1512 constantia,
1395 1481 1463 1515 qua
1498 1468 1642 1513 ὅμοιον,

978 1517 1186 1558 exhibeant,
1220 1517 1284 1550 hoc
1317 1528 1453 1561 quoque
1477 1514 1551 1550 loco
1572 1528 1643 1550 ma-

976 1563 1082 1597 iorem
1121 1575 1246 1598 eorum„
1277 1569 1410 1607 partem
1452 1562 1487 1595 in
1520 1562 1644 1608 ‘iisque

977 1610 1140 1655 optimum
1163 1609 1261 1654 sequi
1284 1609 1392 1642 tutius
1417 1608 1532 1642 fuerit.

1023 1687 1132 1732 περὶ]
1159 1687 1263 1733 παρὰ
1287 1688 1373 1722 Lob.
1397 1689 1496 1722 vind.
1513 1688 1586 1722 BD.
1609 1693 1646 1723 et

978 1746 1084 1779 super
1107 1735 1198 1779 vulg.
1225 1747 1245 1769 a
1269 1747 1311 1769 m.
1339 1748 1367 1770 s.
1391 1735 1431 1769 F.
1466 1736 1546 1769 Vat.
1563 1735 1642 1769 ΒΜ.

1023 1812 1093 1860 τὰ]
1120 1813 1164 1850 τὸ
1190 1815 1288 1849 Vind.
1315 1816 1357 1850 D.

1022 1884 1118 1928 νῦν]
1143 1884 1214 1917 νῦν
1239 1882 1284 1929 δὴ
1312 1885 1438 1920 Euseb.

1026 1952 1081 1997 εἰ]
1107 1948 1132 1996 ἢ
1159 1953 1258 1987 vind.
1285 1954 1326 1987 F.

1026 2030 1234 2078 πράξεται]
1274 2032 1432 2076 πράξετε
1466 2032 1565 2067 vind.
1602 2034 1642 2068 Β.

980 2078 1058 2112 Vat.
1100 2079 1149 2112 M.
1211 2078 1438 2124 πεπράξεται
1480 2079 1571 2113 Mon.
1604 2080 1643 2113 B.

979 2124 1168 2158 Bekkerus.
1220 2126 1291 2158 Sed
1315 2138 1380 2159 non
1405 2126 1456 2159 ita
1481 2126 1645 2159 Socrates

979 2172 1085 2204 multa
1108 2171 1251 2205 ridicula
1283 2172 1389 2205 visum
1424 2171 1469 2205 iri
1492 2172 1646 2216 suspica-

979 2222 1060 2258 tur,
1097 2216 1126 2250 si
1159 2217 1227 2250 ista
1257 2217 1305 2250 sic
1340 2222 1483 2262 peracta
1505 2218 1645 2260 fuerint,

980 2263 1041 2296 sed
1065 2263 1092 2296 si
1125 2265 1267 2307 posthac
1290 2270 1511 2308 peragantur.
1559 2264 1648 2298 For-

980 2321 1067 2342 mam
1099 2315 1211 2344 autem
1244 2310 1409 2349 mediam.
1452 2321 1541 2355 quae
1571 2310 1647 2355 ipsa

980 2355 1118 2388 librario
1153 2355 1330 2389 offensioni
1363 2357 1468 2389 fuisse
1499 2356 1646 2398 videtur,

981 2402 1065 2434 satis
1090 2407 1230 2435 tuentur
1253 2402 1333 2435 item
1355 2402 1541 2446 singularia
1556 2400 1645 2447 βλά-

980 2453 1120 2488 wem-m
1155 2452 1190 2480 et
1222 2448 1424 2491 τρίψεσθαι
1459 2448 1592 2493 aliaque
1627 2460 1649 2482 a

981 2493 1184 2527 Buttmanno
1209 2506 1349 2537 gramm.
1375 2495 1421 2528 II.
1446 2506 1480 2538 p.
1501 2494 1556 2528 54.
1578 2493 1648 2527 col-

981 2539 1061 2573 lata.
1109 2539 1239 2573 Eodem
1263 2541 1414 2584 pertinet
1433 2537 1648 2584 θρέψονται

982 2586 1022 2618 L.
1049 2585 1095 2619 11.
1133 2597 1211 2631 pag.
1237 2587 1316 2621 376.
1344 2587 1384 2620 C.
1424 2593 1460 2620 et
1493 2581 1648 2628 ἄξονται

983 2631 1023 2665 L.
1050 2632 1091 2664 V.
1125 2644 1158 2677 p.
1184 2633 1263 2667 458.
1289 2631 1340 2666 D.'
1381 2633 1433 2666 De
1465 2631 1648 2666 indicativo

984 2679 1029 2712 cf.
1053 2677 1246 2712 Lobeckius
1271 2679 1314 2713 ad
1345 2679 1471 2723 Phryn.
1505 2689 1538 2723 p.
1566 2680 1649 2713 721.

1029 2752 1055 2805 ᾗ
1066 2760 1077 2803 ]
1102 2754 1126 2803 ἢ
1153 2758 1252 2792 vind.
1277 2759 1317 2792 F.
1343 2763 1379 2792 et
1402 2761 1482 2792 ante
1505 2769 1592 2791 corr.
1604 2757 1648 2791 D.

985 2805 1112 2885 ἐπεὶ).
1161 2807 1190 2839 si
1215 2811 1371 2851 agantur
1401 2806 1455 2840 vel
1487 2805 1649 2840 dicantur

1015 2863 1057 2885 ιο.
