1807 3219
320 153 402 193 166

764 144 1242 187 PLATONIS

319 262 409 305 τῶν
438 256 584 312 ζώων,
628 255 776 312 ἰ’σμεν,
808 253 876 299 ὅτι
903 254 953 299 τὸ
983 255 1044 314 μὴ
1073 255 1208 313 τυχὸν
1236 256 1427 312 τροφῆς,
1457 245 1510 310 ἧς
1537 251 1704 310 προσή-

319 345 388 374 κει
415 324 606 383 ἑκάστῳ,
655 322 758 380 μηδ’
793 323 912 379 ὥρας
950 324 1059 382 μηδὲ
1097 323 1262 375 τόπου,
1308 323 1397 381 ὅσῳ
1432 320 1486 365 ἂν
1515 321 1706 378 ἐῤῥωμε-

320 395 526 449 νὲστερον
553 388 608 452 ᾖ,
655 391 854 449 τοσούτῳ
893 392 1111 438 πλειόνων
1148 394 1267 439 ἐνδεῖ
1302 397 1393 437 τῶν
1433 388 1707 446 πρεπόντων·

321 462 478 521 ἀγαθῷ
507 461 593 519 γάρ
621 477 712 506 που
740 459 880 505 κακὸν
917 460 1256 517 ἐναντιώτερον,
1295 459 1326 518 ἢ
1357 462 1419 520 τῷ
1448 458 1507 517 μὴ
1538 458 1708 518 ἀγαθῷ.

321 535 425 583 Πῶς
454 530 500 576 δ’
533 529 613 582 οὕς
642 529 758 586 ’Έχει
788 529 866 586 δὴ,
896 527 1040 588 οἶμαι,
1079 529 1215 587 λόγον
1243 528 1325 587 τήν
1356 528 1539 584 ἀρίστην
1569 527 1709 584 φύσιν

322 601 372 646 ἐν
401 597 722 657 ἀλλοτριωτέρᾳ
761 592 902 642 οὖσαν
938 602 1084 657 τροφῇ
1124 597 1280 643 κάκιον
1317 595 1606 641 ἀπαλλάττειν
1634 599 1712 652 τῆς

262 677 297 720 Ε
327 668 513 726 φαύλης.
559 666 688 724 '‘Exec-

748 665 951 720 Οὐκοῦν,
981 663 1038 725 ἦν
1067 665 1113 711 δ’
1141 665 1247 723 ἐγώ,
1278 660 1314 709 ὦ
1338 663 1606 723 Ἀδείμαντε,
1635 665 1713 709 καὶ

323 736 403 789 τοὶς
432 735 574 792 ψυχὰς
601 734 718 780 οὕτω
760 738 916 792 φῶμεν
955 735 1032 787 τοὶς
1061 732 1361 791 εὐφυεστάτας
1390 738 1527 790 κακῆς
1553 734 1714 777 παιδα-

325 807 487 863 γωγίας
518 803 734 861 τυχούσας
771 803 1072 861 διαφερόντως
1109 803 1246 855 κακὰς
1283 804 1532 859 γίγνεσθαις
1571 801 1600 858 ἢ
1630 803 1714 846 οἴει

325 872 379 918 τοὶ
427 871 593 929 μεγάλα
633 872 880 930 ἀδικήματα
919 871 994 916 καὶ
1042 870 1122 928 τὴν
1162 869 1357 926 ἄκρατον
1397 871 1618 926 πονηρίαν
1666 870 1715 914 ἐκ

328 940 528 999 φαύλης,
566 940 665 986 ἀλλ’
699 940 784 986 οὐκ
813 941 862 986 ἐκ
889 944 1096 998 νεανικῆς
1126 940 1302 997 φύσεως
1328 942 1475 997 τροφῇ
1518 935 1717 996 διολομέ-

374 1063 706 1112 ἐρρωμενέστερον]
733 1064 992 1123 ἐρρωμενέστε-

328 1125 394 1157 ρος
425 1114 507 1167 liat.
531 1114 576 1147 H.
607 1114 704 1147 Flor.
728 1114 801 1147 Ac.
839 1111 993 1157 ἐρρωμε-

328 1157 503 1203 νεστέρας
525 1159 627 1194 Vind.
653 1159 696 1194 E.
728 1161 926 1206 generosius
952 1171 994 1193 αο

328 1206 562 1241 vehementius
583 1206 661 1239 Fic.

377 1248 416 1284 ἐν
446 1248 720 1307 ἀλλοτριωτέρᾳ
758 1245 876 1285 οὖσαν
910 1261 994 1294 τρο-

330 1298 410 1342 φῇ]
439 1294 536 1332 ἕνα.
565 1297 660 1331 οὐσα
690 1309 744 1340 τρ.
770 1297 868 1332 Vind.
894 1297 936 1330 F.
965 1297 995 1330 εἰ

330 1345 390 1378 sub
410 1345 557 1377 adversa
575 1346 699 1386 forma
717 1345 897 1378 nutriatur
920 1343 996 1376 Fic.

331 1389 416 1423 Inde
449 1390 622 1423 Heusdius
655 1401 747 1434 spec.
771 1400 850 1433 pag.
875 1390 932 1423 29.
959 1386 998 1422 ἐν

333 1433 513 1480 ἀλλοτρίῳ
535 1436 741 1479 τραφεῖσαν
765 1435 885 1479 τροφῇ
911 1435 999 1468 scii-

331 1482 478 1516 bendum
503 1483 672 1523 coniecit,
705 1492 825 1526 pamm
858 1481 997 1525 elegan-

334 1532 408 1569 ter,
435 1530 472 1561 ut
495 1528 578 1561 mihi
603 1528 751 1569 videtur,
776 1530 811 1560 et
833 1527 921 1560 male
945 1528 999 1560 of-

335 1576 451 1608 fensus
471 1574 701 1618 comparativo
714 1599 724 1615 ‚
750 1574 807 1617 qui
825 1573 999 1617 propriam

334 1621 367 1654 h.
393 1622 415 1654 l.
440 1620 508 1653 vim
532 1619 673 1654 obtinet.
722 1620 885 1654 Socrates
911 1619 1000 1652 enim

334 1667 399 1701 hoc
445 1666 549 1707 dicit,
594 1677 640 1700 ex
688 1665 819 1699 duabus
855 1665 999 1706 naturis,

336 1723 481 1758 quarum
503 1723 571 1744 una
603 1712 748 1756 optima,
781 1711 891 1745 altera
922 1711 1001 1744 vilis

336 1759 404 1799 sit,
437 1758 496 1791 ubi
521 1759 634 1792 neutri
664 1758 868 1792 conveniens
892 1757 1002 1791 nutri-

337 1805 386 1839 tio
411 1804 598 1847 obtigerit,
632 1804 794 1848 optimam
826 1803 923 1848 peius
961 1814 1003 1837 ea

337 1862 376 1884 re
409 1850 503 1883 affici
536 1854 572 1882 et
617 1851 725 1883 maius
766 1850 1004 1883 detrimentum

338 1907 485 1941 capere,
520 1907 620 1940 quam
643 1896 764 1937 vilem,
788 1895 870 1940 quia
892 1895 1002 1939 magis

339 1943 486 1977 adversa
517 1946 552 1974 et
583 1942 693 1976 aliena
716 1942 904 1975 nutritione
926 1945 1005 1974 uta-

338 1993 419 2030 tur,
465 1999 566 2032 quam
596 1988 666 2022 illa.
723 1988 882 2021 Pluribus
917 1987 1006 2020 enim

341 2046 426 2079 opus
466 2034 595 2067 habens
634 2033 734 2078 plura
771 2033 838 2067 sibi
884 2033 1007 2066 deesse

341 2081 468 2114 sentiat
492 2091 631 2113 necesse
651 2083 723 2113 est·
748 2076 929 2115 πλειόνων
950 2076 1006 2113 ἐν·

344 2126 403 2161 δεῖ
418 2126 494 2160 τῶν
517 2123 749 2171 πρεπόντων.

387 2191 518 2228 κάκιον
556 2191 823 2239 ἀπαλλάττειν]
860 2195 1007 2228 deterio-

343 2253 415 2275 rem
434 2242 581 2275 evadere
604 2241 680 2275 Fic.
728 2241 770 2275 Id
793 2252 874 2275 vero
899 2252 1009 2285 neque

343 2298 386 2322 ex
411 2287 689 2321 antecedentibus
719 2287 868 2320 efficitur
898 2297 1010 2331 neque

344 2333 477 2367 omnino
500 2344 618 2366 venun
634 2345 744 2378 neque
761 2333 877 2367 verbis
896 2334 1010 2366 Grae-

345 2379 395 2413 cis
420 2379 650 2423 significatum
673 2382 738 2421 est,
762 2390 850 2424 quae
870 2390 1011 2424 quomo-

345 2425 389 2459 do
413 2425 636 2469 intelligenda
658 2429 787 2470 putem,
809 2425 908 2458 modo
927 2424 1010 2459 dixi.

348 2471 490 2511 Minime
521 2472 628 2514 igitur
659 2471 890 2524 probandum,
922 2470 1013 2516 quod

349 2528 394 2551 ex
426 2517 595 2551 Boeckhii
634 2517 830 2555 conlectura
860 2518 896 2551 in
928 2517 1013 2551 Min.

349 2575 384 2608 p.
411 2564 489 2598 103.
516 2564 696 2608 proposita
718 2563 987 2597 Stallbaumius
979 2573 1015 2597 m

347 2612 480 2643 textum
498 2620 576 2643 rece
578 2609 641 2655 pit,
665 2607 805 2644 κακίον’
827 2605 1014 2644 &wudz-

347 2666 436 2691 τειν.

397 2720 553 2767 φαύλης.
569 2719 694 2767 ’Έχει.]
731 2721 879 2768 φαύλης
909 2722 1013 2768 ἔχειν.

352 2770 438 2803 Lob.
464 2769 564 2803 Vind.
581 2771 623 2805 B.
656 2769 731 2803 Nec
756 2771 856 2805 aliter
880 2771 914 2804 in
935 2772 1013 2806 Vat.

353 2815 400 2850 M.
426 2815 587 2861 scriptum
609 2816 756 2859 videtur,
780 2828 821 2851 ex
842 2828 909 2863 quo
920 2817 1013 2852 Bek-

1049 1066 1154 1100 kerus
1185 1069 1225 1100 ut
1258 1076 1301 1098 ex
1325 1064 1427 1101 Vind.
1451 1065 1492 1098 B.
1519 1061 1611 1108 ἔχειν
1636 1075 1719 1098 eno·

1050 1113 1155 1154 tavit,
1182 1113 1224 1145 de
1247 1111 1524 1156 interpunctione
1548 1110 1667 1145 tacuit.

1095 1138 1227 1192 παίδα
1220 1158 1383 1202 γωγίας]
1442 1156 1764 1212 παιδαγωγείαςΕ

1051 1205 1151 1240 Vind.
1183 1205 1224 1237 Β.
1269 1203 1388 1237 Pollux
1421 1203 1468 1236 II.
1501 1205 1566 1237 20·
1604 1201 1668 1236 καὶ
1693 1199 1715 1247 ἡ

1051 1249 1285 1294 παιδαγωγία
1302 1245 1406 1293 παρὰ
1426 1246 1612 1283 Πλάτωνι.
1662 1248 1718 1283 Cf.

1051 1298 1141 1331 Tim.
1166 1308 1200 1341 p.
1226 1297 1284 1330 89.
1312 1296 1352 1330 D.

1100 1342 1312 1386 γίγνεσθαις
1323 1342 1336 1386 ]
1369 1341 1438 1385 γίν.
1464 1341 1566 1377 xind.
1592 1341 1632 1375 Β.
1667 1340 1722 1386 γί-

1054 1390 1221 1444 γνεσθαι.
1243 1388 1319 1421 Ald.
1340 1388 1468 1443 Steph.

1102 1431 1288 1478 ἄκρατον]
1326 1430 1540 1478 ακροτιὶτην
1566 1445 1609 1478 γρ
1635 1434 1721 1469 Ven.

1055 1481 1094 1515 B.
1131 1487 1319 1515 extremam
1341 1480 1419 1514 Fic.

1101 1527 1250 1571 τροφῇ]
1285 1526 1412 1570 μορφῇ
1447 1525 1543 1559 Flor.
1571 1525 1612 1559 C.
1656 1537 1723 1560 om.

1055 1572 1142 1607 Lob.
1167 1574 1268 1607 Vind.
1294 1573 1334 1606 B.
1361 1573 1440 1606 Vat.
1465 1572 1514 1605 M.

1104 1616 1343 1662 διολομένης]
1380 1618 1435 1652 Ita
1459 1618 1538 1652 Par.
1565 1617 1605 1651 A.
1633 1618 1722 1653 Ven-

1058 1665 1100 1701 C.
1135 1665 1230 1699 Flor.
1269 1665 1309 1698 C.
1347 1664 1412 1707 (ut
1435 1664 1571 1710 quidem
1594 1664 1630 1697 in
1655 1675 1724 1698 sec.

1058 1711 1304 1745 Stallbaumius
1328 1710 1450 1753 docet3
1474 1711 1509 1744 in
1533 1722 1586 1755 pr.
1609 1710 1727 1754 διεχο·

1058 1756 1170 1801 μένης
1194 1758 1229 1791 in
1252 1757 1348 1791 Flor.
1376 1757 1415 1791 C.
1439 1737 1668 1800 διολνμένης
1692 1756 1729 1790 in

1059 1803 1155 1837 Flor.
1181 1805 1224 1838 Σ.
1247 1815 1268 1837 a
1299 1815 1342 1837 m.
1367 1814 1394 1836 5.
1422 1803 1588 1848 scriptum
1623 1803 1729 1847 idque

1061 1861 1083 1884 a
1105 1850 1266 1883 Bekkero
1297 1852 1473 1894 receptum
1504 1848 1728 1892 tradiderat.)

1062 1898 1118 1938 et,
1141 1907 1215 1940 sup.
1242 1907 1325 1929 am.
1347 1906 1374 1929 s.
1400 1907 1438 1937 ν,
1462 1894 1565 1931 wind.
1583 1895 1627 1928 F.
1653 1905 1729 1928 cor-

1061 1941 1518 2042 §455⁰H(²”352533.{22..
1518 1937 1730 2022 fflsslss‘sfvff.

1064 2031 1302 2077 διολλυμένης
1334 2033 1459 2079 reliqui
1491 2033 1625 2067 codices
1657 2032 1732 2066 edi·
1763 2071 1767 2073 ,

1064 2080 1245 2124 tionesque
1278 2083 1418 2124 praeter
1452 2079 1730 2112 Bekkerianam·
1719 2103 1731 2120 ,

1065 2126 1156 2171 quod
1179 2125 1266 2159 ferri
1290 2125 1419 2170 nequit.
1451 2125 1532 2159 Non
1556 2125 1635 2158 dum
1656 2135 1734 2158 cot-

1065 2171 1233 2216 rumpitur
1256 2175 1399 2214 natura,
1435 2171 1496 2205 sed
1528 2182 1632 2216 quum
1656 2181 1733 2205 cor-

1066 2222 1170 2262 rupta
1205 2220 1277 2259 est,
1319 2217 1460 2262 egregia
1490 2218 1551 2251 illa
1579 2217 1733 2251 facinora

1067 2264 1147 2298 edit.
1204 2264 1370 2297 Nostram
1409 2264 1588 2298 lectionem
1617 2265 1734 2296 tuetur

1067 2313 1102 2343 et
1125 2310 1318 2344 Pausaniae
1354 2310 1450 2343 locus
1474 2311 1516 2344 ab
1545 2309 1642 2344 Astio
1665 2308 1734 2342 iam

1066 2356 1280 2400 significatus
1312 2355 1352 2389 L.
1378 2356 1458 2390 ΣΙΙ.
1492 2368 1522 2390 c.
1550 2358 1603 2391 17.
1639 2356 1672 2410 5
1697 2355 1732 2389 3.

1069 2402 1178 2436 Bekk.
1205 2398 1382 2436 ἀπιδόντι
1399 2413 1469 2436 ουν
1489 2399 1526 2441 ἐς
1545 2399 1659 2436 τοῦτό
1658 2412 1736 2455 μοι

1059 2448 1136 2482 ’τοῦ
1164 2445 1343 2503 Νέρωνος
1364 2445 1407 2482 τὸ
1432 2447 1538 2503 ἔργον
1553 2438 1735 2504 ὀρθοτα-

1069 2505 1117 2528 τα
1148 2492 1335 2538 εἰρηκέναι
1362 2492 1521 2528 Πλάτων
1537 2490 1734 2549 ἐφαίνετο,

1072 2537 1092 2574 ὁ
1113 2537 1342 2582 Ἀρίστωνος,
1369 2537 1494 2574 ὁπόσα
1522 2536 1736 2595 ἀδικήματα

1072 2585 1224 2641 μεγέθει
1240 2585 1304 2620 καὶ
1321 2584 1525 2630 τολμήματί
1537 2582 1665 2620 ε’στινι
1672 2596 1737 2619 πε-

1075 2630 1267 2676 ρῃρκότα,
1302 2631 1348 2667 οὗ
1375 2633 1452 2666 τῶν
1490 2629 1737 2676 ἐπιτυχόντων

1074 2690 1171 2713 ειναι
1197 2679 1321 2713 ταῦτα
1351 2675 1589 2735 ἀνθρώπων,
1614 2677 1739 2722 ψυχῆς

1072 2724 1112 2759 δὲ
1122 2725 1294 2780 γενναίας
1310 2721 1388 2760 υπὸ
1405 2722 1551 2760 ατόπου
1563 2725 1738 2765 παιδείας

1070 2769 1360 2816 διεφθαρμένης.

1073 2860 1076 2863 ¹
1116 2818 1330 2863 γίγνεσθαι]
1356 2814 1531 2862 γενέσθαι
1553 2817 1647 2853 Flor.
1667 2817 1712 2853 T.
