1807 3219
308 150 393 190 272

766 145 1248 190 PLATONIS

310 259 531 315 ἡγεμόνας
560 276 606 305 τε
637 262 710 304 καὶ
753 259 956 317 βασιλέας
986 257 1299 315 ἐγεννήσαμεν,
1340 253 1524 311 ἄμεινόν
1552 273 1597 301 τε
1625 258 1700 301 καὶ

248 331 280 372 C
311 328 573 380 τελεώτερον
603 328 781 372 ἐκείνων
802 328 1174 384 πεπαιδευμένους
1201 325 1275 369 καὶ
1297 329 1464 378 μᾶλλον
1483 325 1701 376 δυνατούς

310 395 577 451 ἀμφοτέρων
608 398 812 453 μετέχειν.
866 396 1135 452 καταβατέον
1166 388 1250 438 οὖν
1293 393 1340 436 ἐν
1378 393 1498 448 μέρει
1533 393 1700 449 ἑκάστῳ

309 466 370 515 εἰς
405 464 485 520 τὴν
521 468 610 507 τῶν
643 464 788 507 ἄλλων
819 465 1071 520 ξυνοίκησιν
1104 463 1178 506 καὶ
1206 461 1491 505 συνεθιστέον
1518 461 1572 504 τοὶ
1597 472 1703 504 σκο-

312 531 431 575 τεινὰ
459 532 729 576 θεάσασθαι·
762 532 1094 587 ξυνεθιζόμενοι
1123 530 1207 586 γὰρ
1239 533 1381 586 μυρίῳ
1401 529 1572 586 βέλτιον
1595 530 1701 581 ὄψε-

311 606 391 644 σθε
421 607 510 643 τῶν
541 601 630 644 ἐκεῖ
659 602 727 644 καὶ
761 600 982 656 γνώσεσθε
1014 599 1174 642 ἕκαστα
1204 599 1256 642 τοὶ
1293 601 1449 642 εἴδωλα
1480 597 1587 641 ἅττα
1613 598 1703 642 ἐστὶ

310 669 383 711 καὶ
415 662 500 720 ὦν,
534 669 606 712 διοὶ
627 669 677 712 τὸ
699 668 871 725 τάληθῆ
893 668 1135 721 ἑωρακέναι
1165 671 1313 710 καλῶν
1344 684 1387 711 τε
1416 668 1489 710 καὶ
1520 669 1704 711 δικαίων

309 738 384 780 καὶ
418 736 601 791 ἀγαθῶν
633 737 743 792 πὲρι.
777 738 848 781 καὶ
883 736 1024 787 οὕτως
1047 735 1165 790 ὕπαρ
1191 734 1295 792 ἡμῖν
1317 737 1391 779 καὶ
1408 733 1704 791 ὑμῖνὴπόλις

310 804 553 861 οἰκήσεται,
587 803 686 849 ἀλλ’
719 805 801 849 οὐκ
840 805 969 859 ὄναρ,
1005 804 1064 855 ὠς
1095 808 1179 847 νῦν
1210 805 1257 847 αἱ
1285 804 1443 846 πολλαὶ
1465 803 1552 847 ὑπό
1578 815 1700 847 σκια-

244 888 282 928 Ῑ)
312 874 573 929 μαχούντων
615 891 659 917 τε
711 873 824 928 πρὸς
864 872 1081 930 ἀλλήλους
1128 873 1201 916 καὶ
1249 869 1568 924 στασιαζόντων
1605 872 1702 927 περὶ

311 948 391 986 τοῦ
422 942 571 999 ἄρχειν
602 945 857 995 οἰκοῦνται,
891 943 950 994 ὥς
981 942 1177 999 μεγάλου
1207 939 1326 991 τινὸς
1358 939 1532 996 ἀγαθοῦ
1565 939 1702 992 ὄντος.

308 1010 358 1055 τό
391 1012 436 1055 δέ.
467 1028 554 1055 που
589 1010 746 1068 ἀληθὲς
777 1007 855 1055 (ὅδ’
889 1013 995 1067 ἔχει·

1038 1011 1086 1054 ἐν
1115 1009 1241 1053 πόλει
1277 1004 1307 1067 ᾗ
1335 1007 1491 1066 ἥκιστα
1530 1007 1702 1063 πρόθυ-

308 1097 385 1135 μοι
415 1079 564 1137 ἄρχειν
596 1082 639 1124 οἱ
661 1080 889 1135 μέλλοντες
908 1079 1082 1135 ἄρξειν,
1115 1077 1281 1135 ταύτην
1302 1076 1458 1132 ἄριστα
1475 1078 1548 1121 καὶ
1570 1076 1702 1124 ἀστα-Ι

306 1300 330 1334 k
351 1246 550 1307 ἡγεμόνας]
572 1245 754 1298 ἡγεμόνος
766 1253 869 1288 editio
882 1255 974 1288 Bek—

333 1312 392 1333 eri.
465 1313 467 1315 ¹

356 1343 520 1390 ἑκάστῳ]
569 1342 723 1380 ἕκαστον
764 1346 865 1380 Vind.
900 1347 974 1381 EF.

308 1394 413 1437 (Ven.
446 1393 487 1426 B.
527 1392 613 1436 Ang.
645 1393 686 1425 B.
731 1393 824 1426 Flor.
848 1393 974 1436 ACR.)

307 1438 383 1472 Ald.
405 1439 483 1472 Bas.
498 1439 553 1472 ab.
579 1439 700 1482 steph.
725 1440 879 1472 Ast.sec.
895 1444 974 1472 tert.

308 1485 432 1518 Stallb.
448 1495 499 1529 pr.
515 1496 612 1529 quos
638 1486 792 1529 sequitur
806 1485 975 1518 Matthiae

306 1542 448 1575 grauun.
485 1542 517 1574 p.
543 1531 622 1565 840.
658 1531 772 1565 invit‘s
809 1543 875 1564 non
908 1531 974 1564 lin-

308 1589 397 1621 guae
422 1577 571 1620 legibus,
595 1577 655 1610 sed
681 1577 863 1610 codicibus.

355 1622 584 1666 ξυνοίκησιν]
621 1622 764 1667 οἴκησιν
798 1623 898 1660 Vind.
931 1624 976 1657 F.

308 1669 395 1713 Aug.
423 1671 462 1703 B.
501 1669 592 1703 Flor.
617 1669 660 1702 R.

357 1713 620 1760 συνεθιστέον]
649 1715 727 1756 ξυν.
750 1714 846 1749 Flor.
873 1715 916 1748 T.
943 1717 980 1747 et

309 1765 439 1806 septem
473 1761 540 1803 ini,
585 1762 642 1806 qui
681 1772 785 1805 supra
811 1758 977 1804 ἕκαστον,

312 1813 348 1841 et
378 1808 515 1849 Astius,
555 1808 765 1848 Bekkerus
803 1807 979 1840 Stallbau-

311 1853 406 1886 mins.
456 1854 511 1887 Cf.
544 1865 577 1898 p.
604 1855 681 1888 530.
715 1854 765 1886 Α.
799 1852 979 1915 συστήσα-

255 1928 259 1934 .
312 1901 426 1946 σθαι,
452 1896 550 1933 ου’τω
570 1897 800 1941 ξυνεστάναι.

314 1925 588 2001 θεάσασθαι]
617 1945 789 1979 θεᾶσθαι
812 1946 911 1980 Vind.
935 1946 978 1981 Ε.

358 1989 762 2035 ξυνεθιζόμενοι]συν.
790 1993 890 2027 Vind.
918 1993 957 2025 F.

312 2039 499 2118 Βμυριῳ]
535 2038 676 2083 μυρίων
700 2041 788 2082 Ang.
809 2039 848 2072 B.
885 2039 979 2072 Flor.

359 2128 529 2184 βέλτιον]
572 2129 731 2174 βελτίονι
773 2129 859 2163 Lob.
898 2131 979 2164 Vae.

311 2177 392 2210 ΒΜ
429 2173 576 2220 βέλτιόν
602 2187 642 2210 τε
667 2176 767 2211 Vind.
793 2176 865 2210 EF.
891 2177 978 2211 Ven.

312 2224 353 2257 B.
379 2223 464 2265 Aug
488 2223 529 2255 B.
556 2223 651 2255 Flor.
678 2223 750 2255 CR.
778 2234 852 2255 cum
878 2222 979 2256 editis

312 2272 393 2303 ante
426 2252 513 2302 Astii
549 2280 616 2302 sec.
666 2269 781 2301 Etiam
815 2269 894 2302 Par.
932 2268 977 2303 K.

311 2315 354 2348 de
381 2326 446 2359 quo
471 2315 647 2347 Bekkerus
671 2319 786 2357 tacet,
800 2315 980 2360 Biponti-

310 2361 362 2395 nis
387 2360 533 2394 testibus
557 2371 596 2394 τε
621 2360 815 2393 onrittit.1

361 2403 539 2450 ὄψεσθε]
576 2401 758 2449 ὄψεσθαι
805 2407 883 2440 Vat.
930 2407 978 2440 H.

311 2453 406 2487 Idem
430 2453 532 2487 Vind.
551 2453 600 2486 Β.
624 2456 703 2485 ante
727 2461 815 2488 corr.
841 2452 980 2485 videtur

313 2499 484 2539 habuisse.
512 2493 686 2543 ἅψεσθαι
710 2500 797 2543 Ang.
822 2499 862 2533 B.
889 2499 981 2532 Flor.

313 2546 358 2580 R.
383 2550 418 2579 et
453 2551 532 2578 ante
566 2556 653 2578 corr.
681 2545 782 2579 Vind.
805 2545 849 2578 F.
888 2540 982 2588 α’ψε-

314 2592 385 2626 σθε
432 2590 521 2624 idem
568 2594 740 2634 correctus
785 2592 828 2624 ab
863 2592 982 2626 eadem

314 2649 425 2671 manu.

360 2680 569 2727 γνώσεσθε]
593 2679 804 2726 γνωσεσθαι
826 2684 914 2727 Ang.
938 2683 980 2717 B.

316 2733 369 2771 et,
383 2741 469 2783 sup.
495 2739 534 2769 ε,
561 2728 660 2762 Vind.
685 2729 730 2763 Ε.

360 2755 487 2830 ἅττα]
514 2771 609 2808 ἅττα
634 2775 735 2808 Vind.
762 2774 803 2808 Ε.
830 2773 923 2807 Mon.
939 2775 980 2808 Β.

363 2817 536 2865 τάληθῆ]
568 2817 693 2865 ἀληθῆ
718 2820 819 2856 Vind.
845 2820 887 2854 Ε

1082 1230 1206 1287 καλῶν
1223 1254 1286 1297 τε]
1311 1251 1434 1285 καλῶν
1454 1262 1493 1295 γε
1517 1251 1610 1285 Μοη.
1635 1251 1677 1286 Β.

1081 1298 1205 1385 {5522}ss
1216 1297 1494 1389 ingifi'txciwinginl}
1514 1344 1599 1377 BF.
1609 1344 1703 1378 Mon.

1034 1393 1225 1483 Ἥρῃ
1243 1391 1467 1493 ..βπ-..311
1415 1391 1705 1478 ,ab

1037 1487 1067 1521 V
1069 1481 1443 1575 ΙὲῗιῖνΕκαὶπῖἱῑνλῗῃὲ.
1463 1483 1526 1563 >Exi
1538 1482 1631 1573 {loi-
1627 1482 1704 1562 iulg.

1033 1577 1078 1610 F.
1071 1577 1196 1665 .τξ’ὲι]τ.
1220 1578 1260 1610 R.

1039 1670 1132 1705 Flor.
1158 1670 1202 1704 U.
1227 1669 1303 1702 ΑΜ.
1332 1670 1408 1702 Bas.
1436 1669 1490 1703 ab.

1086 1714 1128 1750 τὸ
1154 1714 1195 1749 δέ
1212 1734 1258 1739 ——
1283 1711 1491 1758 ἔναντίως.]
1529 1715 1703 1758 excerpsit

1041 1763 1211 1796 Stobaeus
1236 1772 1336 1794 serm.
1361 1761 1525 1794 XXXXI.
1561 1773 1594 1806 p.
1620 1762 1705 1796 259.

1041 1809 1111 1842 Sed
1145 1809 1179 1841 in
1212 1807 1285 1840 cod.
1321 1808 1361 1840 A.
1397 1813 1550 1840 extrema
1582 1807 1662 1840 inde
1685 1820 1706 1841 a

1040 1868 1085 1898 τη
1091 1867 1111 1887 ν
1133 1851 1177 1896 δ’,
1203 1854 1235 1886 in
1261 1853 1378 1887 Tiinc.
1404 1853 1515 1887 omnia
1539 1853 1672 1887 desunt.

1063 1868 1177 1944 ηωὸ]
1212 1893 1277 1933 ωὸ’
1302 1900 1401 1935 Vind.
1428 1899 1468 1932 F.
1507 1893 1588 1933 ωδε
1607 1900 1705 1934 Vind.

1040 1947 1262 2038 1377)leng
1271 1992 1355 2024 Lob.
1392 1992 1469 2025 Vat.
1506 1991 1553 2025 M
1603 1992 1703 2026 Conf.

1041 2040 1082 2073 L.
1110 2039 1204 2073 VIII.
1236 2050 1314 2082 pag.
1346 2038 1424 2072 552.
1449 2038 1491 2071 D.
1513 2044 1561 2072 et
1594 2039 1704 2071 Bern-

1040 2086 1150 2176 ἓῗιζιῗῐῖ
1167 2088 1279 2175 qisiilwlcit
1281 2084 1705 2175 εεὲἶξωὲοῗαύτηῖῃῖοῐιῖ

1012 2179 1014 2182 ”
1041 2178 1095 2211 ius
1130 2178 1203 2210 loco
1236 2176 1376 2209 Stobaei
1409 2176 1483 2210 cod.
1505 2177 1545 2210 A.
1583 2180 1619 2209 et
1650 2178 1704 2210 ed.

1042 2226 1150 2258 Gesn.
1175 2220 1293 2265 ταύτη
1319 2222 1503 2264 exhibent)
1536 2222 1607 2256 tale
1639 2231 1705 2280 est,

1039 2276 1078 2304 ut
1102 2271 1267 2303 Socrates
1291 2269 1354 2302 sibi
1380 2280 1444 2301 non
1469 2265 1511 2302 ἐν
1523 2266 1642 2311 πόλει,
1666 2265 1705 2303 ἔν

1039 2317 1084 2362 ᾐ,
1110 2316 1169 2349 sed
1195 2312 1233 2348 ἐν
1262 2308 1288 2359 ῄ
1312 2312 1420 2348 πόλει
1452 2314 1578 2348 dixisse
1612 2316 1706 2350 visus

1040 2363 1208 2397 videatur.
1257 2361 1297 2394 A}
1301 2361 1385 2402 iter,
1425 2361 1484 2394 sed
1508 2372 1574 2395 non
1598 2361 1707 2395 minus

1043 2405 1326 2448 ανακολούθως,
1341 2407 1424 2440 haec
1442 2407 1560 2440 eadem
1572 2413 1706 2441 senten-

1040 2456 1088 2488 tia
1104 2454 1321 2507 pronuntiata
1346 2456 1399 2485 est
1419 2454 1459 2489 L,
1465 2453 1495 2486 -Ι,
1516 2465 1550 2497 p.
1565 2455 1644 2488 347.
1662 2454 1704 2487 D.

1047 2524 1051 2537 ·,
1089 2496 1439 2548 ἀστασιαστότατα]
1463 2496 1706 2558 ἀστασίαστα

1042 2547 1141 2582 Stob.
1167 2546 1241 2580 cod.
1262 2543 1306 2578 A.

1075 2590 1169 2636 τὴν
1178 2589 1235 2635 δ’]
1260 2588 1329 2635 τὴν
1349 2589 1388 2625 δὲ
1412 2569 1507 2625 Flet.
1534 2591 1578 2625 T.

1088 2638 1282 2682 σχοῦσαν]
1328 2636 1511 2680 ἰσχονσαν
1543 2639 1630 2680 Ang.
1665 2637 1707 2670 Β.

1041 2684 1135 2723 Flor.
1167 2684 1210 2718 R.
1247 2687 1282 2717 et
1314 2695 1433 2727 margo
1465 2684 1505 2716 A.
1554 2682 1708 2727 ι’σχυσαν

1041 2729 1138 2763 Vind.
1163 2730 1208 2764 F.

1085 2773 1199 2831 ἡμῖν]
1226 2787 1289 2809 om.
1317 2776 1398 2808 Vat.
1422 2775 1462 2809 B.

1086 2834 1182 2856 ταυτ
1203 2823 1215 2866 ]
1241 2821 1361 2855 ταῦτα
1387 2821 1488 2856 Vind.
1511 2819 1556 2854 F.

1227 1620 1270 1656 τὸ
1305 1622 1400 1657 Mon.
1433 1622 1473 1655 Β.
1515 1621 1595 1656 Par.
1625 1621 1702 1655 ΒΚ.
1733 1613 1774 1656 D
