1807 3219
477 150 815 195 CIVITAS
860 152 982 196 LIB.
1012 152 1194 195 VII.514

1445 156 1528 197 249

145 262 510 320 ἀναπεπταμένην
550 263 662 318 πρὸς
700 265 751 308 τό
788 268 886 322 φῶς
922 265 1004 323 τὴν
1041 266 1216 310 εἴσοδον
1254 264 1414 322 ἐχούσῃ
1443 282 1527 321 μα-

144 333 259 391 κρὰν
286 331 386 390 παρ’
419 330 536 376 ἅπαν
563 329 613 375 τὸ
645 331 886 389 σπήλαιον,
925 333 974 378 ἐν
1013 333 1150 391 ταύτῃ
1174 334 1222 378 ἐκ
1250 335 1421 378 παίδων
1451 332 1530 378 ὅν-

147 421 226 456 τας
251 404 300 448 ἐν
324 404 507 458 δεσμοῖς
536 400 610 443 καὶ
649 400 704 444 τά
743 402 874 459 σκέλη
910 403 985 446 καὶ
1023 402 1130 455 τοὺς
1168 402 1378 459 αὐχένας,
1421 402 1532 447 ὥστε

148 472 296 529 μένειν
322 487 369 516 τε
398 467 562 520 αὐτούς
590 470 652 521 ε’ίς
672 485 725 513 πε
754 468 804 514 τὸ
835 469 1035 525 πρόσθεν
1061 469 1203 526 μόνον
1221 469 1353 529 ὁρᾷν,
1384 471 1530 530 κύκλῳ
1556 478 1594 521 Β

151 540 198 585 δὲ
229 540 305 592 τὰς
334 537 532 595 κεφαλὰς
560 535 651 582 ὑπό
680 541 760 582 τοῦ
800 539 964 594 δεσμοῦ
1011 537 1259 591 ἀδυνάτους
1295 540 1534 597 περιάγειν,

151 611 248 665 φῶς
278 608 326 652 δὲ
358 606 510 658 αὐτοῖς
539 607 680 662 πυρὸς
719 606 895 651 ἄνωθεν
937 607 1012 652 καὶ
1048 606 1285 664 πόρρωθεν
1314 608 1536 664 καόμενον

149 675 334 720 ὄπισθεν
362 673 534 728 αὐτῶν,
575 676 734 733 μεταξύ
765 676 812 720 δὲ
849 680 929 720 τοῦ
966 675 1107 731 πυρὸς
1137 676 1211 720 καὶ
1246 679 1335 720 τῶν
1366 679 1535 733 δεσμω-

146 748 236 788 τῶν
265 743 410 788 ἐπάνω
441 743 574 798 ὁδόν,
622 744 732 803 παρ’
761 745 818 804 ἣν
860 746 925 791 ἰδὲ
958 746 1118 802 τειχίον
1155 746 1534 805 παρῳκοδομημέ-

187 890 547 948 ἀναπεπταμένην]
597 894 812 931 ἀναπεπτα-

149 937 240 983 μένη
267 941 366 975 Vind.
390 943 434 976 Ε.
459 944 538 978 V.at
562 944 607 977 H.
633 944 726 978 F.lor
739 943 812 978 AC.

149 986 326 1020 Iamblichi
349 989 423 1022 cod.
449 989 524 1023 Ciz.

195 1029 283 1077 παρ’
310 1029 440 1078 ἅπαν]
479 1032 583 1079 παρά
613 1035 690 1070 πᾶν
722 1035 812 1069 Iam-

148 1078 252 1112 blichi
292 1081 366 1116 cod.
411 1081 484 1115 Ciz.
516 1085 560 1115 et
601 1083 654 1116 ed.
685 1081 817 1117 Kiessl.

147 1122 330 1168 παράπαν
354 1127 456 1161 vind.
480 1127 556 1162 EF.
580 1128 674 1163 Mon.
701 1128 742 1161 C.

194 1169 240 1206 τὸ
274 1170 478 1218 σπήλαιον]
520 1174 589 1208 τοῦ
627 1173 810 1217 σπηλαίου

148 1217 245 1252 Vind.
269 1218 314 1252 E.
325 1185 436 1254 ⁷I.Flor
460 1220 538 1254 RT.
564 1219 627 1254 -In
654 1220 811 1254 editioni—

145 1264 212 1298 bus
243 1268 324 1298 ante
357 1265 550 1299 Bekkerum
582 1267 616 1301 h.
649 1267 671 1300 l.
707 1270 743 1300 et
776 1266 811 1300 in

146 1311 368 1366 sequentibus
415 1316 499 1365 post
538 1310 728 1357 περιάγειν
776 1316 812 1346 et

145 1358 226 1401 post
259 1354 387 1391 αὐτῶν
433 1357 542 1392 maior
580 1358 810 1404 interpunctio

146 1406 211 1437 est.

192 1446 321 1503 σκέλη]
352 1446 457 1494 σχὲλη
492 1443 612 1484 Iambl.
634 1449 707 1484 cod.
734 1449 810 1486 Ciz.

189 1492 315 1538 μένειν
331 1496 394 1540 τε]
421 1507 460 1530 τε
486 1509 552 1530 om.
576 1497 657 1530 Bas.
683 1497 717 1531 b.

194 1539 248 1581 εἴς
264 1543 325 1586 τε]
359 1541 413 1582 εἰς
435 1543 522 1578 Lob.
547 1544 627 1578 Vat.
656 1541 705 1577 M.
732 1545 766 1575 et
791 1555 812 1577 a

147 1598 192 1622 m.
216 1599 270 1632 pr.
293 1588 335 1623 Β.
367 1587 431 1622 καὶ
457 1589 509 1628 εἰς
533 1589 626 1624 Μοιι.
649 1590 692 1623 Β.
716 1589 812 1624 Flor.

146 1633 193 1668 U.
217 1634 297 1669 Par.
320 1634 399 1670 ΒΚ.
433 1647 502 1670 sec.
525 1635 636 1670 Bekk.
661 1638 697 1668 et
720 1646 742 1669 a
768 1648 812 1670 111.

147 1691 190 1760 {i
201 1679 283 1714 vat.
306 1681 348 1715 B.
372 1679 436 1715 καὶ
458 1681 510 1721 εἴς
531 1693 570 1716 τε
588 1682 669 1716 Par.
678 1681 723 1718 K.
744 1694 813 1718 sec.

153 1806 156 1808 .
191 1769 386 1817 πρόσθεν]
422 1770 570 1817 πρόσθε
592 1773 714 1808 Iambl.
739 1774 814 1809 cod.

152 1818 228 1856 Ciz.
277 1819 378 1854 Conf.
409 1820 486 1855 Vol.
510 1820 539 1853 I.
571 1831 652 1865 pag.
678 1820 757 1863 125,
782 1832 813 1855 a.

148 1876 240 1900 vers.
262 1867 318 1900 12.

195 1908 336 1954 μόνον]
361 1923 426 1946 om.
449 1911 531 1946 Vat.
555 1897 606 1946 M.

197 1955 317 2004 κύκλῳ
335 1954 400 2001 δε]
435 1955 556 2004 κύκλῳ
583 1955 650 2001 μὲν
676 1957 816 1993 Iambli-

152 2002 207 2037 chi
230 1992 338 2038 codex
372 1993 580 2038 Parisiensis
603 2016 625 2038 a
646 2005 816 2038 Kiesslin-

151 2049 209 2093 gio
248 2049 430 2085 adhibitus.
499 2050 742 2085 Stallbaumius
778 2051 814 2085 in

152 2107 221 2131 sec.
256 2097 364 2131 verba
396 2093 517 2143 κύκλῳ
547 2094 588 2131 δὲ
623 2108 751 2151 usque
770 2097 815 2131 ad

149 2140 338 2198 περιάγειν
381 2131 670 2187 praecedentibus
718 2138 814 2177 (ὅστε

149 2184 539 2280 {m‘330‘13'22325333‘3
540 2190 594 2270 ἀεὶ
603 2189 736 2280 ,ᾖξῗιῗᾱ
752 2201 813 2269 amu

149 2281 304 2317 feruntur
335 2281 467 2335 demum
491 2285 582 2336 post
597 2281 657 2316 illa
691 2281 743 2320 εἰς
767 2280 811 2316 τὸ

150 2324 319 2370 πρόσθεν
351 2324 469 2369 μόνον
512 2325 618 2374 ὁρᾷν.
673 2328 816 2362 Scilicet

150 2373 211 2418 qui
259 2384 413 2407 cerwces
452 2362 585 2407 vinculb
631 2373 814 2408 adstrictas

151 2420 256 2453 habet
279 2419 351 2460 ita,
384 2423 425 2453 ut
447 2419 530 2453 nihil
553 2419 616 2454 nisi
642 2419 815 2454 anteriora

151 2465 286 2507 videat,
326 2465 359 2499 ei
391 2466 589 2500 facultatem
623 2465 744 2511 capitis
777 2465 813 2499 in

152 2512 270 2546 orbem
294 2510 546 2556 circumagendi
570 2513 692 2546 deesse
712 2512 815 2547 facile

151 2557 366 2602 intelligitur.
390 2559 504 2592 Nihilo
522 2558 632 2593 minus
648 2569 752 2603 quum
772 2558 816 2592 ad

152 2603 377 2638 conditionem
397 2604 538 2638 istorum
562 2604 819 2640 describendam

155 2650 343 2696 pertineret
376 2651 537 2692 maxime,
570 2655 739 2695 anteaque
761 2652 818 2684 vi-

157 2697 238 2731 dere
266 2700 421 2739 tantum,
469 2709 536 2731 non
580 2698 683 2731 etiam
721 2708 820 2741 posse

158 2742 239 2788 njhil
272 2742 338 2776 nisi
371 2743 547 2778 anteriora
578 2744 698 2778 videre
736 2742 821 2777 dicti

145 2792 292 2832 essent,
325 2789 497 2834 expressis
531 2790 650 2825 verbis
683 2789 762 2824 addi
787 2792 822 2823 et

159 2840 328 2880 tamquam
360 2836 503 2871 alterum
534 2836 571 2870 in
603 2835 680 2871 istis
712 2836 821 2871 consi-

868 895 1055 930 derandum
1080 896 1225 941 proponi
1249 896 1323 930 sine
1346 897 1534 942 tautologia

869 946 1018 987 poterat.
1051 943 1143 976 Esse
1166 947 1278 976 autem
1301 944 1366 977 hoc
1389 944 1533 978 alterum

867 990 970 1044 idque
1001 992 1042 1022 ab
1080 985 1136 1022 ἰδὲ
1177 989 1347 1044 pendens,
1391 1001 1458 1023 non
1490 991 1533 1024 ab

869 1031 982 1077 (Have,
1014 1034 1183 1079 particula
1207 1033 1246 1069 δὲ
1271 1038 1307 1068 et
1328 1035 1533 1070 adiectivum

870 1078 1084 1120 ἀδυνάτους
1101 1084 1274 1134 ⁸arguunt,
1306 1094 1448 1126 quorum
1471 1094 1533 1116 ne-

868 1139 933 1173 que
957 1127 1076 1160 Astius
1100 1126 1135 1160 in
1155 1128 1436 1173 interpretatione
1455 1130 1534 1172 (ca-

866 1179 930 1219 put
949 1185 1028 1207 vero
1045 1179 1190 1217 propter
1206 1175 1346 1208 vincula
1365 1180 1535 1228 nequeant

869 1221 1107 1275 circumferre]
1129 1231 1217 1264 nequ
1221 1233 1239 1253 e
1258 1221 1452 1264 Stephanus
1469 1222 1535 1254 mi-

868 1277 952 1300 nore
975 1269 1054 1309 post
1080 1262 1188 1311 όρᾷν,
1215 1278 1318 1321 quam
1341 1272 1421 1310 post
1443 1265 1534 1311 σπη’-

868 1313 974 1346 λαιον
1010 1314 1045 1344 et
1084 1315 1163 1356 post
1207 1310 1396 1356 περιάγειν
1428 1313 1535 1347 inter-

867 1357 1052 1414 punctione
1075 1369 1156 1392 usus
1180 1358 1347 1392 rationem
1371 1360 1502 1394 habuit.

915 1401 1147 1449 άδυνάτους]
1186 1401 1380 1439 αδυνάτου
1414 1406 1534 1440 Iambl.

867 1451 943 1486 cod.
963 1450 1038 1485 Ciz.

914 1495 1048 1541 πυρὸς]
1078 1509 1142 1530 om.
1167 1497 1269 1531 Vind.
1284 1498 1328 1532 E.
1363 1498 1537 1531 Schleier-

867 1544 1025 1577 machero
1058 1543 1290 1577 accusativum
1328 1544 1539 1578 desideranti

869 1590 953 1634 φῶς
991 1586 1177 1632 καόμενον
1220 1590 1328 1623 minus
1369 1590 1539 1646 placuisse

868 1636 1022 1678 videtur,
1046 1641 1082 1669 et
1107 1636 1194 1669 solet
1218 1636 1300 1679 φῶς
1322 1636 1397 1670 fere
1419 1633 1538 1671 ἁπτό-

870 1693 1003 1725 μενον,
1039 1682 1114 1725 πῦρ
1138 1693 1222 1715 vero
1251 1680 1437 1725 καόμενον
1458 1683 1537 1718 dici.

873 1728 942 1762 Sed
967 1728 1246 1772 quemadmodum
1257 1726 1390 1771 λύχνος
1404 1733 1438 1763 et
1453 1728 1537 1775 δᾲς,

872 1774 915 1808 de
939 1773 1063 1818 qmbus
1095 1775 1140 1808 cf.
1165 1775 1333 1820 Stephani
1357 1777 1538 1810 thesaurus

873 1821 1057 1865 T.11...p
1084 1820 1161 1855 174.
1186 1821 1229 1854 F.
1257 1821 1300 1856 H.
1325 1822 1416 1858 haud
1440 1833 1539 1856 secus

872 1867 955 1911 φῶς
987 1867 1189 1921 praesertim
1234 1869 1277 1901 ab
1313 1867 1391 1912 igne
1432 1869 1539 1913 profi-

873 1913 1003 1947 ciscens
1025 1910 1188 1946 κάεσθαι
1220 1913 1287 1947 dici
1319 1914 1443 1958 potuit.
1489 1916 1539 1949 Et

872 1957 916 1993 τὸ
949 1959 1017 1992 τοῦ
1046 1957 1166 2003 πυρὸς
1198 1960 1282 2003 φώς
1321 1960 1414 1994 infra
1448 1961 1541 1995 redit

872 2017 906 2051 p
917 2049 1116 2095 καόμενον]
1133 2049 1333 2094 καιόμενον
1353 2052 1441 2088 Lob.
1460 2058 1540 2087 ante

872 2108 962 2132 corr.
1018 2098 1117 2131 Vind.
1158 2098 1233 2132 EF.
1290 2098 1388 2134 Flor.
1431 2100 1540 2135 ACR.

870 2142 990 2177 Iambl.
1014 2147 1066 2179 ed.
1091 2155 1142 2189 pr.
1167 2145 1248 2179 Bas.
1273 2146 1329 2180 ab.

916 2188 1079 2234 μεταξὺ]
1113 2190 1255 2224 Proclus
1290 2191 1312 2226 l.
1336 2202 1367 2226 c.
1401 2169 1539 2234 μεταξν

869 2236 963 2279 γοῦν
982 2235 1072 2291 φησὶ
1090 2249 1169 2270 των
1188 2248 1228 2271 τε
1251 2236 1541 2280 δεσμωτῶνδεῖν

869 2284 972 2316 νοεῖν
995 2279 1096 2337 ῇμᾶς
1117 2281 1181 2317 καὶ
1205 2284 1274 2317 τοῦ
1303 2282 1424 2328 πυρὸς
1451 2282 1541 2318 ἐπά-

869 2339 922 2364 νω
942 2325 1046 2364 ὁδόν.

916 2374 1136 2419 δεσμωτων]
1165 2375 1353 2418 δεσμωτῶν
1377 2375 1471 2410 Μοιι.
1498 2376 1540 2412 C.

869 2420 989 2456 Iambl.
1013 2423 1067 2457 ed.
1090 2434 1142 2476 pr.
1154 2422 1242 2456 Ald.
1267 2423 1348 2455 Bas.
1373 2423 1428 2456 ab.

915 2463 964 2510 ἣν
995 2465 1073 2515 ιδὲ]
1113 2464 1219 2511 ἤνιδε
1243 2468 1344 2504 Vind.
1369 2468 1411 2502 F.
1445 2462 1472 2513 ᾐ
1493 2469 1541 2513 ἦν

873 2512 968 2547 ἰδεῖν
993 2512 1078 2549 Lob.
1102 2515 1196 2548 Mon.
1220 2515 1260 2547 B.
1285 2514 1363 2547 vat.
1377 2514 1425 2549 M.
1444 2493 1540 2550 Flolr.

872 2560 918 2594 U.
950 2560 1028 2594 Par.
1063 2561 1107 2595 K.
1141 2573 1210 2596 sec.
1246 2560 1322 2605 Bip.
1363 2555 1412 2604 ἣν
1446 2561 1541 2596 ἰδεῖν

873 2607 956 2654 Vae.
980 2607 1020 2642 B.
1046 2607 1124 2641 Par.
1149 2607 1227 2641 ΒΚ.
1253 2618 1322 2642 sec.
1346 2607 1454 2641 Bekk.
1491 2604 1542 2652 ἢν

876 2655 985 2691 εἰναι
1007 2653 1125 2687 Iambl.
1157 2653 1256 2687 codd.
1295 2651 1370 2688 Ciz.
1395 2656 1430 2686 et
1463 2655 1543 2688 Par.

877 2703 913 2731 et
951 2681 1004 2734 ed.
1042 2699 1168 2734 Kiessl.
1201 2695 1250 2742 ἣν
1281 2698 1359 2735 ἴδε
1371 2700 1464 2735 Μοιι.
1503 2701 1543 2734 C.

877 2744 976 2781 Vind.
1000 2746 1075 2779 ΒΕ.
1103 2757 1176 2779 clun
1210 2746 1328 2780 Iambl.
1354 2746 1407 2780 ed.
1431 2759 1484 2792 pr.
1509 2750 1545 2780 et

879 2790 978 2825 editis
1003 2795 1082 2825 ante
1108 2791 1198 2825 Astii
1221 2803 1290 2825 sec.
1327 2804 1422 2826 secus
1441 2805 1545 2838 quam

879 2839 996 2882 parics
1018 2838 1064 2873 sit
1082 2843 1294 2873 constructus
1311 2840 1456 2885 exiguus
1483 2839 1544 2873 Fi—
