1807 3219
305 146 390 185 218

752 128 1234 189 PLATonls

304 249 334 310 ᾗ
365 256 512 298 δίκαια
542 257 618 300 καὶ
656 251 792 300 τᾶλλα
829 256 1194 315 προσχρησάμενα
1231 258 1419 315 χρήσιμα
1459 260 1533 303 καὶ
1571 258 1686 316 ω’φέ-

301 326 408 376 λιμα
440 324 642 379 γίγνεται.
687 326 761 369 καὶ
790 330 874 369 ν’ῦν
911 328 1065 383 σχεδὸν
1097 325 1233 380 οἶσθ’,
1275 327 1344 371 ὅτι
1381 327 1521 383 μέλλω
1552 333 1684 372 τοῦτο

301 392 468 447 λέγειν,
508 394 580 436 καὶ
610 393 721 448 πρὸς
751 393 915 453 τούτῳ,
959 396 1025 440 ὅτι
1055 394 1193 451 αὐτὴν
1235 394 1314 451 οὐχ
1344 397 1507 446 ἱκανῶς
1537 398 1684 450 ἴσμεν·

297 460 334 502 εἰ
375 461 422 503 δὲ
453 461 511 517 μή
542 463 691 518 ἴσμεν,
739 461 846 506 ἄνευ
885 464 932 508 δὲ
969 463 1132 520 ταύτης
1162 466 1198 506 εἰ
1238 463 1304 508 ὅτι
1333 464 1520 520 μάλιστα
1551 460 1686 508 τᾶλλα

297 527 608 584 ἐπισταίμεθα,
641 528 779 584 οἷσθ’,
813 531 880 575 ὅτι
912 530 1043 575 οὐδὲν
1072 531 1178 588 ἡμῖν
1210 532 1392 589 ὄφελος,
1423 531 1568 586 ὥσπερ
1590 531 1684 576 οὐδ’

234 604 267 644 Β
295 597 332 638 εἰ
365 597 611 653 κεκτήμεθα
642 616 683 643 τι
716 599 822 643 ἄνευ
851 604 931 643 τοῦ
961 598 1149 656 ἀγαθοῦ.
1180 600 1210 657 ἢ
1237 603 1319 645 οἴει
1349 619 1390 644 τι
1419 600 1553 644 πλέον
1574 599 1684 644 εἶναι

291 667 439 708 πᾶσαν
469 671 621 723 κτῆσιν
652 669 881 725 ἐκτῆσθαι,
930 669 988 724 μὴ
1029 668 1177 723 μέντοι
1219 668 1418 726 ἅγαθήνς

1474 669 1503 726 ἢ
1542 670 1685 713 πάντα

291 727 428 776 τᾶλλα
460 741 645 790 φρονεῖν
675 737 783 780 ἄνευ
813 741 896 780 τοῦ
928 735 1128 793 ἀγαθοῦ,
1165 737 1302 780 καλὸν
1332 738 1376 781 δὲ
1407 739 1480 781 καὶ
1510 737 1684 792 ἀγαθὸν

290 802 428 858 μηδὲν
469 809 678 859 φρονεῖν;
721 805 804 849 Μὰ
843 805 919 849 Δί’
961 804 1043 849 οὐκ
1083 805 1241 861 ἔγωγε,
1279 805 1376 862 ἔφη.
1430 803 1554 850 Ἀλλὰ
1595 805 1684 862 μήν

339 965 389 1017 ᾗ]
438 969 464 1017 ἢ
499 974 578 1009 Vat.
614 974 661 1009 H.

292 1018 392 1052 vind.
417 1020 462 1053 F.

341 1065 470 1100 δίκαια
489 1065 576 1111 καὶ]
602 1067 657 1101 Ita
685 1067 764 1102 Par.
788 1068 828 1101 A.
856 1067 958 1103 Vind.

288 1111 335 1145 E.
367 1113 448 1147 Vat.
473 1113 517 1146 H.
552 1113 647 1147 Flor.
671 1114 776 1148 ACV.
822 1111 867 1158 δή
898 1114 961 1148 καὶ

289 1157 376 1192 Lob.
413 1159 513 1192 Vind.
538 1159 579 1192 B.
617 1159 696 1193 Vat.
722 1160 771 1193 M.
796 1160 888 1194 Flor.
912 1161 958 1195 T.

289 1202 353 1237 καὶ
395 1204 521 1238 δίκαια
555 1204 618 1239 καὶ
659 1205 782 1251 reliqui
824 1206 958 1240 codices

290 1252 367 1283 cum
391 1251 502 1285 editis.
552 1251 670 1286 Paullo
697 1253 829 1285 auctius
856 1253 958 1308 etiam

287 1296 431 1330 Proclus
456 1297 476 1330 l.
503 1309 533 1332 c.
583 1297 702 1333 .426:
731 1296 846 1331 ειπών
871 1297 955 1343 mico,

289 1337 350 1376 ὅτι
371 1340 394 1386 ἡ
418 1344 484 1377 τοῦ
520 1341 571 1400 οἷγ
557 1310 672 1378 Ραθοῦ
697 1342 780 1378 ἰδέα
798 1342 958 1401 μάθημα

286 1401 330 1422 το
350 1387 546 1435 μέγιστόν
555 1387 651 1424 ἐστιν
667 1417 676 1434 ,
701 1390 724 1436 ῂ
748 1391 811 1424 καὶ
833 1389 879 1424 τὰ
903 1391 956 1425 δί-

286 1446 377 1468 καια
407 1434 470 1470 και
499 1436 614 1469 τᾶλλα
642 1435 957 1492 προσχρησάμενα

284 1478 447 1525 χρήσιμα
474 1482 536 1537 κΓαὶ
567 1479 735 1537 ωφέλιμα
769 1480 957 1517 αποτελεῖ-

285 1539 368 1571 ται,
395 1528 458 1562 καὶ
484 1525 541 1562 ὅτι
567 1526 685 1572 αντὴν
721 1526 787 1572 οὐχ
819 1529 956 1569 ἱκανῶς

284 1573 389 1616 ι’σμεν
411 1578 474 1608 etc.
502 1575 596 1608 cuius
616 1579 730 1609 tamen
754 1577 955 1618 auctoritas,

283 1632 388 1664 quum
442 1621 556 1664 potius
613 1633 683 1654 reln
734 1622 955 1666 spectaverit,

283 1677 385 1710 quam
409 1668 537 1708 verba,
571 1678 684 1712 neque
717 1669 759 1700 ad
785 1668 955 1712 recipien-

282 1712 362 1744 dum
387 1713 584 1754 articulum,
617 1725 716 1754 quem
748 1714 783 1746 in
807 1715 955 1748 secunda

283 1758 500 1792 Stallbaumii
525 1759 578 1792 ed.
608 1760 649 1792 V.
679 1760 718 1792 C.
744 1760 787 1792 F.
814 1760 953 1793 Rostius

284 1803 358 1837 sine
391 1805 522 1838 ratione
556 1805 797 1848 desiderabat,
845 1819 954 1850 neque

285 1850 330 1883 ad
363 1850 523 1884 tuendam
559 1852 760 1896 particulam
793 1851 856 1886 καὶ
891 1853 953 1886 ad-

284 1908 405 1930 versus
429 1898 574 1952 optiuros
599 1897 733 1931 codices
757 1898 860 1931 valet.

331 1941 472 1986 ταλλα]
500 1939 616 1976 τᾶλλα
640 1944 741 1977 Vind.
755 1945 828 1977 BF.
855 1945 947 1978 Mon.

283 1987 323 2022 B.
352 1989 474 2045 Steph.
494 1990 569 2022 Ast.
602 1986 633 2023 τ’
661 1985 753 2023 ἄλλα
782 1991 881 2025 wind.
907 1991 950 2024 E.

332 2031 452 2079 οἶσθ]
489 2037 573 2070 scito
604 2036 680 2069 Fic.
714 2036 797 2070 item
835 2037 951 2082 paullo

310 2084 372 2114 ost.

282 2091 306 2125 p
329 2123 472 2182 τούτῳ]
497 2127 611 2161 τοῦτο
637 2129 716 2163 Vat.
740 2127 785 2161 H.

330 2173 364 2206 εἰ
389 2171 427 2206 δὲ
456 2172 505 2217 μὴ
541 2174 621 2217 ἵεσμ
625 2176 668 2218 ν]
707 2186 771 2210 om.
797 2174 882 2208 ven.
906 2175 950 2209 B.

281 2229 303 2252 a
327 2230 369 2251 m.
396 2231 448 2263 pr.

327 2260 415 2298 ἄνευ
447 2262 486 2298 δὲ
514 2261 674 2308 ταύτης]
710 2271 744 2299 et
772 2267 844 2300 sine
872 2268 951 2310 ipsa

279 2310 354 2344 Fic.
401 2311 563 2355 Repetito
602 2309 640 2344 ὁὲ
678 2312 828 2346 offensus
853 2313 951 2345 Mor—

279 2357 495 2399 gensternius
521 2358 629 2400 symb.
658 2359 759 2392 1815.
784 2370 863 2402 pag.
892 2360 945 2394 18.

281 2401 372 2437 ἄνευ
406 2414 445 2446 γε
474 2402 613 2447 ταύτης
637 2405 806 2445 malebat,
831 2416 948 2438 assen-

279 2451 388 2483 tiente
413 2450 447 2482 in
473 2452 552 2482 tert.
576 2449 695 2491 Asti·,o
721 2450 946 2484 dissentiente

278 2495 504 2528 Stallbaumio
538 2496 573 2529 in
607 2507 675 2529 see.
708 2499 743 2529 et
767 2498 947 2530 verborum

279 2540 315 2574 εἰ
345 2537 383 2573 δὲ
420 2538 468 2584 μή
501 2541 602 2584 ἴσμεν
637 2541 837 2575 sententiam
871 2554 945 2575 cum

277 2587 427 2632 quadam
451 2572 623 2630 gravitate
646 2587 767 2621 iterari
792 2592 945 2622 statuen-

278 2637 340 2673 te3
375 2633 434 2666 sed
469 2634 642 2678 exempla,
677 2635 799 2679 quibus
824 2634 945 2675 utitur,

279 2678 390 2712 :miuus
416 2682 497 2723 apta
521 2692 596 2714 esse
616 2680 693 2724 ipse
717 2680 835 2714 sensit.
859 2661 949 2714 Sunt

279 2725 369 2758 enim
402 2724 547 2781 partim
570 2726 670 2767 talia,
700 2726 814 2781 3quale
847 2726 945 2782 Apol.

280 2782 313 2815 p.
339 2772 394 2805 38.
431 2771 470 2803 A.
505 2768 570 2804 εὀἱν
600 2785 620 2804 τ
664 2784 712 2805 av
742 2769 853 2827 λέγω,
888 2769 948 2806 ὅτι

281 2815 342 2851 καὶ
361 2814 515 2861 τυγχάνε
519 2816 716 2862 ιμέγιστον
729 2815 879 2863 αγαθόν
902 2813 947 2855 ὃν

706 978 742 1010 et
776 987 797 1010 a
831 987 874 1009 m.
908 987 961 1021 pr.

1021 972 1214 1021 ανθρῶπῳ
1238 975 1375 1030 τοῦτο,
1411 967 1566 1018 ἑκάστης
1585 971 1682 1029 ἦμέ-

1020 1034 1087 1066 ρας
1125 1022 1210 1065 περὶ
1251 1018 1385 1067 ἀρετῆς
1419 1019 1510 1059 τοὺς
1541 1018 1684 1077 λόγους

1019 1069 1231 1111 ποιεῖσθαι,
1248 1087 1295 1094 —
1323 1068 1445 1101 ταῦτα
1477 1063 1517 1100 δ’
1539 1064 1590 1100 ε’τι
1617 1080 1681 1111 ητ-

1017 1125 1085 1147 τον
1114 1112 1288 1148 πείσεσθέ
1321 1125 1386 1157 μοι
1416 1110 1570 1156 λέγοντι.
1594 1125 1683 1158 quae

1018 1160 1062 1193 ad
1085 1160 1310 1194 anacoluthon
1333 1159 1526 1204 pertinent3
1558 1160 1683 1204 partim

1016 1206 1235 1239 bimembrem
1268 1207 1395 1240 habent
1418 1206 1683 1239 enuntiationem

1017 1252 1117 1285 alteri
1139 1252 1223 1285 item
1255 1252 1433 1285 bimembri
1465 1252 1515 1285 sic
1546 1251 1684 1296 opposi—

1015 1302 1106 1340 tam,
1140 1304 1178 1331 ut
1211 1299 1398 1331 membrum
1431 1298 1597 1331 utrumvis
1621 1309 1681 1332 suo

1017 1342 1056 1377 ὁὲ
1080 1344 1285 1377 instructum
1309 1344 1365 1386 sit,
1389 1344 1483 1377 velut
1507 1343 1680 1378 Phaedon.

1013 1402 1048 1435 p.
1075 1392 1131 1424 78.
1158 1391 1206 1423 C:
1232 1387 1372 1423 ον’κοῦν
1391 1386 1485 1433 α’περ
1509 1386 1568 1424 αεὶ
1585 1388 1681 1423 κατὰ

1015 1433 1137 1470 ταύτὰ
1160 1435 1224 1469 καὶ
1243 1433 1422 1476 ωσαύτως
1443 1434 1497 1478 εἐχ
1495 1448 1533 1478 ι,
1559 1436 1683 1470 ταῦτα

1014 1480 1172 1537 μάλιστα
1191 1480 1395 1521 εἰκόςεὶναι
1405 1494 1452 1515 τα
1475 1478 1681 1526 αξυνιθετα,

1015 1527 1060 1562 τὰ
1083 1527 1121 1562 δε
1144 1524 1264 1561 αλλοτ’
1275 1525 1394 1568 ἄλλως
1411 1527 1473 1562 καὶ
1494 1527 1682 1577 μηδέποτε

1013 1573 1108 1608 κατὰ
1130 1571 1273 1617 ταυτα,
1300 1575 1420 1608 ταῦτα
1449 1571 1488 1607 δὲ
1517 1577 1612 1608 εἰναι
1632 1573 1680 1608 τὰ

1014 1619 1201 1662 ξύνθετα,
1245 1621 1373 1654 Nostro
1406 1632 1488 1654 vero
1523 1621 1597 1654 loco
1632 1621 1679 1662 id,

1013 1667 1069 1700 cui
1095 1667 1238 1700 alterum
1273 1664 1311 1700 δε
1344 1667 1508 1700 insertum
1533 1671 1604 1708 est,
1636 1667 1679 1701 ad

1011 1713 1108 1758 prius
1131 1714 1318 1746 membrum
1341 1713 1391 1746 ita
1421 1725 1458 1746 se
1492 1713 1615 1755 habet,
1639 1717 1680 1747 ut
1712 1729 1715 1731 ·

1012 1760 1077 1792 hoc
1101 1760 1211 1804 ipsum
1249 1759 1292 1792 ad
1325 1759 1580 1801 antecedentia,
1614 1770 1678 1793 nec

1010 1806 1189 1850 quicquam
1244 1805 1422 1838 offensioni
1469 1808 1560 1838 esset
1579 1831 1589 1847 ,
1647 1805 1677 1839 si

1010 1851 1133 1884 omisso
1160 1854 1268 1885 altero
1295 1851 1329 1884 εἰ
1350 1852 1458 1884 verba
1493 1851 1543 1884 sic
1567 1851 1677 1885 conti-

1009 1901 1213 1931 nuarentur:
1241 1897 1275 1930 εἰ
1293 1895 1331 1931 δὲ
1359 1895 1408 1952 μὴ
1435 1896 1556 1946 ἴσμεν,
1586 1909 1675 1931 ανευ

1011 1940 1050 1977 δὲ
1077 1941 1217 1986 ταύτης
1246 1938 1333 1977 ἄλλο
1368 1940 1496 1977 ὁτιοῦν
1525 1942 1674 1977 ἐπιστα-

1008 1991 1131 2033 μεθα,
1159 1987 1271 2031 οἷσθ’,
1298 1986 1357 2024 ὅτι
1375 1998 1440 2023 etc.
1464 1990 1584 2034 Itaque
1606 2002 1673 2024 non

1007 2036 1197 2080 particulae
1236 2034 1294 2079 δὲ,
1338 2036 1399 2069 sed
1431 2035 1673 2070 coniunctionis

1009 2082 1044 2115 εἰ
1077 2083 1246 2127 repetitae
1275 2083 1364 2116 ratio
1398 2081 1571 2115 reddenda
1594 2086 1673 2124 est,

1008 2140 1098 2171 quae
1135 2140 1237 2173 quum
1269 2128 1412 2173 primum
1445 2139 1520 2161 cum
1542 2128 1672 2162 indica-

1007 2174 1105 2216 tivo,
1141 2174 1263 2208 deinde
1293 2186 1367 2207 cum
1402 2175 1554 2219 optativo
1590 2186 1672 2208 con-

1008 2223 1140 2254 structa
1165 2221 1227 2262 sit,
1273 2221 1418 2254 alteram
1449 2220 1673 2254 conditionem

1009 2266 1109 2299 aliter
1135 2270 1238 2311 atque
1270 2266 1417 2312 priorem
1443 2270 1673 2310 comparatam

1009 2317 1044 2345 et
1076 2313 1319 2357 ignorationem
1353 2313 1488 2357 quidem
1520 2313 1598 2346 boni
1633 2316 1673 2346 ut

1008 2370 1081 2391 rem
1114 2359 1147 2392 in
1178 2360 1269 2392 facto
1308 2359 1472 2403 positam,
1507 2359 1672 2402 cognitio-

1005 2416 1082 2437 nem
1133 2411 1246 2438 autcm
1293 2405 1501 2449 reliquorum
1543 2406 1672 2450 absque

1004 2451 1082 2483 boni
1113 2451 1255 2484 scientia
1294 2454 1332 2484 ut
1366 2451 1609 2495 probabilitate
1642 2451 1671 2484 si

1003 2497 1112 2530 minus
1147 2498 1312 2530 facultate
1345 2501 1517 2530 carentem
1541 2497 1670 2540 cogita-

1002 2547 1074 2576 tam
1099 2555 1175 2576 esse
1208 2543 1445 2587 consequitur,
1478 2555 1565 2588 quae
1595 2543 1672 2587 ipsa

1004 2589 1176 2633 repetitae
1246 2589 1387 2623 voculae
1435 2589 1671 2623 conditionalis

1005 2647 1125 2670 caussa
1149 2635 1288 2670 exstitit.

1049 2726 1198 2782 ‘callocL
1238 2727 1354 2761 τᾶλλα
1393 2728 1473 2762 Vat.
1506 2727 1551 2760 Η.
1597 2730 1667 2768 „ut

1002 2773 1099 2806 solet
1104 2776 1126 2792 ‘⁶
1160 2769 1277 2807 τᾶλλα
1309 2774 1431 2817 iidem,
1467 2773 1525 2819 qui
1551 2785 1665 2819 supra.

1003 2815 1034 2853 τ’
1045 2815 1137 2853 αλλα
1161 2820 1261 2854 Vind.
1286 2820 1328 2855 Ε.
