1807 3219
256 133 342 173 352

718 119 1197 174 PLATON'IS

260 239 407 295 ἀξίας,
436 240 487 286 τό
519 243 567 287 δὲ
597 240 742 298 ὀρθόν
769 242 869 297 περὶ
896 244 1104 286 πλείστου
1139 240 1545 297 ποιησάμενοικαὶ-
1569 245 1647 297 τας

193 313 226 354 Ε
259 307 346 353 ἀπὸ
379 309 543 354 τούτου
568 309 718 367 τιμὰς,
767 311 973 366 μέγιστον,
1014 310 1060 370 δὲ
1095 310 1172 354 καὶ
1211 308 1558 366 ἀναγκαιότατον
1593 313 1644 358 τό

257 379 458 430 δίκαιον,
509 379 582 422 καὶ
622 377 766 436 τούτῳ
808 379 862 435 δὴ
895 377 1216 437 ’ὑπηρετοῦντές
1255 394 1299 422 τε
1335 380 1410 423 καὶ
1441 379 1646 434 αὔξοντες

260 444 370 490 αὐτὸ
403 445 843 504 διασκευωρήσωνται
871 445 954 503 τήν
985 445 1157 494 ἑαυτῶν
1186 447 1342 498 πόλιν;
1381 451 1510 499 liz-533
1546 449 1643 507 ἔφη.

245 515 377 558 ’Ὀσοι
406 515 486 571 μὲν
515 514 594 567 ἂν,
625 511 681 571 ἦν
714 513 758 558 δ’
793 513 900 571 ἐγώ,
931 515 1220 571 πρεσβύτεροι
1248 515 1494 572 τυγχάνωσι
1525 519 1644 561 δεκε-

166 592 231 626 541
261 588 350 627 τῶν
380 583 426 627 ἐν
455 588 510 640 τῇ
534 582 684 636 πόλει,
714 582 882 635 πάντας
921 582 1201 639 ἐκπέμψωσιν
1241 585 1301 635 εἰς
1330 584 1435 636 τούς
1463 583 1643 641 ἀγροὺς,

256 653 362 704 τούς
402 653 449 697 δὲ
489 654 649 704 παῖδας
698 650 848 696 αὐτῶν
883 652 1214 709 παραλαβόντες
1257 652 1380 705 ἐκτός
1426 657 1514 697 τῶν
1558 658 1659 698 νῦν·

199 963 234 1005 E

258 837 322 859 om.
367 824 464 858 Stob.
498 823 572 858 cod.
607 823 648 857 B.
694 820 928 868 ἡγησάμενος

258 875 325 905 etc.
353 871 454 904 Vind.
479 870 522 903 E.

307 914 438 961 ugias]
476 913 606 958 ἀξίους
628 916 721 950 Flor-
749 916 793 950 T.
826 917 925 950 Stob.

306 962 478 1007 μέγιστον
503 960 556 1007 δὲ]
582 959 756 1006 μέγιστόν
772 974 810 1007 γε
822 963 926 997 Vind.

257 1009 302 1044 F.
327 1009 421 1044 Flor.
446 1010 487 1042 R.
511 1009 598 1052 Aug.
623 1010 664 1042 B.

261 1053 588 1136 Οτῗίύτῳὲᾶοῦῖξο
609 1054 714 1135 Vipd.
733 1054 806 1089 ΒΕ.
830 1054 926 1089 Μοιι.

361 1107 397 1135 at
566 1113 605 1135 en

306 1149 369 1203 τε]
397 1160 463 1182 om.
487 1147 574 1183 Lob.
602 1147 681 1180 vat.
707 1146 756 1181 Μ.

308 1191 430 1238 αὐτὸ]
458 1190 570 1228 αὐτοὶ
594 1192 694 1228 Vind.
720 1192 765 1228 E.

308 1237 702 1283 διασκευωρήσωνται]
729 1239 928 1273 διασκευω-

261 1286 438 1330 ρίσωνται
451 1286 536 1319 Lob.
554 1286 632 1320 Par.
644 1285 720 1320 DK.
740 1297 807 1319 sec.
818 1285 928 1320 Bekk.

260 1329 609 1375 διασκευωρήσωται
657 1332 756 1365 Stob.
817 1333 926 1365 Gesn.

260 1376 729 1422 Btaouevmon'oovtanind.
740 1377 815 1411 BF.
834 1378 929 1412 Mon.

261 1426 304 1460 C.
328 1430 476 1459 etam.
500 1436 551 1468 pr.
577 1426 618 1458 B.
645 1424 752 1467 (am.
772 1435 929 1458 s.—-mv-

259 1472 342 1515 ται)
356 1472 441 1504 Ven.
450 1471 493 1505 B.
498 1472 576 1505 Vat.
585 1471 635 1504 M.
649 1470 738 1504 F.lor
754 1470 929 1505 ACRTV.

259 1514 579 1552 διασκευάσωνται
612 1516 712 1552 Vind.
736 1516 779 1549 Ε.
828 1516 929 1549 Conf.

260 1564 376 1618 Ερίεῒ.
398 1563 463 1596 ΠΙ.
461 1575 516 1617 p.
530 1564 611 1598 316.
631 1565 680 1595 A:
707 1558 834 1596 ἀκούω
857 1560 928 1617 γὰρ

261 1605 418 1652 ’ὕστερον
446 1605 553 1652 υμῶν
581 1605 689 1648 τινὰς
724 1605 824 1642 αὐτὰ
850 1606 928 1652 (τὰ

261 1656 338 1690 τῶν
359 1653 484 1698 νόμων
503 1654 711 1698 προοίμια)
732 1655 930 1688 διασκευω-

263 1704 365 1746 ρεῖν,
381 1705 538 1744 formam
560 1703 704 1746 legum'
692 1714 729 1734 ιη
744 1702 932 1745 prooemiis

266 1750 475 1792 descriptam
494 1749 682 1791 exprimere
701 1759 742 1781 ac
754 1749 930 1791 perficere.

264 1794 433 1828 Similiter
458 1793 491 1827 h.
516 1795 539 1826 l.
565 1793 711 1826 omnium
743 1792 793 1826 rei
816 1793 931 1837 publi-

266 1853 328 1875 cae
355 1839 503 1885 partium
536 1839 731 1883 diligentem
766 1839 932 1872 constitu-

266 1887 394 1921 tionem
410 1885 595 1930 significat,
617 1885 713 1919 cuius
732 1885 933 1919 fundamen-

268 1936 339 1966 tum
363 1933 397 1966 in
430 1931 647 1985 sequentibus
671 1932 932 1965 demonstratur.

313 1976 443 2022 πόλιν]
490 1974 603 2011 πάλιν
651 1978 749 2011 Stob.
784 1978 857 2012 cod.
891 1979 933 2011 Β.

268 2025 463 2069 Stephanus
481 2049 491 2065 ‚
538 2023 598 2068 qui
631 2023 667 2057 in
690 2023 935 2067 superioribus

268 2075 347 2116 post
371 2069 557 2114 ειρηκέναι
581 2077 616 2103 et
650 2069 795 2113 εἴρηται
827 2070 934 2103 inter-

269 2117 454 2161 rogationis
477 2123 590 2150 notam
614 2116 746 2161 posuit,
770 2115 825 2150 hic
846 2128 934 2161 pun-

269 2167 360 2197 ctum
384 2162 477 2196 tecit.

315 2205 383 2253 ἂν]
414 2208 483 2242 οὐν
511 2209 608 2246 Stob.

315 2255 497 2299 δεκετῶν]
525 2251 598 2288 δέκ’
619 2251 714 2288 ἐτῶν
741 2254 820 2288 Par.
837 2255 878 2288 A.
902 2258 938 2288 et

270 2312 292 2334 a
318 2314 359 2335 m.
385 2313 413 2334 s.
438 2301 480 2335 D.
509 2302 537 2334 ἶ
542 2301 663 2335 ind.B.
689 2301 836 2335 Mon.C.
857 2301 936 2334 Vat.

269 2347 314 2381 H.
338 2348 433 2380 Flor.
458 2346 564 2382 ACV.
606 2344 646 2380 δὲ
672 2343 812 2380 κε’κτιὸν
838 2347 937 2381 Vind.

269 2394 312 2428 E.
350 2392 389 2427 δὲ
416 2392 479 2427 καὶ
505 2393 581 2426 τῶν
609 2393 708 2427 Vind.
728 2393 768 2426 F.
793 2393 873 2428 Par.
892 2393 937 2428 K.

270 2440 368 2473 Flor.
392 2440 437 2473 U.
473 2444 530 2480 et,
562 2439 703 2482 vulgata
737 2451 757 2471 a
781 2451 824 2473 m.
849 2451 877 2473 s.
902 2439 938 2473 in

270 2498 313 2519 ιιι.
341 2485 533 2529 adscripta,
553 2485 645 2519 Mon.
662 2486 703 2518 B.
728 2482 818 2518 δέκα
839 2485 937 2518 Stob.

269 2532 311 2565 In
343 2543 382 2565 re
414 2532 540 2573 dubia,
573 2543 675 2575 quum
704 2530 747 2564 de
783 2531 938 2575 apicibus

271 2583 415 2621 agatur,
439 2578 472 2610 in
497 2576 619 2621 quibus
644 2577 795 2610 codicum
819 2581 940 2610 aucto-

274 2624 410 2657 ritatem
446 2623 552 2656 minus
587 2629 714 2656 certam
749 2634 826 2656 esse
859 2634 941 2661 con-

275 2674 366 2711 stat,
390 2669 563 2712 xulgatam
587 2673 706 2713 utpote
728 2669 834 2712 magis
859 2680 939 2713 pro—

275 2715 417 2769 ριὶεῐειιί
449 2715 612 2748 sermonis
652 2715 781 2748 Graeci
815 2727 940 2748 couve-

276 2762 421 2795 nientem
445 2761 548 2793 tenui.
599 2761 653 2794 Cf.
679 2761 720 2794 L.
742 2762 784 2796 V.
810 2772 843 2805 p-
860 2761 939 2795 460.

279 2808 320 2842 Ε.
345 2808 430 2853 Leg.
454 2807 495 2841 L.
512 2807 592 2843 VII.
615 2817 648 2851 p.
665 2809 744 2843 794.
771 2806 821 2841 Cz
845 2804 939 2850 μετὰ

983 822 1024 858 δε
1043 821 1112 858 τὸν
1134 821 1238 879 εξὲτῃ
1256 822 1320 857 καὶ
1340 820 1413 879 τήν
1431 821 1547 865 εξὲτιν
1565 823 1643 858 δια-

982 868 1168 925 κρινέσθω
1190 881 1256 913 μεν
1280 866 1355 913 ἤδη
1376 868 1418 904 τὸ
1439 868 1546 926 γένος
1563 868 1644 904 ἑκα-

981 915 1110 960 τέρων.
1161 917 1321 950 Ceterum
1351 915 1393 950 δέ
1395 929 1416 950 κ
1447 913 1539 949 ετῶν
1565 928 1646 962 pro-

983 969 1061 1016 pter
1087 963 1256 997 elisionem
1281 962 1314 995 in
1338 962 1565 996 numeralibus
1588 974 1646 996 ra-

982 1008 1108 1043 riorem
1125 1009 1246 1043 scribis
1259 1007 1437 1042 offensioni
1455 1020 1531 1042 esse
1550 1008 1648 1042 ideo-

983 1066 1052 1100 que
1085 1056 1120 1089 'm
1153 1055 1353 1088 vocabulum
1387 1055 1547 1088 usitatius
1573 1066 1648 1087 mu-

985 1101 1054 1135 tari
1076 1102 1229 1145 potuisse
1260 1112 1325 1134 non
1354 1112 1452 1144 nego.
1500 1101 1559 1134 Sic
1577 1112 1636 1144 τρι

987 1145 1050 1191 ε’τη
1073 1148 1160 1191 Leg.
1185 1147 1263 1182 VII.
1288 1159 1321 1192 p
1333 1149 1413 1182 792.
1429 1148 1469 1180 Β.
1495 1147 1530 1180 in
1552 1158 1649 1190 τριε·

985 1194 1031 1238 τῆ
1058 1197 1093 1227 et
1115 1194 1202 1237 τρία
1223 1190 1306 1236 ἔτη,
1333 1197 1368 1227 et
1391 1204 1425 1238 p.
1449 1194 1529 1228 793
1549 1193 1594 1228 D.
1611 1193 1649 1227 in

985 1239 1109 1283 τριετῆ
1142 1243 1178 1274 et
1208 1239 1377 1282 τριετοῦς
1410 1239 1650 1296 depravatum,

986 1290 1022 1320 et
1044 1286 1158 1319 multis
1192 1286 1274 1319 locis
1308 1283 1378 1320 δύο
1404 1297 1448 1320 ex
1470 1282 1538 1320 δύ’
1563 1298 1585 1321 a
1606 1286 1650 1320 li-

988 1332 1111 1366 brariis
1133 1332 1261 1366 factum
1284 1338 1348 1367 est.

1033 1421 1280 1470 ἐκπέμψωσιν]
1291 1422 1542 1469 ἐκπέμψουσιν
1551 1426 1576 1458 V
1580 1425 1650 1459 ind.

984 1472 1029 1506 Ε.
1055 1473 1162 1516 (Ven.
1183 1472 1244 1524 B..)
1269 1478 1306 1505 et.
1338 1473 1420 1506 editi
1455 1475 1536 1506 ante
1557 1472 1651 1505 Bek-

985 1518 1125 1559 kerum‚
1161 1518 1220 1562 qui
1254 1518 1355 1551 etiam
1388 1518 1468 1553 Par.
1503 1518 1574 1559 K„
1609 1518 1652 1551 de

986 1576 1053 1608 quo
1088 1544 1264 1608 B’ipontini
1293 1569 1429 1605 tacent,
1464 1564 1652 1598 coniuncti-

985 1621 1064 1643 vum
1095 1609 1257 1643 exhibere
1289 1614 1449 1644 testatur.
1496 1610 1652 1644 Eundem

988 1656 1120 1689 modum
1142 1656 1178 1689 in
1204 1656 1309 1689 verbo
1332 1654 1554 1699 θρέψωνται
1574 1658 1651 1701 plu-

987 1702 1074 1735 rium
1110 1705 1145 1735 et
1176 1701 1349 1735 meliorum
1381 1703 1535 1736 codicum
1571 1714 1653 1736 con-

987 1759 1089 1781 sensu
1113 1748 1284 1781 firmatum
1306 1748 1480 1790 videmus,
1516 1752 1555 1782 ut
1583 1748 1653 1782 iam

988 1805 1054 1827 non
1085 1794 1304 1828 dubitandmn
1337 1795 1406 1835 sit,
1451 1794 1531 1840 quin
1569 1794 1652 1828 illud

989 1836 1082 1874 ὅταν
1106 1851 1201 1873 suam
1223 1840 1312 1881 vim,
1344 1852 1433 1885 quae
1465 1841 1653 1877 Glauconis

987 1886 1246 1921 interlocutione
1290 1887 1403 1920 fracta
1457 1886 1653 1929 videbatur,

990 1932 1165 1977 hucusque
1190 1933 1363 1966 extendat.
1398 1933 1525 1967 Maiori
1549 1933 1654 1967 etiam

991 1979 1055 2012 hoc
1100 1979 1134 2012 in
1180 1990 1306 2022 genere
1361 1978 1500 2013 licentia
1551 1979 1654 2013 Plato

991 2025 1031 2058 L.
1057 2023 1152 2060 VIII.
1171 2037 1212 2078 p.
1230 2026 1307 2059 550.
1334 2028 1375 2060 A.
1399 2036 1482 2059 usus
1503 2024 1654 2067 videtur,

990 2071 1050 2105 ubi
1084 2068 1216 2124 ἀκούῃ.
1234 2082 1390 2114 magnam
1425 2083 1446 2105 a
1480 2071 1654 2106 codicibus

990 2129 1101 2161 neque
1125 2118 1167 2150 ab
1193 2117 1236 2150 iis
1260 2118 1364 2150 solum
1393 2117 1657 2151 commendatio-

990 2175 1066 2197 nem
1100 2163 1213 2196 habet.
1275 2163 1398 2208 Neque
1428 2169 1544 2197 nostro
1580 2163 1654 2197 loco

992 2210 1126 2243 interna
1152 2209 1363 2243 coniunctivo
1397 2209 1552 2243 veritatis
1574 2212 1657 2243 nota

993 2257 1100 2290 deest.
1133 2255 1274 2289 Scilicet
1298 2255 1483 2289 accusativi
1508 2267 1582 2289 cum
1603 2255 1656 2288 in-
1698 2254 1703 2260 ”
1723 2247 1725 2275 Ῑ

992 2301 1153 2342 finitivis,
1188 2301 1223 2334 in
1254 2313 1338 2345 quos
1370 2301 1658 2335 haec‘Soeratis

995 2348 1104 2382 oratio
1131 2347 1226 2388 exit,
1262 2347 1351 2381 haud
1388 2348 1489 2381 dubie
1511 2348 1555 2381 ad
1578 2359 1657 2381 ver-

993 2396 1073 2428 bum
1105 2392 1320 2436 ξυγχωρεῖτε
1351 2394 1449 2427 initio
1482 2393 1659 2437 proximae

993 2440 1138 2485 positum
1163 2440 1285 2473 referri
1308 2440 1443 2474 debent.
1467 2440 1508 2472 Id
1532 2445 1660 2484 quanto

994 2486 1128 2520 facilius
1151 2485 1236 2527 fiat,
1271 2485 1301 2519 si
1326 2486 1409 2519 haec
1433 2485 1551 2530 priora
1575 2497 1661 2530 quo-

996 2544 1063 2577 que
1087 2543 1129 2564 ex
1163 2532 1392 2575 proximorum
1424 2538 1524 2576 parte
1549 2532 1662 2576 aliqua

996 2578 1187 2623 pendeant,
1236 2589 1331 2611 nemo
1377 2589 1445 2611 non
1491 2577 1662 2621 intelligit.

996 2625 1109 2669 Atque
1130 2623 1209 2657 huic
1233 2623 1334 2657 nexui
1354 2623 1518 2665 similem,
1543 2635 1662 2668 quam-

998 2682 1099 2715 quam
1133 2670 1176 2703 ob
1222 2670 1385 2703 maiorem
1421 2671 1663 2703 nectendorum

998 2715 1282 2760 propinquitatem
1330 2715 1439 2749 minus
1480 2715 1662 2749 notabilem

998 2773 1103 2806 supra
1138 2773 1172 2805 p.
1197 2763 1276 2797 515.
1312 2762 1353 2795 D.
1388 2764 1476 2796 extr.
1509 2760 1664 2795 animad-

998 2807 1170 2843 vertimus
1630 2825 1638 2830 ν
