1807 3219
441 105 780 148 CIVITAS
820 107 943 149 LIB.
968 106 1042 149 VI.
1068 112 1136 147 506

93 217 250 264 αὐτῶν.

1344 157 1346 161 ⁴
1395 108 1481 149 223

319 216 434 262 Οὐδὲ
461 216 546 273 γάρ
579 218 752 263 δίκαιόν
781 237 878 273 μοι,
910 219 1019 276 ἔφη.
1052 213 1088 262 03
1107 216 1360 273 Σώκρατες,
1380 218 1481 273 φαί-

90 305 210 332 νεται
240 287 294 332 τοὶ
323 291 412 332 τῶν
453 287 598 330 ἄλλων
638 287 717 343 μὲν
758 288 868 344 ἔχειν
908 289 1044 331 εἰπεῖν
1084 286 1306 344 δόγματα,
1350 286 1404 330 τοὶ
1437 286 1480 331 δ’

91 357 232 401 αὑτοῦ
261 356 342 413 μή,
381 356 600 399 τοσοῦτον
626 355 792 411 χρόνον
823 357 921 411 περὶ
951 361 1090 401 ταῦτα
1120 355 1482 413 πραγματευόμε-
1515 359 1547 400 C

89 443 182 468 UO‘V.

247 426 298 467 Τί
329 424 388 476 6',·
436 419 493 480 ἦν
532 422 575 468 δ’
608 423 711 480 ἐγώ·
753 427 877 468 δοκεῖ
915 438 985 469 σοι
1023 427 1195 469 δίκαιον
1235 423 1347 468 εἶναι
1384 425 1485 478 περὶ

94 489 158 538 ὧν
189 511 254 545 τις
282 492 340 550 μὴ
372 490 487 542 οἶδε,
520 491 660 549 λέγειν
695 492 754 545 ὦς
786 494 952 544 εἰδότας
987 494 1203 549 Οὐδαμῶς
1225 494 1275 549 γ’.
1297 494 1404 550 ἔφη,
1425 493 1485 545 ὥς

90 561 261 614 εἰδότα,
310 579 369 612 ως
408 562 558 617 μέντοι
600 560 807 618 οἰόμενον
845 561 995 615 ταῦθ’,
1036 562 1063 605 ἃ
1106 564 1264 614 οιεται,
1316 564 1484 606 ἐθέλειν

89 631 242 687 λέγειν.

61 699 243 752 κδόξας,
286 697 344 750 ὥς
381 702 519 742 πᾶσαι
561 701 760 756 αἰσχραί,-

88 851 130 884 Β.
179 850 253 883 Iam
292 849 353 883 diu
389 854 597 894 compertum
635 850 757 892 habeo,

87 897 296 938 Adimante,
315 899 380 929 etc.
403 895 478 929 Fic.

137 961 233 1008 ἁνήρ
266 961 402 1009 καλὸς]
451 964 505 998 Ita
536 964 615 1000 Par.
648 965 755 999 ΑΒΚ.

88 1011 175 1045 Lob.
202 1010 302 1044 Vind.
327 1011 366 1043 B.
393 1011 472 1046 vat.
499 1011 547 1044 M.
572 1011 667 1045 Flor.
679 1013 757 1047 TV.

90 1069 165 1091 cum
200 1056 405 1090 editionibus
441 1060 580 1101 praeter
622 1058 758 1091 Bekke-

88 1104 240 1144 rimam,
275 1114 364 1147 quae
397 1103 579 1136 secundum
609 1104 759 1148 reliquos

24 1173 29 1176 -
89 1149 223 1183 codices
247 1149 368 1188 καλῶς
390 1160 453 1201 pro
478 1147 590 1188 καλὸς
611 1151 760 1192 exhibet,

90 1200 129 1229 ut
152 1195 260 1229 maior
298 1199 376 1239 post
412 1191 535 1238 ανὴρ,
582 1208 650 1241 quo
685 1197 758 1230 loco

90 1242 190 1276 Vind.
225 1241 267 1278 Ε.
303 1241 405 1274 etiam
444 1244 607 1285 punctum
642 1243 758 1284 habet,

90 1299 192 1331 quam
226 1290 305 1321 ante
338 1280 442 1331 ἦσθα
467 1298 575 1331 pausa
598 1289 758 1322 facienda

90 1334 154 1368 sit:
180 1335 273 1373 heus,
294 1334 458 1378 inquam,
481 1339 538 1375 tu,
555 1336 661 1378 probe
685 1336 757 1368 iam

90 1381 220 1414 dudum
237 1381 432 1424 apparebat
450 1382 516 1414 etc.
542 1380 595 1413 cui
619 1381 755 1423 rationi,

90 1426 120 1460 si
144 1425 280 1460 codices
304 1426 484 1467 iubeient,
510 1427 675 1460 accedere
692 1439 759 1460 non

88 1484 306 1528 recusarem,
338 1483 543 1517 quamquam
574 1472 656 1507 illud
694 1473 758 1507 οὐ·

87 1530 152 1558 τος
185 1514 283 1562 ἀνὴρ
319 1518 432 1563 paullo
457 1518 609 1552 severius
634 1530 759 1553 sonans

89 1566 152 1608 (cf.
179 1566 288 1610 Gorg.
319 1576 401 1609 pa.g
426 1564 506 1599 467.
534 1565 572 1599 Β.
610 1566 688 1600 489.
715 1567 758 1599 Β.

89 1612 167 1646 505.
182 1611 241 1655 C.)
262 1614 297 1644 et
313 1611 545 1654 interpositum
564 1605 612 1655 ἦν
632 1609 664 1645 δ’
688 1609 756 1655 ἐγώ

90 1668 267 1691 assensum
313 1656 462 1690 nonnihil
502 1661 757 1692 remoraretur.

91 1715 180 1737 nunc
205 1703 379 1747 vulgatam
404 1702 523 1747 optimi
547 1704 672 1738 codicis
698 1716 759 1738 au-

92 1749 254 1784 ctoritate
278 1749 439 1783 munitam
462 1752 584 1791 teneo,
608 1754 647 1783 ut
669 1763 759 1784 com-

92 1795 232 1841 pellatio
263 1794 372 1839 magis
408 1795 575 1830 benevola
601 1797 699 1830 simul
724 1800 760 1830 et

92 1843 207 1876 iocosa
230 1841 290 1875 sit:
324 1843 407 1875 heus
434 1847 495 1883 tu
519 1844 680 1887 inquam,
705 1844 760 1877 vir

94 1889 238 1929 eximie,
279 1889 351 1922 iam
393 1889 523 1921 dudum
564 1891 759 1933 apparebat

94 1939 160 1968 etc.
203 1934 386 1968 verborum
429 1937 542 1967 autem
584 1935 759 1991 dispositio

95 1980 214 2015 similis
238 1980 283 2013 ilii
289 1979 477 2035 S)111posii
495 1980 614 2015 initio:
642 1979 661 2015 ὁ
687 1982 761 2015 Φα-

95 2024 247 2072 ληρεὺς,
259 2023 372 2081 ἔφη,
400 2037 515 2066 ουτος
541 2023 761 2062 Ἀπολλόδω-

97 2085 185 2117 ρος,
221 2084 266 2106 ov
289 2069 514 2116 περιμένεις,-
551 2074 763 2108 Pronominis

97 2123 133 2152 et
165 2130 264 2152 casus
298 2130 396 2152 usum
429 2119 593 2163 explicuit
627 2120 763 2154 Lenne—

98 2165 176 2210 pius
200 2164 242 2198 ad
267 2164 400 2198 Phalar.
427 2176 480 2210 ep.
509 2167 562 2200 19.
612 2167 664 2200 De
691 2167 763 2212 epi-

96 2212 190 2245 theto
231 2208 343 2249 καλὸς
386 2211 430 2244 cf.
467 2211 684 2246 Heindorfius
720 2213 763 2246 ad

97 2257 246 2302 Hippiae
269 2256 414 2290 initium.
462 2257 563 2297 Quod
589 2258 631 2291 ad
654 2259 764 2292 inter-

97 2303 313 2356 punctionem
345 2302 485 2343 attinet,
519 2304 617 2348 signo
650 2305 765 2339 excla-

97 2349 234 2390 maudi,
273 2360 339 2393 quo
370 2349 489 2383 Astius
524 2354 560 2383 et
588 2351 763 2386 Stallbau-

98 2396 185 2429 mius
218 2406 281 2440 pos
265 2397 298 2428 ..t
329 2392 444 2434 καλὸς
477 2396 532 2430 usi
563 2400 660 2440 sunt,
697 2410 763 2432 non

97 2441 220 2498 magis
234 2441 288 2475 'nic
318 2440 413 2474 locus
438 2445 513 2484 est,
549 2455 651 2488 quam
683 2447 763 2489 post

99 2501 128 2522 ω
154 2484 354 2532 Σωκρατες
378 2490 414 2520 et
435 2488 565 2523 similia.

145 2551 273 2602 ἦσθα]
313 2551 428 2590 οἶσθα
452 2557 530 2592 Vat.
556 2558 601 2592 H.
627 2561 663 2593 et
686 2562 765 2594 ante

100 2615 188 2638 corr.
213 2603 313 2637 Vind.
341 2602 381 2636 F.

147 2673 228 2716 σοι]
265 2670 325 2706 σοὶ
356 2671 522 2708 editiones
565 2676 645 2708 ante
679 2673 768 2709 Astii

100 2719 290 2753 secundam.

148 2783 357 2832 ἀποχρήσοι
388 2783 466 2832 τό]
517 2784 768 2833 ἅποχρήσοιτο

306 632 358 673 Τί
388 631 460 682 δὲ;
491 628 640 675 εἶπον·
673 629 754 674 οὐκ
767 630 981 688 ᾔσθησαι
1010 648 1087 682 τας
1119 630 1227 674 α’νευ
1251 631 1488 687 ἐπιστήμης

806 701 868 743 ών
899 701 945 743 αἱ
974 700 1190 757 βέλτισται
1228 701 1415 756 τυφλαίς
1456 696 1488 755 ἢ

815 849 972 884 Vind.F.
993 846 1197 894 α’ποχρήσει
1213 847 1256 884 τὸ
1280 849 1365 884 Lob.
1384 849 1484 883 Vind.

815 897 889 930 BE.
916 897 994 930 Vat.
1021 896 1101 930 ΒΜ.
1137 898 1220 932 Ven.
1246 897 1287 931 B.
1319 896 1415 929 Flor.
1440 897 1485 930 T.

868 962 969 1000 Ου’δὲ
989 963 1086 1010 γὰρ]
1114 967 1223 1000 Haud
1245 965 1320 999 Fic.

863 1032 948 1079 ἔφη]
976 1047 1041 1070 om.
1061 1035 1147 1069 Lob.
1166 1035 1265 1071 Vind.
1279 1035 1319 1068 B.
1342 1035 1422 1070 Vat.
1433 1033 1483 1067 M.

863 1100 953 1147 μὲν]
992 1117 1056 1138 om.
1096 1104 1197 1138 Vind.
1234 1105 1276 1138 Ε.
1324 1106 1403 1139 Vat.
1437 1104 1482 1137 H.

816 1149 911 1183 Flor.
937 1151 1045 1184 ACT.
1072 1154 1107 1183 et
1131 1164 1152 1184 a
1175 1163 1219 1183 111.
1246 1163 1299 1195 pr.
1326 1152 1412 1184 Ven.
1439 1151 1481 1184 Β.

863 1231 910 1252 τα
932 1216 963 1252 δ’
977 1219 988 1261 ]
1014 1217 1056 1253 τὸ
1079 1217 1111 1252 δ’
1137 1220 1165 1252 L
1169 1220 1222 1253 ob.
1250 1219 1352 1254 Vind
1377 1219 1483 1253 BEF.

815 1265 895 1298 iat
921 1265 1001 1299 ΒΜ.
1027 1267 1114 1301 Ven.
1138 1267 1178 1299 Β.
1212 1266 1299 1312 Ang.
1321 1267 1362 1300 Β.
1387 1266 1484 1300 Flos.

813 1311 953 1345 ACRT.

865 1376 1001 1425 αυτοῦ]
1030 1377 1153 1415 αὐτοῦ
1178 1382 1209 1417 V
1212 1381 1282 1415 ind.
1295 1381 1371 1415 EF.
1391 1380 1484 1415 Mon.

815 1426 856 1461 Β.
882 1427 958 1461 Ald.
983 1428 1063 1461 Bas.
1088 1428 1142 1462 ab.

862 1497 1059 1540 τοσοῦτον]
1085 1500 1164 1541 post
1183 1494 1321 1540 χρόνον
1345 1496 1488 1540 Ang.B.

815 1542 913 1624 ἓξὲξ.
943 1544 998 1622 ΕΒ.
1043 1546 1080 1577 et
1127 1547 1292 1577 commate
1332 1543 1489 1588 apposito

863 1656 948 1700 περὶ
970 1657 1095 1692 ταῦτα
1120 1656 1489 1702 πραγματευόμενον]

817 1703 854 1737 ἰη
876 1704 930 1738 his
951 1711 1125 1739 versatum
1147 1705 1219 1739 Fic.

818 1773 914 1852 ΕἸεἷι
934 1773 1041 1855 {⁷C]V.
1077 1820 1114 1854 τί
1136 1817 1175 1854 δὲ
1200 1820 1300 1854 Vind.
1325 1819 1367 1853 Ε.
1392 1819 1488 1853 F.lor

817 1865 861 1897 T.
893 1862 1003 1908 Τίδ,
1031 1867 1151 1911 Steph.
1199 1866 1337 1900 PiioreS
1360 1865 1488 1899 nullam

817 1891 1124 1956 interpunctionem
1146 1914 1284 1946 habent.

840 1976 1129 2036 Ου’ὃαμωςγἼ
1157 1977 1239 2016 ου’δ.
1259 1993 1299 2025 γε
1316 1981 1417 2015 Vind.
1444 1981 1486 2016 Ε.

819 2021 850 2070 ’γ’
876 2039 942 2060 om.
965 2027 1059 2061 Mon.
1081 2028 1122 2061 B.

865 2093 982 2129 ταῦθ’
992 2096 1005 2140 ]
1032 2095 1153 2130 ταῦτα
1178 2096 1280 2130 Vind.
1303 2096 1344 2131 F.

871 2164 942 2208 Τί]
978 2162 1016 2198 τὲ
1042 2166 1142 2199 Vind.
1169 2166 1209 2198 Β.
1259 2166 1356 2200 Haec
1377 2177 1489 2211 usque

821 2210 864 2244 ad
890 2208 1108 2253 δοξάζοντες
1127 2213 1298 2257 excerpsit
1313 2212 1488 2246 Stobaeus

821 2257 884 2292 ecl.
918 2257 1029 2291 L.11.
1077 2271 1106 2292 c.
1141 2260 1174 2292 8.
1212 2261 1256 2292 fr.
1291 2259 1347 2294 35.
1379 2259 1487 2292 Heer.

820 2315 854 2348 p.
880 2305 959 2338 200.
986 2305 1087 2338 Cant.

868 2370 930 2417 δέ]
971 2372 1035 2408 δαὶ
1066 2372 1380 2408 F101·.ACV.In
1411 2372 1486 2407 Ald.

820 2418 898 2452 Bas.
926 2420 982 2454 ab.
1006 2432 1049 2454 ne
1073 2420 1126 2455 hic
1150 2420 1286 2466 quidem
1309 2419 1491 2465 interpun-

820 2464 889 2500 ctio
914 2469 977 2499 est.

868 2507 996 2568 εἶπον]
1023 2524 1088 2546 om.
1115 2512 1214 2546 Stob.

870 2554 1083 2613 ἐπιστημης]
1111 2555 1312 2603 ἐπιστήμας
1333 2558 1435 2593 Vind.
1446 2559 1490 2594 Ε.

869 2604 1010 2649 πᾶσαι]
1037 2601 1181 2638 ἅπασαι
1205 2606 1304 2639 Stob.

871 2650 1042 2708 αἰσχραί,·
1053 2652 1066 2695 ]
1107 2650 1267 2695 αἰσχραί.
1309 2651 1385 2685 Ald.
1434 2651 1490 2685 αῖ-

826 2706 955 2787 σχῖῗᾝ
977 2697 1195 2779 ῗὲοξέἒὸῗι
1211 2698 1410 2778 Ἢοΐεῖο

874 2789 1058 2834 τυφλαίς]
1086 2789 1243 2834 τυφλαί·
1269 2790 1393 2825 Stallb.
1421 2802 1490 2825 sec.

1031 1772 1151 1808 τίδαὶ
1176 1774 1257 1810 Par.
1283 1774 1323 1807 A.
1348 1773 1428 1806 Vae.
1442 1772 1486 1806 Η
1519 1765 1552 1807 C
