1807 3219
478 150 813 195 CIVITAS

862 150 893 190 1.
904 149 923 191 Ι
934 149 982 191 Β.
1006 147 1101 191 VH.
1131 153 1199 188 515
1447 152 1532 193 253

147 263 317 315 αὐτοῖς’,
348 263 478 308 ὁπότε
500 282 566 316 τις
594 264 751 319 λυθείη
780 263 854 306 καὶ
885 259 1171 316 ἀναγκάζοιτο
1201 258 1408 316 ἐξαίφνης
1434 259 1529 305 ἀνί-

147 333 336 377 στασθαί
373 349 418 376 τε
454 333 528 377 καὶ
566 334 789 388 περιάγειν
824 330 904 374 τὸν
935 327 1097 385 αὐχένα
1125 328 1200 372 καὶ
1226 331 1419 385 βαδίζειν
1449 330 1524 374 καὶ

145 401 258 457 πρὸς
288 399 337 445 τὸ
370 404 465 456 φῶς
494 399 781 456 ἀναβλέπειν,
811 398 956 443 πάντα
987 398 1032 441 δὲ
1060 400 1200 441 ταῦτα
1228 401 1368 441 ποιῶν
1401 397 1532 455 ἀλγοῖ

145 486 189 513 τε
219 469 293 513 καὶ
322 469 396 513 διὰ
438 468 516 519 τοὶς
557 469 848 525 μαρμαρυγὰς
886 466 1102 511 ἀδυνατοῖ
1137 470 1342 523 καθορᾷν
1373 467 1530 520 ἐκεῖνα,

145 534 209 581 ὦν
239 536 332 582 τότε
362 537 438 588 τοὶς
464 534 592 588 ’σκιὰς
623 535 762 593 ἑώρα,
792 539 833 580 τί
862 535 915 579 ἂν
945 537 1027 579 οἴει
1059 533 1194 578 αὐτὸν
1215 535 1372 587 εἰπεῖν,
1403 537 1443 578 εἴ
1463 553 1528 588 τις
1557 544 1597 586 D

146 605 264 666 αὐτῷ
294 605 438 661 λέγοι,
468 605 537 649 ὅτι
568 605 664 649 τότε
693 606 772 662 μὲν
801 603 916 660 ἑώρα
947 604 1187 659 φλυαρίας,
1228 606 1316 646 νῦν
1348 603 1395 647 δὲ
1424 608 1532 660 μᾶλ-

143 674 223 719 λόν
251 692 295 718 τι
332 673 546 730 ἐγγυτέρω
586 678 667 717 τοῦ
706 673 833 725 ὄντος
871 673 945 717 καὶ
979 672 1090 728 πρός
1120 675 1288 727 μᾶλλον
1327 670 1434 715 ὄντα
1463 690 1530 717 τε-

143 744 388 798 τραμμένος
430 739 654 797 ὀρθότερα
692 742 872 798 βλέποι,
911 741 985 786 καὶ
1020 741 1074 797 δή
1110 741 1186 784 καὶ
1216 740 1403 784 ἕκαστον
1440 745 1530 784 τῶν

143 811 392 867 παριόντων
411 811 588 863 δεικνὺς
612 808 732 870 αὐτῷ
745 808 987 867 ἀναγκάζοι
1008 809 1183 866 ἐρωτῶν
1197 806 1529 865 ἀποκρίνεσθαι,

191 981 275 1026 φῶς
305 978 527 1027 ἀναβλέπειν
606 982 690 1027 φῶς
727 977 807 1016 ἅνω

145 1027 292 1074 βλέπειν
323 1028 423 1063 Vind.
447 1029 489 1063 Ε.
522 1041 601 1062 ανω
627 1029 709 1073 φῶς
727 1027 807 1075 βλέ-

145 1086 228 1109 πειν
250 1075 346 1108 Flor.
369 1075 415 1109 T.

193 1140 313 1177 αυτὸν
346 1143 485 1188 εἰπεῖν]
526 1143 643 1178 εἰπεῖν
677 1139 810 1189 αὐτὸν,

147 1201 221 1235 sup.
246 1188 270 1235 β
295 1200 342 1234 οι,
369 1189 467 1223 Vind.
491 1190 534 1224 Β.

190 1254 294 1304 αυτῷ
312 1256 432 1303 λέγοι]
459 1255 554 1293 αὐτὸ
573 1256 667 1302 λέγει
689 1259 808 1294 Iambl.

144 1306 218 1340 cod.
238 1305 311 1339 Ci‘z.

189 1369 333 1417 μᾶλλόν
353 1374 414 1418 τι]
450 1385 488 1407 τι
512 1385 579 1408 om.
603 1374 689 1408 Lob.
714 1373 810 1410 Mon.

143 1421 186 1456 B.
210 1420 290 1454 Par.
312 1418 390 1454 ΒΚ.
414 1420 494 1455 Vat.
519 1421 568 1455 M.
592 1421 623 1454 F
625 1420 686 1455 lor.
704 1421 748 1454 U.
775 1426 811 1454 et

143 1478 166 1501 a
187 1477 231 1501 m.
254 1477 307 1511 pr.
342 1466 422 1500 Vat.
448 1467 488 1500 B.
521 1466 602 1501 Par.
628 1467 668 1501 A.
699 1466 756 1511 qui
781 1467 811 1500 si

143 1524 165 1546 a
195 1524 295 1546 manu
334 1511 465 1546 recenti
510 1513 661 1546 additum
696 1513 811 1555 habet,

143 1558 313 1593 retinendi
369 1570 492 1592 caussa
543 1570 609 1593 non
664 1559 809 1601 videtur,

144 1616 346 1658 quamquam
377 1604 513 1639 facilius
546 1605 679 1647 omitti,
708 1616 812 1650 quam

146 1651 239 1685 assui
265 1662 285 1684 a
308 1649 457 1684 librariis
481 1651 602 1696 potuit.

190 1695 280 1740 καὶ]
305 1709 368 1731 om.
393 1695 480 1731 Lob.
504 1697 583 1733 Vat.
608 1697 657 1731 M.

191 1763 463 1820 τετραμμένος]
494 1764 781 1809 τεθραμμένος
771 1766 814 1800 1i-

145 1811 234 1845 dem.
267 1809 513 1867 ἰἐτραγμένος
537 1812 639 1846 Vind.
664 1812 707 1847 E.

196 1854 411 1902 ὄρθότερα]
455 1855 665 1902 ὀρθότερον
711 1857 812 1894 Vind.

146 1904 221 1937 ΒΕ.
247 1903 340 1937 Mon.
365 1904 438 1938 BC.
465 1904 542 1938 Par.
574 1904 649 1938 DK.
674 1906 754 1939 V.at
766 1904 811 1940 H.

147 1950 239 1984 Flor.
267 1950 371 1984 ACV.
408 1950 525 1983 Iambl.
551 1951 649 1984 codd.
676 1950 751 1984 Ciz.
776 1953 812 1984 et

147 1995 321 2030 Arcerian.
347 1999 383 2029 et
407 1996 460 2030 ed.
484 1996 607 2030 Kiessl.
646 1993 810 2040 όρθώτε-

148 2053 217 2087 ρον
239 2042 341 2076 Vind.
364 2042 409 2075 F.
442 2043 528 2087 Ang.
553 2042 594 2076 Β.
641 2042 812 2076 Pluralem

148 2088 267 2122 Astius
290 2088 398 2132 magis
428 2089 811 2129 Attic1un‚Butt1nan-

148 2145 211 2168 nus
235 2145 372 2178 gramm.
396 2134 442 2169 II.
477 2147 511 2180 p.
536 2136 616 2170 268.
641 2135 810 2179 poeticmn

148 2180 323 2225 perhibet:
356 2180 438 2214 mihi
467 2192 532 2214 usu
565 2180 671 2214 minus
694 2180 809 2222 tritus,

148 2229 299 2264 ceterum
323 2227 440 2260 eodem
463 2226 536 2260 loco
560 2226 735 2260 habendus
758 2226 809 2259 vi-

149 2272 261 2305 detur.
310 2272 365 2306 Cf.
400 2272 501 2306 Polit.
536 2284 614 2316 pag.
636 2275 716 2307 276.
757 2273 809 2306 E:

149 2314 379 2374 εὐηθέστερα
398 2318 466 2351 τοῦ
489 2315 641 2357 δέοντος
660 2319 712 2358 εἰς
721 2315 811 2352 ταύ-

149 2362 219 2398 τὸν
237 2362 391 2408 βασιλέα
418 2362 480 2398 καὶ
501 2361 686 2409 τύραννον
708 2361 811 2407 ξυνέ-

150 2411 198 2444 θε
228 2420 278 2444 εν.

197 2421 348 2500 βιλέποι]
384 2453 511 2500 βλέπει
533 2455 626 2490 Mon.
651 2456 690 2489 B.
715 2456 809 2490 Flor.

151 2502 197 2537 U.
219 2501 338 2536 Iambl.
372 2501 468 2535 codd.
500 2501 572 2535 ciz.
603 2504 722 2537 Arcer.
756 2503 809 2536 ed.

150 2548 275 2582 Kiessl.
300 2547 497 2590 Bekkerus,
521 2548 638 2582 Astius
669 2548 704 2581 in
728 2552 811 2584 tert.

152 2598 188 2627 et
210 2593 470 2636 Stallbaumius3
501 2594 574 2628 sine
596 2594 812 2630 necessitate.

150 2640 236 2673 Post
258 2639 315 2672 ina
339 2639 378 2672 εἴ
395 2652 453 2679 τις
481 2637 586 2686 αὐτῷ
603 2638 725 2683 λέγοι,
751 2636 812 2675 ὅτι

150 2685 322 2730 optativus
346 2686 535 2729 praesentis
561 2674 734 2730 legitimus
758 2690 811 2720 est

150 2731 240 2765 haud
264 2742 361 2765 secus
382 2735 489 2786 atque
513 2732 633 2766 aoristi
654 2732 811 2766 Phaedo-

150 2776 202 2811 υἷε
213 2776 327 2817 initio:
354 2773 440 2811 οὕτε
457 2790 513 2817 τις
533 2776 638 2819 ξένος
654 2774 811 2835 ἀφῖκται

150 2820 287 2866 χρόνον
305 2823 439 2867 συχνοῦ
458 2821 624 2867 ἐκεῖθεν,
650 2820 751 2865 ὅστις
761 2821 810 2859 div

862 978 954 1041 ηὲμῖν
984 979 1107 1036 σαφες
1130 993 1166 1015 τι
1194 977 1359 1037 ἀγγεῖλαι
1389 978 1485 1036 ⁰559.-
1497 978 1529 1015 τ’

865 1041 923 1083 ην
935 1027 1020 1071 περὶ
1038 1025 1202 1070 τούτων,
1224 1025 1325 1082 πλήν
1343 1039 1381 1071 γε
1401 1026 1446 1072 δὴ
1469 1023 1530 1062 σ’τι

867 1086 1067 1131 φαρμακον
1092 1072 1190 1107 πιών
1192 1053 1426 1107 ἀποθάνοι·
1450 1074 1529 1107 τῶν

868 1119 907 1155 ὃε
942 1117 1062 1154 ἄλλων
1101 1117 1214 1155 ου’δεν
1248 1117 1318 1163 εἶχε
1365 1118 1528 1163 φραζειν.

867 1167 1014 1222 Neque
1032 1178 1113 1200 vero
1142 1167 1350 1210 praecedens
1374 1166 1531 1200 indicati-

868 1225 931 1246 vus
966 1210 1064 1256 εώρα
1096 1213 1239 1246 alterum
1268 1213 1530 1257 subsequentem

868 1259 993 1293 habeat
1015 1270 1154 1292 necesse
1177 1261 1240 1293 est.
1266 1258 1321 1293 Cf.
1345 1258 1392 1292 ib.
1417 1271 1450 1304 p.
1472 1260 1530 1294 96.

868 1306 916 1338 B:
941 1303 1116 1344 πολλάκις
1137 1302 1298 1347 ἐμαυτὸν
1328 1317 1407 1338 ανω
1428 1301 1529 1338 κάτω

866 1348 1094 1408 μετέβαλλον
1120 1350 1268 1384 σκοπῶν
1292 1371 1338 1376 -—-
1368 1348 1532 1394 πότερον

867 1394 912 1431 τό
939 1394 1038 1452 αἷμά
1077 1394 1206 1431 ἐστιν
1244 1410 1272 1442 ῳ
1305 1397 1531 1454 φρονοῦμεν,

867 1438 905 1498 ἢ
927 1440 946 1477 ὁ
979 1440 1052 1486 οἷήρ
1081 1438 1105 1487 ἢ
1132 1440 1175 1477 τό
1190 1443 1303 1498 πῦρ,
1337 1441 1360 1500 ᾗ
1385 1441 1534 1477 τούτων

866 1500 933 1546 μεν
977 1487 1088 1523 οὐδέν
1107 1515 1117 1532 ,
1177 1502 1196 1523 ο
1244 1490 1284 1523 δε
1331 1486 1534 1544 ἐγκέφαλός

867 1532 998 1569 εστιν
1024 1531 1044 1569 ὁ
1066 1533 1134 1575 τὰς
1155 1533 1347 1590 αἰσθήσεις
1362 1533 1533 1591 παρέχων

866 1581 936 1615 τοῦ
950 1578 1102 1615 ἀκούειν
1114 1580 1177 1615 καὶ
1194 1578 1288 1628 ὁρᾷν
1300 1581 1362 1616 καὶ
1377 1579 1533 1626 ὀσφραί-

867 1628 1021 1671 νεσθαι,
1047 1625 1084 1661 ἐκ
1111 1625 1257 1662 τούτων
1283 1627 1321 1662 ὃε
1330 1641 1369 1684 γ
1383 1628 1534 1684 ίγνοι-

867 1685 918 1708 το
946 1685 1069 1717 μνημη
1093 1673 1156 1707 καὶ
1178 1671 1291 1716 δόξα,
1322 1671 1361 1708 ἐκ
1383 1674 1423 1707 δε
1441 1686 1534 1730 μνη-

868 1731 939 1763 μης
959 1719 1024 1753 καὶ
1045 1718 1156 1763 δόξης
1178 1717 1364 1765 λαβούσης
1387 1718 1430 1754 τὸ
1449 1717 1534 1776 ἠρε-

869 1768 951 1820 μεῖν
974 1764 1069 1800 κατὰ
1097 1766 1218 1800 ταῦτα
1246 1766 1437 1810 γίγνεσθαι
1456 1777 1533 1800 επι-

870 1809 1023 1866 στήμην.
1066 1815 1101 1846 et
1134 1825 1168 1858 p.
1200 1813 1257 1848 95.
1286 1813 1330 1847 D.
1361 1812 1420 1846 ubi
1454 1815 1534 1866 post

869 1857 917 1902 ἠν
951 1858 1030 1892 item
1063 1858 1201 1913 obliqua
1233 1859 1268 1892 in
1303 1859 1456 1892 oratione
1479 1858 1533 1892 in-

866 1906 978 1938 fmtur
1022 1901 1096 1948 ζιόη
1139 1909 1175 1938 et
1218 1902 1455 1939 ἀπολλύοιτο.
1485 1924 1533 1929 -

866 1950 951 1984 Post
997 1949 1127 1996 βλέποι
1174 1951 1294 1996 steph.
1339 1956 1375 1985 et
1411 1951 1445 1984 in
1478 1962 1533 1996 pr.

865 1996 983 2030 Astius
1018 1997 1153 2042 signum
1182 1997 1417 2042 interrogandi
1441 1998 1532 2031 fece—

865 2047 957 2078 runt.
1003 2043 1043 2076 In
1069 2043 1169 2077 Vind.
1194 2044 1238 2078 Ε.
1269 2047 1421 2078 mutatae
1451 2054 1533 2090 per-

865 2100 969 2123 sonae
992 2094 1073 2123 nota
1096 2090 1251 2134 apposita
1276 2095 1339 2124 est.

911 2134 974 2168 καὶ
996 2133 1040 2179 δὴ
1067 2135 1155 2179 καὶ]
1200 2136 1354 2169 Alterum
1377 2134 1441 2170 καὶ
1465 2148 1536 2171 om.

867 2180 967 2215 Vind.
1009 2181 1080 2215 ΒΕ.
1137 2182 1230 2217 Mon.
1273 2182 1314 2217 C.
1363 2183 1442 2216 Vat.
1487 2183 1532 2216 H.

864 2227 958 2261 Flor.
982 2227 1089 2264 ACV

913 2271 1141 2318 παριόντων]
1161 2271 1360 2318 παρόντων
1376 2274 1479 2309 Vind.
1490 2273 1532 2309 F.

867 2319 953 2364 Aug.
977 2321 1018 2354 Β.
1044 2321 1084 2354 In
1108 2332 1161 2366 pr.
1185 2321 1430 2354 Stallbaumius
1450 2321 1532 2355 Flo-

865 2366 1037 2400 rentinum
1060 2367 1106 2400 T.
1139 2364 1339 2410 παρόντων
1370 2363 1416 2410 δη
1451 2363 1534 2400 ε’κα-

868 2422 956 2446 στον
980 2413 1139 2446 exhibere
1161 2413 1301 2447 tradens
1325 2424 1468 2458 quorum
1492 2425 1535 2447 ea

866 2457 940 2539 {figo
963 2459 1011 2493 ibi
1042 2458 1197 2493 exhibita
1230 2459 1298 2493 sint
1328 2470 1394 2493 non
1418 2462 1534 2493 osten-

913 2569 1128 2617 ἀναγκάζοι]
1155 2569 1355 2617 ἀναγκάζει
1377 2573 1529 2610 Vind.F.

867 2621 935 2699 IeztiJ
955 2631 1030 2665 sup.
1066 2631 1122 2663 οι,
1158 2620 1200 2653 Β.
1233 2620 1328 2656 Μοη.
1360 2620 1401 2655 Β.
1437 2621 1556 2655 Flor.*

913 2730 1211 2778 ἀποκρίνεσθαι]
1249 2731 1532 2779 ἀποκρίνασθαι

865 2780 944 2814 Par.
969 2780 1013 2814 K.
1048 2791 1116 2813 sec.
1163 2780 1274 2816 Bekk.
1304 2781 1422 2816 Iambl.
1454 2781 1529 2816 cod.

867 2826 941 2862 Ciz.
966 2831 1003 2860 et
1025 2826 1078 2861 ed.
1102 2826 1228 2861 Kiessl.
