1807 3219
411 131 750 175 CIVITAS
798 129 1014 173 LIB.VI.
1038 132 1108 169 490

1357 107 1360 108 ⁷
1374 137 1456 179 161

69 242 267 300 ζομένοις
302 240 416 288 εἶναι
452 249 635 297 πολλοῖς
670 243 893 295 ἑκάστοις,
930 240 1029 287 ἀλλ’
1061 242 1125 286 ίοι
1160 242 1236 287 καὶ
1263 242 1345 288 οὐκ
1375 244 1456 302 ἆμ-
1484 254 1522 296 Β

67 311 274 368 βλύνοιτο
304 310 409 356 οὐδ’
442 312 657 372 οἷπολήγοι
688 317 772 357 τοῦ
801 313 981 368 ἔρωτος,
1011 311 1118 364 πρὶν
1140 310 1280 356 αὐτοῦ
1300 312 1325 357 ὃ
1344 313 1463 358 εστιν

68 379 256 424 ἑκάστου
284 384 362 436 τῆς
390 380 565 437 φύσεως
592 381 821 434 ἅψασθαι,
863 373 899 437 ᾧ
929 379 1141 436 προσήκει
1170 385 1313 437 ψυχῆς
1350 380 1462 439 ἐφά-

65 455 255 493 πτεσθαι
290 452 375 493 τοῦ
412 447 642 494 τοιούτου·
682 447 895 504 προσήκει
934 447 980 492 δὲ
1020 448 1235 504 ξυγγενεῖ·

1286 452 1320 509 ᾧ
1352 455 1461 508 πλη-

67 517 223 570 σιοέσας
250 519 323 562 καὶ
351 519 490 574 μιγεὶς
519 523 581 577 τῷ
609 518 706 563 ὄντι
731 516 870 568 ὅντως
891 516 1104 573 γεννήσας
1120 521 1235 561 νοῦν
1254 518 1328 562 καὶ
1351 519 1460 575 α’λή-

65 591 198 630 θειαν
225 586 352 642 γνοίη
382 603 427 630 τε
455 586 531 630 καὶ
561 586 739 643 ἀληθῶς
770 584 856 645 ζῴη
887 586 960 629 καὶ
989 586 1198 642 τρέφοιτο
1229 587 1305 630 καὶ
1338 586 1458 631 οὕτω

66 653 194 710 λήγοι
223 651 394 706 ὠδῖνος,
424 655 529 708 πρὶν
559 654 602 699 δ’
635 653 714 706 οὕς
739 653 818 705 ‘529
840 651 936 698 οἶόν
955 652 1003 705 τ’,
1034 653 1142 710 ἔφη,
1173 654 1459 710 μετριώτατα.

72 724 125 766 Τί
154 716 256 773 otim·
285 721 428 781 τούτῳ
458 740 502 767 τι
528 724 727 781 μετέσται
756 724 921 776 ψεῦδος
950 720 1150 782 ἀγαπᾷν,
1183 721 1211 779 ἢ
1239 727 1330 766 ποῖν
1351 723 1458 768 τού-

65 872 240 907 codicibus
271 877 381 916 esset,
420 874 560 919 probari
600 877 728 920 posset.

66 919 280 964 Quamquam
313 919 399 953 enim
447 921 612 955 Socrates
643 926 727 962 tum,

63 977 166 1010 quum
191 965 331 1009 primum
356 966 542 1022 philosophi
569 972 728 1001 naturam

64 1012 293 1054 describeret,
339 1024 406 1046 non
441 1014 492 1046 sui
524 1013 728 1047 defendendi

65 1069 206 1098 caussa,
257 1057 384 1103 quippe
410 1059 556 1093 nondum
589 1072 611 1093 a
641 1072 727 1105 quo-

63 1116 163 1149 quam
187 1104 427 1149 impugnatus,
451 1117 526 1139 eum
551 1106 586 1139 id
602 1132 612 1148 ‚
637 1106 728 1150 quod

65 1155 137 1192 est,
173 1162 239 1184 non
271 1161 372 1195 posse
403 1162 470 1184 non
495 1161 609 1185 amare
633 1152 728 1185 dixe-

63 1201 141 1239 rat,
179 1199 300 1240 postea
330 1200 467 1239 tamen,
485 1209 605 1242 -equum
637 1203 730 1232 esset

64 1243 108 1276 ob
149 1242 434 1282 vehementiorem
474 1244 547 1277 veri
579 1255 728 1278 amorem

63 1289 264 1342 philosopho
304 1292 424 1322 contra
462 1289 608 1323 omnium
649 1302 728 1323 sen-

63 1334 206 1369 tentiam
245 1334 445 1368 attributum
487 1337 726 1381 reprehensus,

65 1381 182 1415 eadem
215 1380 273 1414 illa
307 1381 534 1425 descriptione
567 1383 610 1416 ad
650 1394 727 1416 sese

63 1419 311 1461 defendendum
342 1438 466 1461 usurus
507 1428 572 1461 iarn
615 1429 727 1472 egisse

63 1484 217 1507 caussam
241 1484 335 1506 suam
359 1484 558 1508 asseverare
579 1479 726 1519 poterat.

64 1520 135 1553 Sed
152 1520 230 1553 libri
254 1530 368 1553 omnes
392 1519 425 1552 in
450 1521 564 1553 futuro
584 1533 727 1555 consen—-

63 1565 175 1608 tiunt,
210 1570 246 1599 et
267 1577 349 1598 vere
372 1566 489 1599 sutura
512 1570 608 1609 erat,
641 1579 727 1601 non-

63 1612 141 1645 dum
165 1610 376 1666 praeterita,
401 1612 563 1646 defensio.
605 1613 728 1658 Itaque

62 1663 159 1692 recte
169 1659 274 1692 habet
286 1654 609 1701 απολογησόμεθοι.
631 1660 729 1700 Quo-

63 1704 153 1738 niam
179 1716 256 1737 vero
280 1704 333 1746 id,
367 1715 434 1748 quo
459 1705 648 1739 constitura
672 1716 728 1739 es-

62 1755 118 1785 set
139 1749 307 1791 defensio,
338 1750 403 1784 iam
428 1750 576 1792 dictum,
602 1756 637 1784 et
661 1753 727 1785 So·-

63 1796 169 1830 cratis
211 1797 378 1830 intererat
412 1796 475 1829 hoc
514 1797 726 1841 significare,

63 1842 145 1877 nihil
176 1842 254 1875 novi
295 1847 354 1876 aut
387 1841 533 1876 inauditi
566 1843 608 1876 ad
644 1843 726 1876 illud

63 1886 284 1932 παράδοξον
306 1888 467 1922 tuendum
492 1889 640 1934 requiri,
666 1890 726 1923 sed

63 1946 126 1969 sua
158 1939 279 1979 sponte
308 1934 342 1968 id
376 1946 418 1968 ex
449 1935 530 1968 ante
557 1935 659 1969 dictis
691 1938 728 1968 et

64 1980 234 2015 concessis
265 1980 379 2022 effici,
421 1985 484 2025 pr'o
517 1981 725 2023 indicativis,

62 2037 148 2072 quos
193 2028 344 2060 futurum
390 2026 488 2070 sequi
530 2029 726 2071 oportebat,

64 2072 236 2118 optativus
258 2073 394 2118 posuit,
414 2073 470 2126 εἴη
490 2077 526 2107 et
549 2071 728 2117 ἐπιμένοι,

63 2119 272 2164 eundemque
295 2119 427 2153 modum
454 2119 488 2152 in
511 2119 650 2164 reliquis
675 2124 728 2153 te—

63 2165 158 2206 nuit,
193 2176 281 2209 quae
312 2164 465 2210 quamvis
487 2165 627 2199 totidem
649 2178 729 2200 ver-

63 2210 118 2244 bis
151 2221 256 2255 supra
288 2211 434 2244 nondum
469 2211 582 2254 dicta,
623 2223 728 2256 argu-

64 2260 178 2290 mento
223 2262 337 2290 tamen
384 2256 457 2298 eis,
505 2269 595 2302 quae
637 2259 729 2291 dicta

64 2305 184 2344 erant,
223 2303 309 2336 adeo
342 2302 521 2337 coniuncta
554 2309 653 2345 sunt,
690 2307 729 2337 ut

65 2360 108 2382 ea
130 2360 266 2395 quoque
288 2348 357 2383 iam
390 2348 519 2383 dixisse
543 2349 609 2384 sibi
632 2349 730 2384 vide-

62 2398 173 2430 retur.
249 2396 251 2398 ’

109 2438 310 2485 πεφυκὼς]
341 2439 511 2484 πεφυκὸς
542 2453 562 2475 a
595 2453 638 2476 m.
673 2453 729 2487 pr.

64 2487 166 2521 Vind.
200 2487 240 2521 B.
273 2490 309 2520 et
337 2487 431 2521 Mon.
463 2488 503 2521 B.
537 2488 728 2529 habebant,

63 2532 153 2567 idem
184 2545 205 2567 a
236 2545 280 2568 ιιι.
312 2544 340 2567 s.
370 2533 406 2567 in
438 2533 538 2568 Vind.
562 2534 606 2567 E.
640 2534 729 2568 scti-

63 2582 159 2625 ptum
182 2584 247 2614 est.
282 2584 285 2598 ⁵

113 2621 253 2670 ὅντως]
299 2620 420 2665 οὕτως
453 2624 539 2659 Lob.
576 2625 653 2660 vat.
678 2625 728 2661 M

62 2671 143 2705 Par.
166 2672 244 2706 Ι)Κ.
269 2683 337 2706 sec.
361 2671 470 2706 Bekk.
504 2667 603 2706 οὕτω
629 2672 728 2706 Vind.

62 2717 106 2753 B.
129 2717 222 2752 Mon.
246 2718 287 2752 B.
312 2718 391 2751 Par.
420 2718 463 2751 K.
489 2729 557 2752 sec.
582 2718 658 2763 Bip.

111 2760 296 2807 ἐπιμένοι]
345 2761 507 2807 ἐπιμένει
550 2764 656 2799 Vind.·
686 2764 727 2797 F.

64 2809 151 2854 Ang.
174 2810 213 2844 B.
238 2810 333 2846 Iuor.
358 2811 402 2845 R.
428 2810 564 2845 Ven.=B.
588 2810 726 2846 Par-K.

138 2868 348 2910 Pnnoms
375 2869 450 2910 ΟΡ.
481 2869 528 2909 Π.

833 870 1109 917 δοξαζομένοις]
1134 871 1353 917 δοξαμένοις
1374 874 1457 909 Bas.

786 919 842 954 ab.

784 1023 818 1046 a·

784 1104 925 1138 ACTV.
951 1106 986 1182 {t
1016 1102 1228 1136 'Ihemistius
1263 1104 1326 1136 Or.

784 1163 818 1195 P·

832 962 1073 1011 ἀμβλύνοιτο]
1102 965 1158 999 Cf.
1185 965 1260 1001 Vol.
1278 965 1306 999 I.
1324 977 1358 1011 p.
1374 966 1455 1010 427,
1478 975 1515 1017 Β

1360 1057 1456 1091 Flor.

1357 1104 1457 1138 ΧΧΙ.

951 1150 989 1183 Β.
1023 1149 1082 1182 ubi
1107 1151 1213 1183 verba
1238 1149 1291 1183 ιόι
1311 1149 1373 1183 καὶ
1397 1162 1456 1184 us-

831 1053 946 1102 οὔδ’]
997 1053 1085 1090 οὐδὲ
1124 1056 1226 1092 Vind.
1267 1057 1310 1091 Ε.

844 1150 924 1185 256

785 1208 852 1241 que
877 1196 919 1229 ad
945 1193 1081 1239 ἔρωτος
1113 1195 1156 1229 de
1189 1195 1261 1230 alia
1293 1207 1332 1229 re
1356 1207 1457 1230 usur-

787 1242 893 1297 pavit.

832 1284 853 1321 ὃ
889 1286 1018 1332 ἐστιν]
1071 1283 1094 1322 ὅ
1124 1283 1222 1321 ἐστιν
1256 1287 1341 1321 editi
1376 1292 1457 1322 ante

783 1334 989 1367 Bekkeruni.

829 1377 1028 1424 προσήκει]
1077 1376 1262 1423 προσήκοι
1295 1380 1377 1414 Vat.
1409 1381 1455 1415 H.

784 1437 859 1459 cum
898 1426 1104 1460 editionibus
1142 1432 1222 1459 ante
1262 1426 1457 1461 Bekkeria-

783 1484 872 1506 nam.

829 1515 1029 1552 τοιούτου·
1041 1519 1055 1562 ]
1081 1514 1270 1551 τοιούτου.
1285 1517 1359 1551 Ald.
1375 1518 1456 1552 Bas.

785 1565 839 1598 ab.
873 1565 993 1618 Steph.
1036 1562 1378 1598 ‘cozov'tov—Ast.
1404 1575 1456 1609 pr.

785 1608 975 1652 τοιούτου,
1020 1611 1095 1643 Ast.
1133 1622 1200 1643 sec.
1253 1607 1455 1652 τοιούτου;

785 1657 894 1690 Bekk.
920 1660 990 1690 Ast.
1011 1659 1090 1690 tert.
1114 1656 1239 1689 Stallb.
1244 1656 1323 1711 qui
1340 1668 1456 1690 omnes

783 1703 873 1736 insta
909 1708 987 1747 post
1017 1701 1107 1747 πρὶν
1136 1699 1179 1736 δ’
1214 1713 1260 1737 ον
1293 1708 1457 1747 punctum

783 1749 922 1783 habent.

831 1794 1015 1840 ξυγγενεῖ]
1043 1804 1141 1838 συγγ.
1167 1793 1268 1830 Vind.
1287 1794 1330 1828 E.
1357 1794 1453 1829 Flor.

784 1841 890 1874 ACV.

829 1888 882 1933 τῷ
905 1882 1008 1930 ὄντι]
1036 1884 1174 1921 τωόντι
1195 1885 1294 1919 Vind.
1319 1886 1362 1919 Ε.
1412 1886 1452 1920 In

788 1934 869 1967 Ven.
897 1934 937 1967 Β.
964 1933 1132 1988 editisque
1156 1935 1236 1966 ante
1260 1932 1454 1966 Bekkerum

788 1975 870 2014 ὄντι
894 1982 972 2034 post
996 1974 1113 2018 ὅντως
1136 1978 1272 2032 legitur.

830 2023 1031 2070 γεννήσας]
1059 2022 1254 2069 γεννήσασι
1276 2024 1356 2058 Par.
1376 2023 1453 2059 DK.

784 2071 950 2116 sec.B1p

830 2117 936 2161 γνοίη
954 2117 1021 2161 τε]
1044 2115 1152 2161 γνοίη
1171 2126 1210 2150 τε
1228 2111 1277 2150 dv
1302 2116 1396 2150 Mon.
1411 2117 1454 2151 Β.

785 2163 876 2198 Flor
904 2164 947 2197 U.

784 2347 827 2382 R.

832 2207 1011 2252 ἀληθῶς]
1037 2220 1088 2248 ως
1109 2205 1165 2242 ἀλ.
1189 2207 1291 2242 Vind.
1315 2208 1360 2244 Ε.

831 2254 930 2310 ζώη]
958 2256 985 2296 ζ.
1005 2266 1043 2288 τε
1069 2254 1167 2288 Vind.
1187 2255 1229 2287 F.
1253 2256 1339 2299 Ang.
1364 2254 1405 2288 B.

831 2298 957 2346 ου’τω]
985 2297 1084 2335 οὕτω
1110 2298 1156 2345 δὴ
1182 2300 1285 2334 iidem
1303 2306 1340 2335 et
1356 2300 1454 2336 Flor.

831 2391 961 2439 λήγοι]
1009 2390 1111 2447 λήγει
1141 2391 1228 2425 Lob
1276 2390 1377 2425 Vind.
1412 2391 1453 2425 B.

784 2406 874 2474 Vatn
887 2440 965 2473 ΒΜ.
990 2436 1081 2483 λήγη
1106 2438 1206 2474 Vind.
1228 2437 1272 2471 F.
1298 2437 1394 2471 Flor.
1408 2438 1453 2472 R.

836 2486 883 2520 Τί
905 2497 997 2526 ουν,·
1007 2486 1020 2529 ]
1047 2497 1111 2519 om.
1138 2484 1211 2516 Fic.

830 2529 953 2576 τούτῳ
976 2532 1034 2575 τι]
1066 2543 1104 2564 τι
1127 2527 1252 2563 τούτω
1285 2528 1386 2563 Vind.
1410 2529 1453 2564 F.

784 2579 824 2613 In
848 2579 942 2611 Flor.
967 2578 1010 2611 R.
1045 2576 1215 2629 editisque
1249 2580 1329 2609 ante
1360 2575 1454 2609 Bek-

783 2626 904 2659 kerum
926 2636 963 2657 τι
987 2623 1157 2663 omissum,
1179 2621 1214 2654 in
1238 2620 1324 2655 Lob.
1350 2621 1451 2655 Vind.

784 2672 857 2705 ΒΕ.
884 2670 976 2704 Μοιι.
997 2670 1039 2704 Β.
1065 2680 1140 2703 cum
1163 2671 1264 2702 acuto
1288 2667 1453 2713 scriptum

784 2722 849 2751 est.

829 2758 1020 2806 μετέσται]
1069 2757 1252 2804 μελέσθαι
1292 2758 1374 2795 Par.
1406 2758 1453 2793 K.

784 2820 854 2844 sec.
873 2808 949 2854 Bip.

1223 2864 1259 2906 L
