1807 3219
475 154 813 199 CIVITAS
857 156 1096 199 LIB.VII.
1127 161 1196 196 515

1446 156 1528 196 251

136 268 346 326 Ὁμοίους
372 267 504 326 ἡμῖν,
557 265 614 327 ἦν
642 269 687 315 δ’
719 271 812 327 ἐγώ.
845 271 952 322 τούς
979 269 1065 326 γὰρ
1095 264 1331 317 τοιούτους
1354 267 1533 320 πρῶτον

146 339 226 395 μὲν
256 337 426 382 ἑαυτῶν
453 354 500 382 τε
526 341 601 384 καὶ
631 339 831 397 ἀλλήλων
860 341 942 384 οἴει
972 338 1028 383 ἄν
1057 354 1099 381 τι
1138 335 1380 391 ἑωρακέναι
1409 334 1534 388 ἄλλο,

148 406 265 463 πλὴν
289 406 363 458 τὰς
392 406 519 458 σκιᾶς
545 406 624 459 τοὶς
659 408 748 453 ὑπὸ
787 412 869 453 τοῦ
899 407 1040 462 πυρός
1066 407 1140 457 ἐἰς
1177 402 1228 448 τὸ
1269 403 1535 459 καταντικρύ

150 472 300 519 αὐτῶν
334 479 420 519 ,τοῦ
459 478 676 532 σπηλαίου
713 474 1101 533 προσπιπτούσας;
1148 476 1253 524 Πῶς
1282 472 1391 529 γὰρ,
1437 474 1537 530 ἔφη,

150 545 189 588 εἰ
227 542 551 601 ἄκινήτονς.’γε
587 545 663 597 τὰς
699 547 895 604 κεφαλᾶς
936 546 1048 602 ἔχειν
1087 542 1416 601 ἠναγκασμένοι
1450 541 1537 586 εἶεν
1565 546 1605 591 Β

151 611 226 656 διοὶ
244 614 371 669 βίους
406 615 458 656 Τί
491 613 538 657 δὲ
566 618 656 657 τῶν
684 613 1093 671 παραφερομένων;
1125 610 1179 656 οὐ
1201 611 1363 655 ταύτόν
1385 615 1542 662 τοῦτο;

156 682 209 724 Τί
237 680 350 737 μήνς
384 683 440 724 Εἰ
469 677 556 726 οὖν
585 685 864 739 διαλέγεσθαι
892 680 982 726 οἶοί
1010 681 1043 725 τ’
1068 673 1283 735 εἷενπρός
1313 678 1543 736 ἀλλήλους,

155 748 212 794 οὐ
241 753 380 794 ταῦτα
411 748 493 808 ἡγῇ
525 750 584 795 ἂν
619 752 674 796 τὰ
712 751 916 808 παρόντα
950 749 1116 802 αὐτοὺς
1154 750 1350 807 νομίζειν
1379 747 1544 804 ὀνομά-

151 903 190 932 ut
215 899 298 933 alibi
323 901 400 947 ζῷα
425 902 563 937 habent.
612 903 668 936 Cf.
694 903 816 938 VoLI.

153 958 187 999 p.
212 947 276 988 60,
302 958 334 980 a.
366 948 450 981 Post
474 949 551 989 ζῶα
573 949 818 983 Stallbaumius

152 992 188 1025 in
225 1004 294 1026 sec.
327 992 500 1028 incisionis
530 994 674 1049 Ηείςιιυιῖι
718 996 817 1038 fecit,

154 1039 245 1083 quod
271 1039 315 1073 ad
337 1050 471 1074 sensum
495 1041 631 1075 minime
654 1042 815 1087 ineptum,

139 1085 214 1118 'sed
237 1084 271 1118 in
294 1086 367 1119 hac·
382 1088 563 1122 verborum
587 1089 738 1134 positura
758 1099 817 1122 su-

153 1130 322 1176 perfluum
345 1132 491 1168 videtur.

201 1178 395 1223 σιγῶντας]
416 1190 587 1223 σιγοντας
610 1191 686 1214 cum
709 1180 740 1213 ὦ
761 1190 819 1214 su-

151 1235 216 1269 per
240 1236 259 1258 o
285 1225 386 1259 Vind.
411 1225 454 1259 E.
554 1240 561 1244 ·

197 1270 290 1315 τῶν]
316 1271 352 1304 in
377 1271 528 1316 margine
551 1282 573 1305 a
596 1273 639 1307 m.
661 1284 689 1306 5.

154 1316 248 1350 Mon.
272 1316 314 1350 B.

201 1360 296 1418 ἔφη]
324 1375 389 1397 om.
415 1362 502 1397 Lob.
527 1364 607 1400 Vat.
634 1363 714 1398 ΒΜ.

199 1406 339 1453 λέγεις]
386 1406 502 1463 λέγειν
547 1409 650 1444 Vind.
684 1410 728 1445 E.
776 1429 820 1434 —-

154 1455 248 1489 Mon.
282 1456 324 1490 Β.
358 1455 394 1489 in
424 1455 493 1489 ima
536 1456 684 1501 pagina,
726 1456 822 1490 cuins

154 1502 219 1535 hoc
242 1505 429 1535 extremum
452 1503 592 1536 verbum
617 1507 690 1543 est,
725 1514 747 1536 a
777 1514 822 1536 m

155 1558 208 1593 pr.
225 1548 356 1592 scripta
379 1549 466 1581 haec
489 1549 612 1582 habet·
635 1559 762 1583 παντα
776 1545 822 1582 τὰ

156 1594 319 1649 μικαλῶς
372 1591 672 1650 οἷπὸδηκνείμενα
690 1621 700 1638 ,
747 1591 823 1638 μετ’

158 1636 326 1696 οἷσαφίας
348 1638 584 1695 γράφονταιε

203 1682 381 1729 Ομοίονς
398 1683 561 1733 ἡμῖν][)
564 1691 618 1721 ost
641 1681 688 1731 ἦν
711 1684 744 1721 δ’
765 1683 826 1730 (δε

158 1732 252 1766 Mon
280 1733 352 1788 C)
366 1730 434 1776 ἐγὼ
461 1700 561 1768 Vindp
591 1735 630 1769 B.
662 1734 756 1768 Mon.
783 1734 825 1766 C.

162 1775 302 1822 ὁμοίως
329 1776 420 1824 ἡμῖν
444 1779 544 1814 Vind.
558 1780 612 1816 E.
648 1777 766 1823 ὁμοὺς
785 1775 827 1823 ή-

162 1828 227 1869 μῖν
251 1825 331 1859 Par.
349 1825 396 1881 D.
423 1826 515 1861 Mon.
533 1827 575 1860 Β.
622 1826 829 1860 lamblichus

163 1872 250 1905 haec
273 1872 316 1904 ab
342 1868 488 1906 ἄτοπον
521 1873 601 1907 inde
624 1873 659 1906 in
682 1869 752 1916 τήν
780 1868 828 1928 δη

164 1913 310 1951 ἄτοπον
336 1916 464 1952 εἰκόνα
490 1916 633 1963 ταύτην
657 1918 722 1953 καὶ
739 1916 831 1957 τοὺς

164 1961 356 2006 δεσμώτας
383 1963 476 2004 τοὺς
512 1966 565 2009 (id
591 1977 655 2000 om.
682 1965 735 1999 ed.
759 1966 831 2009 pr.)

164 2007 334 2049 οἷτόπους
400 2007 572 2051 οἷπόνους
601 2012 657 2047 ed.
681 2011 829 2054 Kiessl.)

162 2053 233 2096 θὲς
251 2053 348 2091 εἶναι
368 2058 524 2100 ομοίονς
551 2055 710 2103 (ὁμοίως
736 2057 832 2101 Ciz.)

163 2099 255 2158 ἡμῖν
278 2104 431 2138 mutavit

211 2146 299 2193 μὲν]
335 2162 401 2184 om.
433 2150 520 2184 Lob.
552 2150 647 2185 Mon.
671 2151 713 2184 B.
753 2150 832 2184 Vat.

163 2194 246 2228 ΒΜ.
269 2195 349 2230 Par.
374 2196 450 2231 ΒΚ.
474 2196 569 2231 Flor.
593 2197 639 2232 U.

209 2242 270 2285 τε]
307 2254 372 2276 om.
405 2243 525 2277 Iambl.
558 2243 657 2278 codd.
692 2238 768 2278 Ciz.
793 2247 830 2277 et

163 2287 274 2321 Paris.

210 2331 461 2390 καταντικρὺ]
485 2345 714 2391 καταντιπρυ
731 2334 833 2368 Vind.

164 2379 208 2413 F.
251 2376 330 2413 κατ’
357 2377 513 2425 ἀντικρὺ
549 2381 670 2415 Iambl.
703 2381 757 2415 ed.
781 2392 835 2427 pr.

167 2426 243 2460 Ald.
269 2427 348 2459 Bas.
376 2428 431 2460 ab.

215 2472 305 2511 Πῶς
323 2470 414 2517 γὰρ,

715 1272 821 1306 habet

169 2518 248 2554 Ald.
279 2519 360 2552 Bas.
393 2471 574 2554 abftpriyu'llii
596 2471 838 2564 ξιῖῗὲτζιῗὲοῖίἰὲ

128 2581 129 2586 =
170 2568 241 2607 est,
274 2566 468 2610 Stephanus
492 2566 623 2610 signum
645 2566 839 2610 interroga-

170 2610 272 2646 tionis
295 2612 397 2653 fecit,
429 2612 522 2657 quod
553 2613 636 2646 Bas.
673 2612 728 2645 ab.
762 2614 843 2657 post

171 2655 398 2738 ξφηὺῖεὼεηῢ.
424 2655 536 2693 ον’δὲν
555 2654 656 2693 ἄλλο.
676 2658 758 2698 πῶς
769 2656 841 2703 γὰρ

191 2716 245 2738 am

223 2748 338 2795 ἔχειν]
364 2762 428 2784 om
456 2750 553 2784 Vind.
576 2750 620 2784 F.
645 2751 732 2795 Ang.
752 2750 793 2784 B.

132 2802 168 2844 B
227 2797 334 2842 βίους
348 2797 483 2853 ]βίου.
510 2796 584 2831 Α1(1.
609 2797 690 2831 Bas
715 2797 771 2832 ab.

231 2846 276 2880 Τί
293 2844 355 2888 δὲ]
379 2841 422 2879 τὸ
444 2841 484 2878 δὲ
509 2844 601 2878 Mon.
626 2844 667 2878 Β.
705 2842 745 2877 In
765 2844 840 2879 Ald.

876 914 937 948 pos
924 904 954 935 t
985 899 1024 935 δὲ
1070 912 1201 935 comma
1245 900 1416 945 positum,
1463 901 1544 944 post

874 945 1195 992 παραφερομένων
1226 958 1308 980 vero
1344 949 1382 978 ut
1406 945 1441 978 in
1465 949 1543 980 Bas.

874 996 929 1030 ab.
963 994 1087 1028 omissa
1119 992 1350 1038 interpunctio
1375 995 1450 1034 est3
1475 1001 1542 1025 non

874 1041 1009 1076 omnino
1033 1039 1132 1073 male.

919 1087 1058 1130 τοῦτο]
1104 1097 1168 1120 om.
1203 1084 1321 1119 lambi.
1356 1084 1430 1118 cod.
1467 1082 1543 1118 Ciz.

874 1137 910 1168 et
933 1133 984 1176 is,
1009 1144 1075 1178 quo
1100 1143 1181 1165 usus
1205 1135 1259 1165 est
1284 1130 1459 1172 Arcerius,
1481 1140 1545 1163 nec

875 1192 943 1214 non
971 1177 1175 1213 ed.Kiess1.

927 1226 974 1259 Τί
992 1222 1092 1268 μήν;
1105 1227 1118 1269 ]
1144 1236 1208 1258 om.
1232 1222 1352 1257 Iambl.

924 1270 1000 1306 οἱοί
1024 1269 1077 1314 τ’]
1105 1267 1181 1304 οἶοί
1201 1281 1242 1304 τε
1262 1269 1364 1303 Vind.
1387 1268 1428 1302 F.
1463 1265 1546 1302 οἷον

877 1315 909 1352 τ’
933 1319 1026 1352 Μοῃ.

918 1318 1083 1407 ταῦτα]Ο
1111 1374 1235 1396 ταυτα
1280 1362 1354 1396 sine
1404 1365 1548 1394 accentu

879 1410 979 1444 Vind.
1004 1411 1044 1443 B.
1070 1406 1192 1442 ταύτὰ
1219 1409 1298 1442 Par.
1326 1408 1369 1441 A.
1395 1408 1475 1440 Vat.
1501 1407 1547 1440 H.

879 1457 972 1491 Flor.
995 1456 1136 1490 ACRV.
1161 1456 1254 1489 Mon.
1281 1455 1322 1488 C.
1348 1453 1449 1489 Vind.
1470 1453 1548 1487 EF.

925 1500 1024 1548 ἡγῇ]
1060 1499 1145 1545 ἡγεῖ
1176 1501 1275 1535 Vind.
1311 1500 1353 1533 F.
1386 1500 1473 1543 Ang.
1508 1500 1550 1534 B.

880 1548 975 1582 Flor.
999 1550 1043 1583 R.
1078 1548 1194 1581 Astius
1230 1548 1264 1580 in
1300 1558 1369 1580 sec.
1409 1549 1445 1579 et.
1469 1549 1550 1579 tert.

880 1596 1062 1630 Bekkerus
1087 1599 1122 1627 et
1146 1592 1403 1627 Stallbaumius.

928 1639 1126 1685 παρόντα]
1161 1637 1352 1683 παριόντα
1388 1638 1482 1673 Flor.
1506 1637 1552 1672 T.

883 1687 998 1722 Astius
1030 1687 1067 1720 in
1099 1697 1167 1720 sec.
1202 1690 1237 1719 et
1272 1689 1352 1719 tert.
1378 1687 1414 1718 et
1445 1684 1553 1718 Stall-

882 1734 1062 1775 baumius3
1087 1732 1177 1777 quod
1201 1732 1301 1766 valde
1323 1731 1476 1775 ineptum
1498 1730 1553 1763 vi·-

885 1780 1008 1821 detur,
1043 1779 1118 1813 sive
1151 1790 1227 1812 cum
1250 1777 1476 1812 Stallbaumio
1500 1776 1553 1810 in-

884 1826 1106 1871 terpreteriS.
1140 1837 1252 1858 nonne
1278 1830 1385 1869 putas
1413 1834 1469 1857 eos
1486 1834 1553 1864 res,

887 1884 973 1918 quae
1010 1874 1346 1917 praetcrferrentur,
1382 1878 1442 1904 sno
1470 1881 1556 1914 quo-

889 1921 969 1953 dam
988 1919 1089 1952 modo
1109 1930 1179 1951 esse
1196 1918 1454 1957 nominaturus,
1469 1926 1556 1960 quas

889 1966 1024 2010 quidem
1039 1964 1226 1998 viderent?
1250 1964 1323 1997 sive
1347 1974 1421 1996 cum
1434 1962 1552 1996 Astio=

888 2023 1000 2045 nonne
1027 2023 1140 2044 censes
1161 2022 1216 2045 eos
1239 2022 1294 2043 res
1318 2010 1556 2055 praeterlatae

888 2059 1120 2091 arbitraturos
1140 2068 1210 2090 esse
1227 2057 1557 2099 nominandusquas

887 2103 1073 2137 viderent?
1120 2102 1199 2136 Non
1238 2102 1325 2135 enirn
1357 2102 1421 2135 hoc
1454 2103 1557 2145 rogat

890 2150 1075 2191 Socrates,
1109 2160 1152 2182 an
1177 2149 1311 2182 nomina
1341 2147 1470 2181 umbris
1494 2147 1557 2180 im-

888 2195 1045 2250 ponenda
1079 2194 1305 2229 existimaturi
1328 2198 1388 2227 aut
1411 2203 1449 2227 re
1472 2203 1559 2226 vera

888 2241 1080 2295 imposituri
1122 2246 1258 2282 essent,
1304 2240 1431 2293 quippe
1465 2238 1558 2284 quod

892 2287 978 2322 citra
1017 2299 1169 2322 errorem
1201 2288 1318 2321 facere
1352 2286 1401 2319 eis
1424 2285 1558 2326 liceret,

890 2334 952 2367 sed
976 2346 1020 2368 an
1042 2335 1150 2376 haec,
1174 2345 1262 2378 quae
1285 2333 1453 2375 viderent,
1472 2334 1562 2365 tam-

893 2392 994 2425 quam
1025 2392 1082 2414 res
1116 2360 1337 2426 piaesentes,
1375 2389 1442 2411 non
1472 2380 1561 2411 tam-

893 2439 996 2471 quam
1018 2427 1156 2460 umbras
1180 2425 1366 2471 appellare,
1392 2424 1434 2458 de
1458 2435 1562 2477 prae—

894 2474 1070 2515 sentibus,
1095 2484 1161 2506 non
1185 2472 1228 2505 de
1250 2470 1449 2505 absentibus
1469 2469 1562 2514 loqui

895 2530 973 2553 sese
998 2519 1170 2564 opinaturi
1195 2524 1321 2552 essent.
1358 2517 1470 2557 Quem
1485 2527 1562 2550 sen-

896 2577 971 2600 sum
994 2569 1030 2599 et
1061 2566 1224 2609 vulgatae
1258 2562 1398 2597 lectioni
1421 2563 1564 2596 subesse

898 2616 934 2646 et
979 2612 1199 2656 sequentibus
1243 2610 1342 2644 unice
1384 2608 1567 2642 convenire

899 2662 1056 2704 apparet.
1089 2659 1180 2691 Fere
1204 2657 1322 2690 eodem
1345 2654 1448 2696 redit,
1475 2653 1564 2699 quod

897 2705 1083 2739 Iamblicho
1107 2715 1149 2737 ex
1174 2704 1270 2737 codd.
1297 2702 1371 2737 Ciz.
1395 2701 1504 2735 Paris.
1530 2707 1568 2734 et

899 2751 1087 2786 Arceriano
1126 2750 1279 2784 restituit
1323 2746 1565 2791 Kiesslingius,

901 2794 1016 2841 ὄντα,
1042 2798 1132 2844 quod
1156 2797 1257 2831 etiam
1275 2795 1415 2830 Procius
1439 2793 1567 2837 legisse

900 2844 1038 2879 videtur
1075 2845 1096 2879 1.
1121 2854 1151 2878 c.
1186 2843 1239 2889 (p.
1266 2842 1366 2886 432.)
1391 2839 1563 2874 scribens:
