1807 3219
462 155 799 199 CIVITAS
841 154 963 196 LIB.
993 153 1048 195 V.
1079 155 1147 193 463
1453 158 1511 197 63

124 283 202 318 τας
233 267 276 310 τί
304 266 330 311 ὁ
361 266 409 311 ἐν
437 271 534 318 ταῖς
563 267 712 319 ἄλλαις
741 269 878 323 δῆμος
907 265 1012 318 τούς
1048 264 1260 321 ἄρχοντας
1287 277 1510 322 προσαγο-

126 334 268 391 ρεύεις
292 333 366 379 Ἐν
394 334 473 391 μὲν
497 340 590 387 ταῖς
619 341 798 388 πολλαῖς
830 334 1064 385 δεσπότας,
1095 333 1143 376 ἐν
1173 334 1220 377 δὲ
1251 340 1344 386 ταῖς
1374 337 1512 390 δημο-

124 403 441 460 κρατουμέναις
471 400 579 446 αὐτὸ
610 403 809 460 τοῦνομα
838 409 992 456 τοῦτο,
1038 402 1262 459 ἄρχοντας.
1326 403 1378 445 Τί
1411 401 1456 446 δ’
1488 400 1512 445 ὁ

125 473 172 517 ἐν
200 477 254 531 τῇ
283 471 468 530 ἡμετέρᾳ
496 473 662 527 δῆμοςς
709 472 820 527 πρὸς
850 477 910 530 τῷ
941 474 1121 523 πολίτας
1150 473 1192 514 τί
1221 470 1325 522 τούς
1355 469 1515 527 ἄρχον-

123 540 203 594 τοὶς
233 554 369 597 φησιν
399 538 534 595 εἶναι;
565 539 780 597 Σωτῆρας
809 557 852 583 τε
883 542 956 584 καὶ
986 540 1276 595 ἐπικούρους,
1309 540 1404 596 ἔφη.
1459 540 1512 582 Τί
1536 537 1573 579 Β

125 609 169 655 δ’
201 605 327 654 οὗτοι
354 608 432 653 τόν
462 611 629 664 δῆμον;
669 608 961 661 Μισθοδότας
995 627 1038 654 τε
1081 610 1154 653 καὶ
1193 609 1396 663 τροφέας.
1461 607 1516 650 Οἱ

124 677 167 723 δ’
200 679 247 722 ἐν
274 683 365 729 ταῖς
395 675 546 728 ἄλλαις
578 676 787 733 ἄρχοντες
808 694 912 728 τους
932 677 1128 734 δήμους,·
1158 676 1389 727 Δούλους,
1420 676 1515 731 ἔφη

128 749 182 791 Τί
211 744 323 791 δὀἱ
343 744 549 802 ἄρχοντες
570 744 806 802 ἅλλήλουςς
838 746 1176 803 Ξυνάρχοντας,
1206 747 1304 802 iel-qm
1340 747 1391 788 Τί
1411 743 1517 787 δὀἱ

120 816 344 872 ἡμέτεροι,·
385 813 701 870 Ξυμφύλακας.
751 813 892 870 Ἔχεις
923 817 1007 859 οὐν
1044 818 1181 860 εἰπεῖν
1220 819 1309 858 τῶν
1350 812 1511 869 ἀρχόν-

121 902 210 929 των
245 885 292 930 ἐν
319 889 415 935 ταῖς
443 881 592 934 ἄλλαις
621 880 802 926 πόλεσιν
832 885 872 927 εἲ
909 885 975 934 τίς
1005 900 1103 927 τινα
1143 884 1226 939 ἔχει
1255 886 1511 937 προσειπεῖν

121 957 213 998 τῶν
243 950 552 1008 ξυναρχόντων
580 950 659 996 τὸν
689 952 767 1007 μὲν
797 949 857 1003 ὤς
888 954 1073 1004 οἰκεῖον,
1102 951 1181 996 τὸν
1211 954 1257 996 δὲ
1288 950 1348 1002 ὠς
1381 948 1512 994 ἄλλο’-

53 1036 280 1079 462τριον5
319 1022 411 1065 Καὶ
447 1019 639 1072 πολλούς
667 1037 727 1077 γε.
796 1019 973 1065 Οὐκοῦν
1012 1020 1090 1064 τὸν
1130 1021 1209 1077 μὲν
1249 1021 1411 1064 οἰκεῖον
1452 1016 1512 1069 ὠς

168 1168 291 1216 αὐτὸ]
324 1168 420 1205 αυτὸ
447 1154 528 1205 Bas.
552 1172 587 1206 b.
612 1184 677 1206 om.
712 1182 788 1205 cum
844 1171 947 1205 etiam
978 1171 1073 1205 Flor.
1098 1171 1241 1206 ACTV.
1272 1189 1318 1196 —
1354 1164 1511 1212 ξυνφύλ.

121 1218 251 1253 duobus
276 1218 494 1263 sequentibus
515 1218 593 1252 Fic.
843 1219 866 1253 5
863 1218 943 1252 md.
965 1218 1010 1252 F.

167 1260 359 1308 τοῦνομα]
398 1276 462 1297 om.
497 1263 597 1297 vind.
621 1264 666 1298 F.
698 1263 785 1308 Aug.
882 1259 1026 1307 Έχεις]
1059 1275 1130 1307 εχει
1153 1263 1232 1298 Par.
1256 1263 1302 1297 K.

100 1312 163 1345 ”Β.
187 1311 284 1344 Flor.
308 1311 350 1345 R.
375 1313 461 1366 post
478 1309 592 1343 τοῦτο
617 1310 716 1344 Stob.
889 1307 927 1343 ἐν
952 1310 1058 1352 ταῖς]
1084 1322 1160 1343 των
1185 1306 1223 1342 ἐν
1247 1311 1330 1348 ταῖς
1352 1307 1452 1342 vind.
1466 1307 1511 1342 F.

167 1356 312 1400 τοῦτο]
357 1352 461 1390 τοῦτ’
498 1356 585 1390 Lob.
618 1356 718 1390 vind.
743 1356 784 1389 B.
842 1356 935 1390 Mon.
960 1357 1000 1390 Β.
1034 1357 1129 1390 Flor.
1156 1356 1233 1390 RU.
1266 1355 1466 1393 Bekkerus3
1491 1364 1513 1387 a

121 1403 202 1438 Vat.
236 1403 286 1437 M.
339 1402 454 1436 τοῦτο
490 1400 582 1442 τοὺς
612 1402 715 1438 Vind.
738 1402 784 1436 F.
841 1414 907 1447 quo
953 1403 1044 1436 disce
1027 1414 1082 1435 55
1085 1402 1192 1436 ionem
1233 1413 1299 1436 non
1342 1401 1513 1442 fecissem,

121 1448 208 1492 Ang-
231 1449 273 1483 B.
848 1448 878 1481 si
902 1460 1020 1482 verum
1045 1452 1161 1490 esset,
1202 1449 1292 1493 quod
1323 1448 1357 1481 in
1391 1458 1512 1480 comm.

172 1495 218 1529 Τί
241 1491 312 1539 δ’]
339 1494 386 1528 Τί
409 1493 484 1529 δαί.
509 1494 607 1528 Stob.
631 1494 751 1529 Trinc.
848 1494 1078 1535 demonstrat,
1112 1506 1277 1539 nusquam
1302 1506 1358 1535 se,
1390 1492 1456 1526 nisi
1479 1492 1515 1525 in

169 1541 310 1585 δῆμος]
343 1541 462 1584 δῆμος
486 1538 579 1580 τοὺς
605 1536 790 1585 ἄρχοντας
846 1541 1130 1575 Vat.Hw1.m3v
1154 1541 1310 1574 omissum
1335 1539 1514 1573 invenisse.

123 1588 222 1622 Stob.
247 1587 322 1622 cod.
347 1589 387 1621 A.
846 1587 892 1620 At
926 1586 1091 1620 omittitur
1132 1587 1234 1620 etiam
1264 1587 1298 1620 in
1334 1586 1435 1620 Vind.
1471 1586 1513 1620 B.

167 1633 245 1680 τῷ]
270 1631 313 1668 τὸ
341 1633 439 1668 Stob.
454 1633 581 1682 “Trina
846 1633 1014 1686 editisque
1039 1637 1118 1666 ante
1136 1633 1332 1666 Bekkermn
1349 1632 1514 1673 omnibus,

167 1668 344 1724 πολίτας]
370 1691 409 1714 π.
435 1675 530 1713 εἶναι
553 1679 649 1714 Flor.
673 1678 719 1713 T.
845 1678 1012 1713 omittitur
1035 1679 1069 1712 in
1092 1677 1513 1713 Lob.vind.DE.Flo1-.

166 1726 303 1770 φησιν]
323 1727 550 1780 nuncupabit
563 1725 640 1760 Fic.
845 1725 988 1759 ACTV.
1012 1726 1109 1760 Stob.
1133 1737 1244 1770 neque
1276 1737 1296 1759 a
1320 1723 1515 1769 Bipontinis
1544 1767 1549 1772 Ι

846 1782 889 1804 ex
913 1771 993 1805 Par.
1018 1772 1063 1805 K.
1090 1772 1246 1806 affertur.
1294 1772 1417 1813 Itaque
1441 1781 1514 1804 lna-

846 1828 946 1861 gnam
971 1818 1013 1851 de
1036 1818 1116 1852 Par.
1141 1818 1216 1852 AD.
1247 1819 1328 1851 Vat.
1352 1818 1394 1851 Β.
1425 1817 1512 1851 Ven.

845 1864 919 1897 BC.
960 1864 1186 1909 suspicionem
1232 1863 1328 1897 iniici
1372 1874 1514 1897 necesse

846 1913 920 1951 est,
946 1921 1033 1954 quae
1058 1910 1086 1943 si
1109 1914 1221 1943 tamen
1245 1909 1369 1943 iniusta
1392 1912 1427 1942 et
1449 1921 1512 1943 va—

846 1968 891 1990 na
915 1955 980 1997 sit,
1021 1956 1177 2001 equidem
1211 1968 1276 1989 non
1301 1957 1510 2008 repugnabo,

846 2014 914 2048 quo
947 2003 1055 2036 minus
1087 2003 1163 2036 τῶν
1194 2005 1304 2036 locum
1337 2001 1510 2035 obtineat:

845 2049 1039 2082 necessaria
1071 2049 1206 2094 quidem
1238 2046 1398 2093 repetitio
1423 2047 1511 2081 arti-

846 2094 911 2128 culi
936 2106 1001 2128 uon
1025 2095 1134 2138 magis
1160 2098 1232 2136 est,
1257 2105 1357 2149 quam
1381 2094 1422 2128 L.
1448 2094 1509 2129 III.

168 1769 377 1816 Σωτῆρᾶς]
404 1768 571 1815 σωτῆρός
594 1773 680 1806 Ven.
704 1771 746 1805 B.

76 1834 114 1879 B
177 1839 226 1875 Οἱ
250 1837 315 1885 δ’]
351 1839 388 1874 οἱ
413 1838 453 1874 δὲ
487 1839 587 1875 vind.
610 1840 655 1874 F.
690 1840 789 1874 Stob.

127 1883 221 1920 02'6'
245 1886 327 1921 Bas.
350 1887 384 1921 b.
421 1899 485 1920 om.
510 1886 597 1921 Lob.
625 1886 723 1920 Vind.
747 1886 789 1920 B.

120 1934 201 1967 Vat.
227 1932 308 1967 ΒΜ.
333 1935 418 1968 Ven.
446 1933 487 1967 C.
519 1932 583 1966 καὶ
606 1933 686 1966 Par.
711 1932 789 1967 DK.

119 1979 214 2013 Mon.
238 1980 279 2013 Β.
321 1979 418 2014 Flor.
441 1979 487 2014 U.
529 1979 603 2014 Ald.
648 1980 731 2013 Bas.
756 1990 788 2013 a.

120 2025 242 2070 Steph.
266 2027 340 2060 Ast.
358 2037 417 2071 pr.

170 2090 366 2139 αρχοντες]
402 2091 442 2128 δε
482 2094 568 2129 Lob.
610 2092 711 2128 Vind.
746 2093 788 2127 Β.

115 2141 202 2176 ..Vnt
225 2141 305 2175 ΒΜ.
337 2139 376 2175 οὶ
401 2152 577 2184 αρχοντες
606 2139 686 2174 Par.
709 2139 787 2173 DK.

122 2186 217 2221 Mon.
239 2188 282 2222 Β.
304 2187 400 2227 Flor.
425 2187 471 2222 U.
503 2186 587 2221 editi
610 2189 690 2220 ante
713 2187 788 2220 Ast.

122 2243 192 2266 sec.

168 2274 260 2317 τοὺς
283 2275 447 2323 δήμους]
485 2290 552 2313 om.
575 2278 662 2313 Lob.
687 2277 788 2314 Vind.

122 2325 165 2358 B.
187 2325 269 2358 Vat.
291 2323 372 2359 ΒΜ.

169 2369 362 2426 Δούλους]
395 2367 486 2410 τοὺς
511 2369 545 2404 δ.
571 2369 674 2404 Vind.
698 2371 743 2405 E.

170 2413 263 2460 ἔφη]
293 2428 358 2450 om.
382 2416 468 2451 Lob.
500 2416 603 2451 vind.
628 2417 670 2451 Β.
707 2417 789 2452 Vat.

847 2152 880 2186 Ρ.
905 2142 985 2175 387.
1009 2141 1053 2175 Ε.
1078 2141 1113 2174 in
1144 2141 1259 2174 verbis
1291 2138 1381 2179 τούς
1413 2138 1510 2184 θρή-

845 2198 935 2226 νους
967 2199 1044 2220 των
1087 2183 1306 2230 ὄνομαστων
1340 2183 1510 2241 ανδρῶν,

846 2236 906 2266 aut
931 2233 1062 2267 Criton.
1081 2234 1138 2268 47.
1150 2235 1192 2268 A.
1217 2231 1286 2272 τὰς
1302 2230 1416 2274 δόξας
1433 2233 1511 2266 τῶν

846 2275 1082 2323 ἀνθρώπων,
1108 2292 1174 2324 quo
1197 2283 1343 2324 utroque
1365 2279 1439 2312 loco
1463 2279 1512 2313 si—

845 2325 933 2358 milis
976 2326 1133 2360 lectionis
1188 2325 1339 2358 varietas
1387 2328 1512 2360 exstat.

846 2371 1090 2405 Stallbaumius
1115 2374 1150 2404 et
1173 2371 1207 2404 in
1224 2374 1305 2406 tert.
1318 2371 1371 2406 ed.
1392 2371 1513 2406 Astius

846 2428 921 2450 cum
945 2418 1105 2451 Bekkero
1128 2417 1271 2451 faciunt.

894 2461 985 2507 ἔχει]
1012 2461 1104 2508 ἔχειν
1128 2465 1209 2500 Vat.
1232 2463 1279 2498 H.
1314 2461 1390 2507 ἔχοι
1413 2463 1511 2499 Flor.

169 2504 374 2562 ἀλλήλους]
411 2504 606 2548 οἷλλοίλους
627 2508 721 2543 Mon.
745 2509 788 2544 B.
844 2509 879 2544 T

122 2551 458 2635 ΕΙ,.’”’Ξ,ὐνοὶρχοντας]
502 2564 580 2589 συν.
612 2554 712 2591 Vind.
741 2555 787 2591 Ε.

169 2600 459 2702 {znff‘ssffxrat
481 2646 522 2681 B

174 2692 220 2726 Τί
251 2689 291 2726 δ’
328 2690 365 2726 οἱ
400 2688 593 2737 ἠμέτεροι;
631 2690 744 2748 Ξνμφ
717 2689 789 2736 φύ-

123 2738 294 2783 iancea]
297 2751 362 2772 om.
397 2739 495 2773 Stob.
542 2739 579 2772 τί
602 2735 644 2772 δ’
669 2750 731 2794 ημ.
756 2738 788 2781 ξ.

123 2784 265 2838 (omisso
294 2783 359 2829 οἱ)
391 2784 492 2819 Vind.
526 2784 570 2819 D.
616 2784 654 2818 τί
684 2781 726 2818 δ’
751 2784 789 2819 οὶ

123 2827 290 2874 μέτερσι;
316 2840 429 2875 συμφ.
453 2831 553 2868 vind.
562 2831 607 2866 Ε.
616 2841 788 2876 -συμφ,

892 2553 962 2590 τὸν
987 2554 1027 2589 δὲ
1050 2575 1098 2580 --
1124 2554 1285 2600 οἰκεῖον]
1321 2568 1385 2590 om.
1409 2555 1512 2591 Vind.

846 2601 890 2635 Ε.
917 2598 1050 2636 τόνδ’
1074 2605 1141 2635 etc.
1166 2601 1267 2637 Vind.
1291 2601 1333 2636 D.
1358 2604 1446 2646 Aug.
1470 2603 1512 2637 Β.

846 2649 926 2728 ξεῖ.
950 2648 996 2683 H.
1022 2648 1120 2682 Stob.
1153 2649 1229 2682 τῶν
1253 2644 1295 2682 δ’
1320 2652 1386 2683 etc.
1410 2648 1511 2685 Vind.

891 2738 989 2783 Και]
1017 2752 1081 2773 om.
1105 2741 1185 2775 Vat.
1203 2740 1246 2775 Β.

893 2785 1046 2830 οἰκεῖον]
1072 2789 1152 2831 post
1175 2798 1226 2828 ως
1251 2785 1350 2822 Vind.
1361 2786 1406 2820 F.
1424 2786 1509 2831 Aug.

844 2833 886 2867 B.
918 2832 974 2867 cf.
998 2832 1201 2877 Bernhardy
1223 2835 1312 2878 synt.
1335 2844 1370 2878 p.
1395 2834 1473 2868 166.
