1807 3219
447 175 786 220 CIVITAS
831 174 954 217 LIB.
983 171 1039 213 V.
1068 173 1137 240 474Δ

1415 174 1498 214 111

109 286 217 344 ἄλλη
254 303 323 339 τις
360 286 718 345 εὐδαιμονήσειεν
755 287 857 333 οὔτε
890 287 979 344 ἰδία
1020 283 1122 328 οὔτε
1152 285 1354 340 δημοσίᾳ.
1411 284 1502 327 Καὶ

110 356 158 409 ὃς
191 352 249 401 Ὦ.
287 356 545 411 Σώκρατες,
595 357 700 414 ἔφη,
741 361 948 400 τοιοῦτον
990 353 1256 409 ἐκβέβληκας
1295 352 1414 410 ῥῆμά
1455 368 1501 396 τε

108 429 182 472 καὶ
213 425 370 484 λόγον,
402 424 455 469 ὃν
485 425 620 469 εἰπών
647 425 761 483 ἡγοῦ
792 425 862 468 ἐπί
893 436 939 467 σε
978 420 1098 466 πάνυ
1128 420 1321 472 πολλούς
1350 437 1396 464 τε
1425 421 1501 465 καὶ

110 497 166 541 ου’
198 496 400 553 φαύλους
428 497 513 538 νῦν
543 494 683 546 οὕτως
701 492 798 538 οἷον
819 495 1031 550 ῥίψαντας
1050 489 1104 533 τοὶ
1128 488 1278 545 ἱμάτια
1299 490 1500 545 γυμνούς
1524 498 1593 534 474

109 565 323 623 λαβόντας
353 563 422 607 ὅτι
452 563 617 621 ἑκάστῳ
649 563 892 618 παρέτυχεν
922 560 1082 612 ὅπλον,
1121 563 1221 603 θεῖν
1252 559 1504 614 διατεταμέ-

108 651 217 686 νους
248 633 306 685 ὦς
335 632 566 689 θαυμάσια
596 632 944 688 ἐργασομένους·
987 628 1067 680 οὓς
1097 629 1134 671 εἰ
1165 627 1223 683 μη
1256 625 1415 684 ἀμυνεῖ
1442 630 1506 684 τςὸ

106 703 222 762 λόγῳ
255 703 329 746 καὶ
359 699 578 758 ἐκφεύξει,
617 705 679 758 τῷ
711 700 806 744 ὄντι
833 698 1139 754 τωθαζόμενος
1170 693 1324 748 δώσεις
1365 698 1504 751 δίκην.

107 829 198 863 narii
222 827 420 862 coniectura
444 826 506 860 ecl.
530 838 566 872 p.
593 827 669 860 100.
715 825 777 858 Fi-

108 876 174 909 cini
212 873 530 919 interpretationem
565 884 646 906 nam
680 873 776 905 hand

99 923 214 966 facile
241 922 473 974 persuadetur
505 919 634 960 secuti,
675 929 776 962 quam

107 971 228 1002 contra
251 977 365 1001 omnes
390 965 524 999 codices
547 965 621 998 sine
644 965 775 998 ratione

107 1014 224 1047 Astius
248 1017 284 1047 et
305 1013 341 1046 in
364 1023 433 1046 sec.
459 1012 511 1046 ed.
530 1011 776 1045 Stallbaumius

106 1063 324 1116 receperunt,

156 1102 272 1150 ἄλλη]
308 1101 399 1150 ἄλλῃ
423 1105 517 1138 Mon.
542 1103 581 1137 B
608 1102 717 1148 quod,
742 1102 772 1136 si

108 1152 215 1186 solum
239 1164 294 1191 τις
317 1163 381 1196 pro
414 1151 572 1184 feminino
597 1149 715 1183 haberi
740 1152 775 1182 et

107 1199 150 1232 de
192 1198 331 1232 civitate
372 1197 498 1240 accipi
528 1199 602 1229 tuto
644 1198 774 1240 posset,

108 1244 210 1279 etiam
234 1243 404 1297 praeferri
428 1244 581 1276 deberet.
620 1242 710 1276 Nam
731 1242 774 1274 de

108 1302 172 1332 ea,
198 1303 287 1346 quae
308 1289 461 1335 proxime
478 1289 569 1322 dicta
594 1293 647 1321 est
670 1290 773 1321 πολι-

108 1338 210 1380 τεία,
238 1332 328 1380 ἄλλη
363 1335 506 1379 intelligi
542 1335 681 1380 nequit,
715 1334 776 1367 sed

108 1383 332 1418 referendum
348 1382 392 1416 ad
421 1381 515 1415 illam
544 1384 615 1423 est,
649 1381 682 1413 in
706 1391 776 1425 qua

108 1428 297 1475 philosophi
329 1431 496 1473 regnent,
543 1427 633 1472 quod
666 1427 775 1471 ipsum

108 1477 152 1510 ob
163 1476 377 1509 interiectam
388 1476 487 1508 huius
508 1474 662 1508 civitatis
680 1485 774 1506 men—

107 1523 234 1556 tionem
256 1521 370 1566 paullo
394 1520 512 1554 durius
536 1520 681 1554 videtur.
706 1519 774 1553 Ad-

108 1569 151 1602 de
175 1568 215 1601 L.
241 1568 301 1603 VI.
326 1579 360 1612 p.
387 1567 465 1601 500.
491 1567 534 1600 Ε.

73 1640 76 1643 r
154 1611 468 1669 εὐδαιμονήσειεν]
492 1609 774 1656 εὐδαιμονήσιεν

107 1657 484 1704 Α1«].ευδοκιμήσειεν
508 1661 589 1695 V.at
609 1660 652 1693 H.
681 1659 773 1692 Flor.

107 1707 215 1742 ACT.
249 1710 304 1748 et,
349 1718 392 1750 ’γρ
425 1706 585 1748 vulgato,
619 1706 704 1738 ven.
732 1705 772 1738 B.

108 1756 164 1796 et,
221 1752 255 1787 in
300 1764 408 1807 marg.
457 1749 773 1795 εὐδαιμονήσειεν,

107 1779 209 1833 Viiid.
235 1800 277 1833 D.
304 1795 541 1841 εὐδομήσειεν
564 1798 664 1832 Vind.
691 1798 734 1831 Ε.

156 1841 222 1902 ὃς]
249 1858 314 1878 οτη.
336 1845 434 1878 Vind.
456 1845 496 1878 F.

153 1888 394 1937 ἐκβέβληκας]
429 1888 656 1947 ἐμβέβληκας
679 1890 775 1923 ΕἸοι·.

107 1937 154 1972 Τ.
179 1939 252 1971 Ast.
278 1949 346 1971 sec.
371 1937 493 1971 Stallb.
519 1949 571 1981 pr.
605 1933 775 1982 ἐκβέβλη-

106 1995 170 2040 κε,
196 1995 215 2017 e
240 1995 326 2017 corr.
332 1995 466 2040 -ας,
491 1983 593 2028 Vind.
621 1984 661 2017 D.

154 2027 215 2063 ἐστι’
235 2030 298 2073 σε]
325 2027 385 2063 ἐπὶ
409 2027 446 2063 σὲ
472 2030 571 2066 Vind.
596 2030 670 2063 BD.
695 2029 770 2063 Ald.

106 2075 185 2110 Bas.
221 2077 275 2109 ab.
309 2076 424 2109 Astius
454 2076 488 2109 in
522 2087 590 2109 sec.
625 2079 660 2109 et
690 2079 769 2109 tert.

106 2122 286 2156 Bekkerus
311 2126 347 2155 et
370 2122 627 2164 Stallbamuius,
652 2133 771 2167 quem-

106 2168 285 2202 admodum
308 2169 522 2212 grammatici
544 2168 770 2214 praecipiunt.

106 2214 156 2247 Et
189 2215 294 2247 solet>
317 2215 523 2258 pronominis
567 2218 772 2248 momentum

107 2259 246 2304 gravius
271 2271 346 2293 esse
363 2286 372 2302 ,
407 2273 511 2306 quam
542 2261 772 2306 praepositio—

107 2306 168 2340 nis.
219 2306 290 2339 Sed
323 2307 354 2340 h.
371 2307 403 2341 l.
436 2318 492 2340 res
526 2307 626 2341 aliter
657 2308 772 2350 habet,

107 2363 210 2406 quum
235 2351 278 2385 de
306 2363 454 2396 persona
485 2353 578 2387 nulla
609 2353 774 2387 dubitatio

107 2398 273 2432 exsistere
298 2402 332 2432 et
366 2410 552 2444 p10n01nen
576 2399 669 2433 salva
693 2411 774 2445 per-

105 2444 290 2499 spicuitate
314 2445 417 2479 etiam
438 2446 559 2479 abesse
581 2447 702 2490 possit.

153 2487 222 2534 ον]
269 2503 334 2525 om.
384 2492 485 2525 Vind.
518 2492 562 2526 Ε.
611 2492 690 2526 vat.
727 2492 771 2526 H.

104 2537 201 2570 Flor.
227 2536 298 2570 Ac.

153 2580 260 2640 οῖον]
288 2595 353 2616 om.
378 2583 480 2618 vind.
507 2584 549 2617 Ε.

151 2626 365 2685 ῥίψαντας]
396 2627 576 2674 ῥίψαντες
598 2630 678 2663 Bas.
703 2629 736 2663 b.

37 2673 349 2755 474Flg'rvmtgse]
394 2676 560 2720 γυμνοῦν
608 2676 687 2710 Vat.
728 2676 771 2709 H.

108 2765 473 2847 Ιιδιατεταμὲνονς]
511 2768 566 2802 Ita
605 2767 699 2801 Pan·
732 2768 770 2801 A.

140 2813 209 2847 obs
231 2814 331 2850 V‘ind.
355 2815 462 2849 BDF.
505 2815 590 2849 Ven.
617 2814 657 2848 C.
691 2814 771 2848 Vat.

106 2859 192 2894 HM.
209 2859 317 2896 Flet.
337 2861 483 2897 Acuv.
530 2856 771 2904 διατεταμμέ-

832 836 926 868 νως,
971 823 1084 857 deleto
1120 834 1141 857 a
1176 833 1220 855 m.
1256 833 1284 855 s.
1322 820 1439 866 priore
1462 832 1501 864 μ,

834 871 928 904 Μοη.
954 870 992 903 Β.
1035 865 1346 912 διατεταγμένους
1379 867 1502 912 reliqui

833 917 966 951 codices
991 920 1025 949 et
1050 916 1132 949 editi
1165 919 1244 948 ante
1267 915 1421 956 Astium,
1445 914 1503 958 qui

831 963 865 996 in
897 975 965 996 sec.
990 974 1108 996 verum
1132 962 1175 995 de
1210 960 1407 994 coniectura
1431 960 1500 994 edi—

832 1010 892 1043 dit.
942 1010 1075 1043 Eadem
1098 1010 1132 1042 in
1161 1008 1280 1041 eodem
1303 1007 1409 1040 verbo
1433 1006 1502 1039 dis

832 1056 1009 1100 crepantia
1044 1059 1098 1088 est
1132 1054 1172 1087 L.
1200 1053 1256 1086 VI.
1290 1064 1326 1097 p.
1353 1053 1430 1087 501.
1458 1052 1498 1085 C.

831 1102 890 1135 ubi
919 1103 1002 1135 haec
1026 1103 1239 1155 repetuntur.
1275 1099 1419 1132 Ficinus
1436 1110 1500 1143 pto

829 1149 894 1181 hoc
919 1152 953 1181 et
982 1149 1135 1193 proximo
1159 1148 1247 1180 θεῖν
1274 1147 1439 1190 impetum
1465 1146 1501 1177 in

830 1200 866 1230 te
883 1197 1008 1238 factu)
1011 1206 1047 1228 os
1073 1192 1200 1237 posuit.

879 1248 1148 1296 {mocoopffi'vovg
1168 1252 1182 1296 ]

832 1300 918 1335 Ven.
946 1299 985 1332 C.

880 1340 947 1383 οὓς
974 1344 1008 1378 εἰ
1028 1342 1104 1388 μὴ]
1133 1340 1190 1382 οἷς
1215 1342 1288 1386 εἰμι
1311 1340 1412 1375 Vind.
1430 1340 1474 1374 Ε.

831 1447 870 1481 B
880 1398 1174 1482 ιῖἕννεῖῶαιὲμυνῆ
1192 1399 1389 1481 VissdkffD.
1409 1398 1501 1479 ltvlolp,

832 1494 893 1527 sed
912 1460 1099 1535 efflatus,
1124 1460 1201 1527 διὲξ.
1216 1495 1261 1527 Μ.
1274 1460 1375 1526 eFlor.
1390 1457 1502 1548 }[]v.

832 1551 1018 1620 3²51?3‘⁶²F
1033 1553 1107 1619 ⁵⁰0¹?
1123 1553 1197 1620 vv'
1241 1540 1326 1642 ἓὶἱῗ
1365 1533 1502 1619 ἕζξέῗῖἷῗ

833 1630 984 1676 οἷμννεῖς
1011 1598 1121 1669 VinciL
1145 1599 1194 1667 En
1237 1629 1390 1676 ἀμύνεις
1414 1632 1501 1676 Aug

831 1680 1070 1783 Βέκφεύξει]
1105 1726 1161 1761 Ita
1194 1726 1293 1760 Vind.
1330 1726 1370 1760 F.
1405 1725 1500 1759 Flor.

831 1771 872 1806 R.
900 1770 1087 1827 ἐκφεύξῃ,
1123 1785 1197 1818 sup.
1231 1785 1282 1816 ει,
1317 1773 1404 1808 Lob.
1447 1769 1501 1805 ἐκ-

834 1816 952 1875 φεύξη
982 1820 1079 1852 Vind.
1106 1820 1211 1853 BDE.
1238 1820 1331 1853 Mon.
1358 1819 1398 1853 B.
1424 1818 1499 1853 Ald.

835 1862 993 1910 ἐκφενξῃ
1018 1866 1096 1899 Bas.
1122 1867 1176 1900 ab.
1202 1866 1323 1911 steph.

878 1924 932 1971 τῷ
957 1920 1058 1969 ὄντι]
1085 1922 1222 1959 τωόντι
1247 1924 1343 1958 Vind.
1368 1923 1445 1959 DE.

875 1979 1168 2027 τωθαζόμενος]
1213 1979 1501 2026 θαυμαζόμενος

832 2027 932 2060 Wind.
958 2028 1000 2061 Ε.
1033 2027 1373 2084 τωθανμαζόμενος
1397 2029 1495 2063 Vind.

827 2074 868 2108 F.
893 2086 945 2107 τω
965 2073 1176 2118 θαζόμενος
1201 2076 1276 2109 Ald.
1304 2075 1360 2108 cui
1383 2074 1499 2109 similis

828 2132 924 2153 emor
956 2121 1103 2175 glossam
1138 2122 1303 2175 Hesyehii
1335 2118 1499 2164 θαζόμε-

828 2178 914 2206 νος·
937 2164 1115 2201 σκώπτων
1139 2180 1244 2213 peper
1233 2168 1287 2202 rit.
1335 2168 1499 2201 Timaeus

828 2211 1498 2269 1εΧ.Ρ.261;τωθάζων·χλενοὶ

829 2260 921 2303 ζων,-
948 2257 1146 2305 σκώπτων,
1173 2258 1372 2314 διασύρων.
1419 2260 1498 2295 vid

830 2306 880 2339 ibi
905 2306 1145 2351 Ruhnkenius,
1172 2308 1230 2352 qui
1254 2308 1317 2340 hoc
1335 2310 1370 2340 et
1388 2306 1497 2340 altero

830 2352 982 2386 Platonis
1015 2353 1088 2387 loco
1125 2354 1229 2398 Hipp.
1253 2353 1331 2386 mai.
1357 2364 1392 2397 p.
1417 2354 1498 2388 290.

829 2399 870 2432 A.
901 2399 959 2432 ubi
991 2400 1138 2433 medium
1169 2397 1384 2433 τωθάσεται
1415 2399 1501 2444 legi-

830 2448 909 2487 tur,
933 2445 1122 2490 significato
1148 2447 1190 2480 ad
1211 2449 1393 2490 utrumque
1418 2458 1502 2480 con-

830 2491 914 2524 feni
950 2492 1045 2525 iubet
1079 2493 1294 2527 scholiasten.
1343 2492 1412 2525 Sed
1437 2504 1500 2526 no-

830 2540 902 2570 ster
924 2539 1049 2572 scholio
1075 2542 1189 2579 caret,
1234 2538 1333 2571 alteri
1366 2538 1499 2573 adscri-

830 2587 939 2639 ptum
974 2588 1027 2618 est
1075 2582 1240 2629 σκώψει,
1273 2582 1497 2630 λοιδορήσει,

830 2627 1018 2673 χλευάσει,
1060 2632 1182 2676 quibus
1217 2631 1401 2674 κανχᾶται
1434 2632 1497 2665 ad—

830 2676 915 2708 dunt
938 2676 1062 2710 suidas
1087 2680 1122 2710 et
1142 2677 1301 2717 Photins,
1327 2674 1496 2723 ἕρεθιζει,

828 2724 1129 2766 κατακαυχᾶται,
1162 2720 1350 2767 θωπεύει,
1386 2735 1499 2758 κακο-ι

830 2769 931 2812 λογεῖ
961 2769 1162 2812 Hesychius.
1213 2770 1268 2804 Cf.
1311 2749 1498 2805 P’iersonus

828 2814 874 2848 ad
896 2814 1004 2848 Moer.
1029 2827 1063 2861 p.
1089 2817 1167 2851 366.
1201 2820 1237 2850 et
1267 2816 1497 2853 Schneiderus

828 2860 872 2894 ad
895 2860 1037 2898 Aristot.
1060 2861 1159 2897 Polit.
1186 2862 1263 2898 VII.
1290 2862 1347 2904 15.
1374 2864 1427 2898 8.-
1463 2866 1465 2869 '
1493 2866 1497 2883 ³

1232 1245 1502 1294 ἐργασαμένους
