1807 3219
289 93 375 134 312

750 86 1230 132 PLATONIS

291 201 421 246 εἰκών
449 201 649 258 γίγνηται
679 199 885 258 πλήκτρῳ
914 216 959 244 τε
987 203 1167 257 πληγῶν
1193 200 1466 255 γιγνομένων
1495 201 1569 244 καὶ
1593 217 1675 244 κα-

289 272 494 325 τηγορίας
529 268 629 324 πέρι
667 268 742 311 καὶ
778 268 1048 326 ἐξαρνήσεως
1091 268 1166 312 καὶ
1206 266 1460 321 ἀλαζονείας
1487 270 1676 324 χορδῶν,

289 335 490 392 παύομαι
521 341 598 392 τῆς
628 337 800 387 εἰκόνος
828 337 901 380 καὶ
931 336 987 380 οὔ
1017 354 1130 394 φημι
1158 336 1347 387 τούτους
1377 337 1538 392 λέγειν,
1585 334 1675 381 ἀλλ’

290 404 510 457 ἐκείνους,
558 402 638 455 οὒς
668 403 834 459 ἔφαμεν
864 409 949 449 νῦν
979 405 1031 462 δὴ
1061 405 1161 458 περὶ
1189 402 1402 460 ἁρμονίας
1431 404 1678 461 ἐρήσεσθαι.

229 473 264 517 G
292 472 455 518 ταύτὸν
482 472 566 528 γάρ
595 476 780 516 ποιοῦσι
819 478 913 525 τοῖς
950 473 998 517 ἐν
1030 477 1084 531 τῇ
1115 471 1407 530 ἀστρονομίᾳ·
1448 473 1552 525 τούς
1591 472 1676 529 γὰρ

292 542 341 586 ἐν
369 539 550 593 ταύταις
579 546 673 592 ταῖς
703 543 980 596 συμφωνίαις
1008 546 1103 592 ταῖς
1134 539 1431 597 ἀκουομέναις
1456 540 1679 598 ἀριθμοὺς

294 615 519 668 ζητοῦσιν,
560 607 655 654 ἀλλ’
685 607 769 653 οὐκ
806 611 865 660 εἰς
893 610 1178 666 προβλήματα
1209 610 1384 654 ἀνίασιν
1412 610 1680 663 ἐπισκοπεῖν,

292 681 406 731 τίνες
445 678 674 736 ξύμφωνῡι
715 675 900 733 ἀριθμοὶ
928 678 1003 721 καὶ
1031 681 1146 730 τίνες
1177 677 1256 731 οὗ,
1298 679 1371 722 καὶ
1402 679 1476 722 διὰ
1505 680 1546 722 τί
1576 678 1681 722 ἑκά-

293 764 424 803 τεροι.

484 745 731 803 Δαιμόνιον
760 748 867 802 γὰρ,
906 745 1224 803 ἔφη,,πρᾶγμα
1251 745 1400 805 λέγεις.
1449 745 1682 803 Χρήσιμον

297 817 378 875 μὲν
409 811 516 869 οὗν,
544 811 599 872 ἦν
628 813 670 860 δ’
704 814 814 872 ἐγώ,
856 813 971 870 πρὸς
999 813 1080 872 τὴν
1110 818 1195 860 τοῦ
1224 819 1368 859 καλοῦ
1395 831 1440 859 τε
1468 815 1543 859 καὶ
1573 813 1682 871 ἄγα-

300 965 344 1000 Ε.
368 962 539 1010 κολᾶβων
561 965 655 999 Flor.
679 965 724 999 Τ.
757 961 962 1009 κολλάβων,

300 1016 339 1046 ut
358 1012 456 1045 Theo
479 1011 630 1056 scripsit,
654 1011 816 1044 Timaeus
840 1010 964 1054 legisse

300 1058 455 1098 videtur
479 1058 573 1091 cuius
595 1058 709 1101 g'ossa
734 1061 787 1090 est
809 1069 844 1101 p.
875 1059 963 1091 161:

300 1101 494 1148 κόλλαβοι
519 1101 566 1137 τὰ
587 1104 662 1137 τῶν
679 1103 824 1146 χορδῶν
844 1099 964 1136 ἐπιτό-

302 1162 378 1185 νια.
410 1147 603 1183 κολλόπων
635 1150 831 1183 scholiastes
861 1160 966 1193 agno-

301 1196 368 1230 scit
400 1200 436 1229 et
468 1207 531 1241 per
572 1192 762 1239 κολλάβων
805 1196 965 1239 explicat.

304 1243 344 1277 In
367 1242 461 1275 Flor.
487 1243 529 1275 R.
555 1253 575 1275 a
599 1254 642 1277 m
659 1253 687 1275 s.
708 1241 965 1274 πασσαλίσκων

302 1288 570 1332 superscriptum
602 1292 666 1321 est.
722 1288 776 1321 Cf.
801 1288 968 1321 Ruhnke-

301 1334 378 1369 nius
412 1334 454 1367 ad
485 1334 576 1368 Tim.
602 1334 625 1367 l.
650 1345 680 1368 c.
720 1334 779 1367 ubi
815 1333 967 1367 Bekkeri

302 1380 491 1415 anecdoton
512 1380 656 1414 Antiatt.
693 1391 770 1433 pag.
798 1382 883 1419 102.
907 1381 966 1414 33

302 1426 460 1482 protulit.
511 1426 596 1460 Post
627 1423 819 1460 κολλόπων
855 1426 968 1459 Ειιεεο

301 1473 378 1506 hius
401 1470 464 1505 καὶ
496 1473 614 1513 addit,
649 1473 738 1517 quod
772 1472 967 1517 Stephanus

301 1531 336 1564 p.
361 1519 420 1554 25.
444 1520 576 1560 refert,
601 1530 667 1552 ιιοιι
692 1519 833 1563 probat,
857 1524 896 1551 ut
921 1518 970 1551 ait

303 1564 549 1600 Valckenarius
582 1564 618 1598 in
653 1566 753 1609 epist.
789 1564 833 1597 ad
857 1565 970 1598 Erne-

303 1611 404 1645 stium
438 1623 473 1656 p.
500 1612 579 1646 167.
604 1612 727 1645 Tittm.
759 1622 859 1655 quem
890 1622 972 1643 con-

303 1657 390 1691 ferri
424 1657 522 1690 iussit
554 1656 808 1691 Stallbaulnius.
877 1657 972 1690 Idem

303 1703 500 1748 Stephanus
534 1703 570 1736 in
611 1703 792 1736 referenda
827 1702 974 1736 Eusebii

304 1750 449 1784 lectione
469 1749 545 1783 τῶν
565 1753 643 1784 ante
664 1747 857 1784 κολλόπων
873 1749 975 1783 omit—

307 1795 363 1830 tit.

352 1842 577 1886 κατηγορίας
598 1839 698 1887 πέρι]
721 1854 754 1877 κ.
771 1840 856 1885 περὶ
869 1840 972 1876 Vind.

307 1888 352 1922 E.
400 1889 477 1923 Hoc
500 1900 635 1934 quoque
660 1888 746 1922 artis
772 1887 972 1921 vocabulum

308 1946 384 1968 esse
406 1935 524 1979 liquet.
573 1935 656 1968 Aliis
688 1934 771 1967 item
798 1935 973 1978 metapho

307 1980 390 2014 ricis
412 1981 491 2022 isti,
513 1992 616 2034 qutun
640 1981 683 2014 de
705 1981 837 2025 plectro
871 1983 906 2014 et
930 1980 975 2013 fi-

308 2027 399 2060 dium
421 2027 638 2072 percussione
663 2027 901 2072 loquebantur,
919 2025 974 2060 usi

309 2073 456 2114 fuerint,
498 2085 586 2118 quae
617 2074 781 2107 Socrates
824 2072 975 2106 breviter

309 2119 483 2174 significat
505 2120 619 2153 verbis
637 2117 807 2164 πλήκτρῳ
824 2119 975 2162 πληγων

309 2163 543 2209 γιγνομένων.
591 2166 704 2199 Ficini
737 2165 976 2210 interpretatio

309 2212 410 2245 huius
435 2211 499 2245 loci
523 2211 577 2245 vel
613 2212 657 2245 ad
681 2212 832 2245 mutilum
856 2211 977 2244 librum

310 2259 404 2293 facta
443 2258 499 2291 vel
543 2257 619 2302 ipsa
659 2258 780 2291 mutila
822 2257 977 2291 videtur.

311 2305 381 2337 Sed
405 2316 447 2337 ne
481 2306 617 2349 longius
654 2304 739 2338 haec
764 2305 980 2347 provehatur

310 2351 502 2384 similitudo
526 2352 618 2384 circa
633 2351 762 2394 plectri
786 2351 981 2384 accusatio-

313 2408 455 2440 nemque
476 2402 510 2430 et
538 2397 761 2440 negationem
791 2409 832 2429 ac
858 2397 982 2429 elatio-

311 2455 384 2476 nem
410 2443 628 2483 chordarum,
648 2443 800 2488 imagini
817 2444 888 2476 iam
904 2443 983 2475 huic

303 2490 415 2543 finem
435 2490 583 2531 impono.

361 2531 592 2587 ἀλαζονείας]
616 2530 814 2574 ἀλαζονίας
834 2533 925 2567 Μοιι.
941 2534 983 2567 C.

361 2579 528 2624 εἰκόνος]
576 2581 617 2613 In
660 2579 862 2614 editi0nibus
906 2583 986 2613 ante

316 2626 404 2660 Astii
428 2638 496 2660 sec.
523 2627 631 2661 maior
651 2627 686 2660 h.
708 2625 730 2660 l.
754 2626 985 2671 interpunctio

316 2677 380 2706 est.

366 2713 413 2752 οὔ
435 2718 550 2761 φημι]
586 2715 632 2752 ου’
654 2717 749 2763 φημὶ
772 2719 858 2753 Lob.
885 2719 984 2754 vind.

319 2765 362 2799 E.
394 2764 488 2800 Mon.
525 2765 595 2799 BC.
644 2776 717 2799 cum
762 2766 861 2801 editis
908 2769 987 2801 ante

1020 963 1109 998 Astii
1132 975 1200 997 sec.
1248 963 1433 1009 Perperam
1467 964 1552 998 haec
1575 965 1684 999 inter-

1019 1014 1176 1056 pretatur
1190 1009 1346 1044 Ficinus:
1372 1023 1479 1056 neque
1496 1012 1549 1045 his
1568 1013 1685 1045 dicen-

1021 1058 1104 1090 dum
1119 1068 1255 1098 assero,
1278 1058 1337 1090 secl
1356 1058 1425 1091 illis
1449 1061 1515 1091 etc.
1563 1058 1685 1099 Afiter,

1021 1103 1082 1137 sed
1110 1102 1193 1136 item
1237 1114 1418 1147 perperam
1459 1102 1687 1137 Schleierma-

1022 1149 1164 1182 cherus:
1197 1149 1269 1182 und
1296 1151 1446 1194 langue,
1482 1151 1563 1183 dass
1593 1151 1686 1183 dicse

1024 1196 1134 1229 Lente
1152 1200 1260 1229 etwas
1271 1207 1337 1228 von
1358 1197 1418 1229 der
1431 1196 1544 1230 Sache
1562 1208 1686 1241 sagon,

1022 1242 1169 1275 sondern
1197 1242 1361 1274 vielmehr
1384 1243 1467 1284 jene
1491 1244 1557 1275 etc.
1589 1241 1689 1285 quasi

1022 1285 1138 1331 λέγειν
1165 1299 1201 1320 τι
1225 1287 1390 1331 scriptum
1414 1291 1515 1322 esset.
1564 1287 1690 1332 Neque

1022 1334 1058 1367 in
1083 1345 1123 1367 eo
1158 1333 1317 1367 assentiri
1347 1334 1421 1367 viro
1445 1333 1583 1378 egregio
1607 1345 1690 1378 pos-

1023 1391 1118 1421 sum,
1155 1379 1246 1424 quod
1269 1391 1415 1424 sequens
1439 1380 1591 1414 ποιοῦσι
1615 1391 1692 1413 cum

1023 1426 1120 1460 Astio
1145 1430 1180 1459 et
1203 1425 1427 1459 Stallbamnio
1450 1426 1493 1460 ad
1511 1425 1692 1470 empiricos

1027 1484 1048 1506 a
1083 1472 1261 1506 Glaucone
1295 1472 1507 1506 introductos
1539 1473 1693 1505 referen-

1027 1519 1105 1552 dum
1128 1518 1275 1563 putavit,
1298 1530 1386 1563 quae
1410 1519 1523 1563 opinio
1548 1529 1624 1551 eum
1648 1517 1693 1552 ad

1026 1564 1118 1598 illam
1141 1564 1456 1608 interpretationem
1474 1564 1611 1598 videtur
1631 1564 1694 1598 ad-

1030 1610 1179 1644 duxisse.
1227 1610 1297 1643 Sed
1321 1622 1388 1655 quo
1413 1611 1511 1645 modo
1535 1610 1609 1652 isti,
1633 1610 1694 1655 qui

1029 1657 1095 1690 toti
1118 1669 1160 1690 ex
1183 1657 1321 1690 auribus
1344 1657 1549 1701 pendebant,
1574 1668 1694 1690 nurne-

1028 1714 1087 1737 ros
1110 1703 1320 1746 investigare
1344 1708 1380 1736 et
1403 1702 1494 1748 quod
1517 1703 1554 1736 in
1577 1714 1696 1736 nume-

1028 1749 1078 1783 ris
1126 1749 1351 1783 consisterent
1396 1761 1506 1794 neque
1553 1758 1695 1783 caussas

1029 1807 1146 1829 eorum
1161 1799 1409 1837 scrutarentur,
1425 1794 1696 1840 reprehendendi

1028 1841 1097 1875 dici
1119 1842 1306 1887 poterant?
1331 1841 1444 1882 Quum
1466 1852 1546 1875 vero
1569 1842 1696 1875 verbo—

1028 1899 1105 1922 rum
1123 1893 1315 1922 nostrorum
1338 1887 1506 1921 sententia
1529 1887 1597 1921 alia
1618 1897 1696 1921 esse

1028 1937 1196 1979 nequeat,
1220 1934 1285 1967 nisi
1306 1934 1408 1968 haec:
1434 1946 1501 1968 non
1522 1935 1596 1975 hos,
1614 1945 1696 1978 quos

1029 1986 1067 2015 tu
1083 1992 1269 2021 memoras,
1295 1982 1356 2014 sed
1379 1982 1467 2021 illos,
1492 1992 1574 2025 quos
1594 1981 1696 2013 modo

1030 2028 1073 2061 de
1092 2027 1273 2060 harmonia
1301 2027 1571 2071 interrogandos
1599 2027 1700 2060 dixe-

1029 2085 1169 2114 ramus,
1195 2073 1232 2106 in
1255 2078 1368 2106 mente
1393 2074 1572 2113 habebam,
1596 2083 1698 2115 quum

1031 2121 1168 2153 inanem
1190 2131 1212 2152 a
1233 2119 1434 2163 quibusdam
1452 2119 1487 2152 in
1508 2119 1575 2151 hac
1595 2118 1700 2153 disci-

1031 2167 1132 2211 plina
1150 2166 1232 2199 item
1250 2170 1287 2198 ut
1309 2166 1346 2199 in
1366 2165 1579 2198 astronomia
1602 2166 1700 2198 labo-

1032 2224 1105 2246 rem
1136 2212 1285 2245 consumi
1313 2216 1346 2245 et
1372 2212 1466 2244 nobis
1499 2223 1522 2244 a
1543 2211 1610 2245 tali
1629 2211 1703 2244 eius

1034 2259 1245 2293 tractatione
1263 2258 1452 2291 cauendum
1471 2269 1520 2290 ess
1525 2269 1542 2289 e
1562 2258 1702 2290 demon-

1035 2306 1209 2346 strabam,
1241 2303 1415 2349 sequitur,
1456 2306 1495 2336 ut
1526 2303 1703 2346 Pythago—

1038 2362 1116 2384 reos
1140 2350 1297 2391 eosdem,
1329 2360 1414 2394 quos
1438 2354 1539 2382 antea
1562 2348 1703 2393 reliquis

1039 2396 1271 2448 praetulerat,
1309 2407 1397 2429 nunc
1432 2396 1474 2428 ab
1512 2406 1552 2428 eo
1585 2406 1706 2439 repre-

1039 2442 1141 2477 hendi
1177 2444 1213 2475 et
1246 2441 1399 2486 quamvis
1433 2440 1604 2486 empiricis
1638 2451 1705 2473 non

1041 2488 1306 2533 comparandos,
1329 2492 1445 2521 tamen
1469 2498 1572 2520 verae
1595 2486 1703 2520 ratio—

1041 2535 1093 2569 nis
1119 2546 1160 2568 ne
1183 2534 1276 2579 ipsos
1299 2534 1432 2579 quidem
1456 2532 1588 2567 omnino
1612 2544 1704 2566 com-

1040 2586 1140 2636 potes
1163 2580 1229 2613 dici
1252 2583 1538 2614 statuamus..

1089 2624 1249 2670 ἔφαμεν]
1277 2624 1399 2670 φαμὲν
1423 2624 1524 2660 Vind.
1548 2624 1591 2657 F.
1615 2624 1704 2669 Aug.

1042 2674 1084 2707 B.
1107 2673 1199 2706 Flor.
1220 2672 1264 2706 R.

1088 2715 1133 2763 δή
1145 2719 1155 2759 Ἰ
1183 2715 1222 2752 δε
1246 2717 1339 2751 Μοιι.
1362 2717 1405 2753 Β.

1090 2731 1315 2809 ἐρήσεσθαι]
1351 2764 1406 2798 Ita
1429 2763 1512 2799 Par.
1535 2764 1575 2796 A.
1610 2761 1704 2797 Mon.
