1807 3219
485 133 824 185 CIVITAS
868 133 1169 177 LIB.VI.505

1436 134 1522 174 219

133 247 209 290 καὶ
236 245 337 290 τόδε
364 262 413 302 γε
450 242 609 299 οἶσθα,
649 245 717 290 ὅτι
755 250 846 298 τοῖς
883 247 963 302 μὲν
1001 249 1181 295 πολλοῖς
1224 242 1363 301 ἡδονὴ
1403 243 1527 287 δοκεῖ

135 313 249 359 εἶναι
278 313 327 359 τὸ
359 314 558 371 ἀγαθὸν,
596 321 689 367 τοῖς
719 314 764 359 δὲ
802 314 1097 371 κομψοτέροις
1128 311 1356 369 φρόνησις.

1418 315 1524 362 Πῶς

136 383 184 430 δ’
218 385 298 437 οὕς
345 385 436 428 Καὶ
465 384 532 428 ὅτι
561 401 630 440 γε,
683 379 718 428 ὦ
751 386 870 439 φίλε,
919 385 963 428 οἱ
1000 387 1134 426 τοῦτο
1169 379 1409 437 ἡγούμενοι
1444 378 1528 424 οὐκ

136 455 284 511 ἔχουσι
313 455 468 507 δεῖξαι,
500 452 594 510 ἥτις
624 451 864 510 φρόνησις,
902 450 998 496 ἀλλ’
1033 449 1357 506 ἀναγκάζονται
1381 453 1528 492 τελευ

134 527 294 575 τῶντες
319 523 400 580 τὴν
427 525 508 566 τοῦ
539 520 713 577 ἀγαθοῦ
733 519 886 577 φάναι.
915 521 1002 563 Καὶ
1023 518 1162 574 μάλα,
1195 518 1301 574 ἔφη,
1334 519 1528 597 γελοίως.

138 595 244 643 Πως
271 590 353 674 γὰρ
385 589 503 647 οὐχὶ.
540 592 596 647 ἠν
626 589 667 634 δ’
700 589 811 646 ἐγώ,

856 591 893 632 εἰ
923 585 1205 643 ὀνειδίζοντές
1235 601 1307 641 γε,
1343 584 1410 628 ὅτι
1442 582 1527 628 οὐκ
1559 584 1591 626 C

135 662 263 716 ἴσμεν
300 659 350 704 τὸ
392 657 592 716 ἀγαθόν,
631 658 807 714 λέγουσι
836 657 971 701 πάλιν
1003 655 1062 707 ὣς
1092 654 1256 705 εἰδόσις
1308 652 1529 710 φρόνησιν

133 729 218 785 γὰρ
251 726 358 772 αὐτό
400 740 540 784 φασιν
574 727 687 772 εἶναι
730 726 908 784 ἀγαθοῦ
939 724 998 777 ὥς
1028 719 1085 768 αὖ
1116 724 1354 777 ξυνιέντων
1384 722 1529 779 ἡμῶν,

135 795 204 842 ὅτι
231 797 460 854 λέγουσιν,
505 796 684 842 ἐπειδᾶν
709 796 760 841 τὸ
790 799 873 840 τοῦ
905 793 1083 852 ἀγαθοῦ
1116 792 1394 849 φθέγξωνται
1423 789 1529 834 ὅνο-

183 966 446 1014 ἒπισταίμεθα]
459 966 693 1013 ἐπιστάμεθα
705 967 803 1003 vind.

133 1014 176 1050 F.
202 1016 298 1049 Flor.
324 1016 402 1049 RT.

184 1058 266 1096 οὐδ’
288 1061 344 1106 εἰ]
371 1058 480 1096 ου’δεῖ
499 1061 600 1096 Vind.
624 1062 666 1095 F.

184 1128 420 1176 κεκτήμεθα]
460 1128 671 1176 κεκτήμεθα
709 1128 804 1165 Bek-

138 1177 264 1220 kerus,
294 1178 411 1211 Astius
443 1177 476 1210 in
511 1182 593 1211 tert.
628 1179 663 1210 et
697 1177 803 1210 Stall-

135 1223 303 1268 baumius.
335 1223 565 1265 Indicativus,
584 1226 691 1268 ‘quem
713 1223 804 1257 Bek-

136 1270 244 1304 kerus
291 1269 472 1323 plerosque
519 1281 594 1303 cum
629 1269 804 1314 Stephano

137 1317 299 1351 exhibere
323 1315 483 1357 ostendit,
507 1328 574 1349 non
597 1316 706 1349 minus
725 1327 805 1360 pm-

136 1363 270 1397 bandus
293 1363 369 1405 hic,
404 1374 506 1407 quam
529 1362 642 1407 paullo
668 1367 748 1395 ante
771 1361 806 1395 in

138 1410 173 1444 εἰ
192 1406 232 1443 δε
252 1407 302 1453 μὴ
328 1408 442 1452 ἴσμεν.

180 1451 204 1500 ἢ
241 1454 313 1489 οἴει
338 1473 386 1480 -·
423 1454 494 1490 τοῦ
523 1451 707 1499 ἀγαθοῦ]
742 1466 807 1489 om.

135 1501 237 1536 Vind.
263 1502 306 1536 Ε.

183 1545 324 1592 πλέον]
347 1548 476 1582 πλεῖον
500 1546 588 1583 Lob.
613 1547 692 1581 Vat.
715 1546 758 1581 B.

184 1613 296 1660 εἶναι]
322 1614 463 1651 εἰδέναι
485 1617 566 1650 Par.
591 1615 699 1650 ΑΒΚ.
720 1615 807 1649 Lob.

139 1664 240 1698 Vind.
265 1664 306 1697 B.
333 1664 412 1697 Vat.
438 1663 518 1698 ΒΜ.
546 1663 684 1698 Ven.c.
711 1659 808 1695 εἶναι

139 1714 176 1745 et
208 1707 349 1745 εἰδέναι
380 1721 448 1743 non
488 1721 568 1743 raro
603 1722 624 1743 a
657 1708 808 1742 librariis

139 1758 282 1792 confusa
329 1761 429 1798 sunt,
473 1767 504 1789 e.
554 1767 583 1789 c.
631 1755 806 1789 Phaedon.

139 1815 218 1849 pag
246 1805 322 1838 101.
347 1803 388 1836 Β.
448 1802 504 1835 Cf.
530 1801 739 1836 Schaefelus
764 1801 809 1835 ad

140 1851 291 1894 Gregor.
319 1849 400 1883 Cor.
425 1860 459 1894 p.
484 1848 566 1883 249.

187 1914 389 1962 ἐκτῆσθαι]
421 1917 626 1962 κεκτῆσθαι
655 1916 738 1951 Par.
763 1915 808 1950 K.

140 1976 210 1999 sec.
237 1965 346 1998 Bekk.

187 2005 329 2055 τᾶλλα]
361 2005 479 2045 τᾶλλα
507 2009 630 2052 iidem,
665 2008 725 2055 qui
749 2020 808 2043 su-

167 2069 220 2091 ra.

142 2069 165 2103 P
190 2115 282 2138 ανευ
300 2102 370 2137 τοῦ
389 2099 558 2146 αγαθοῦ]
583 2100 680 2135 Haec
701 2101 810 2134 verba

142 2149 384 2184 Staubaumius
415 2149 452 2182 in
477 2160 546 2182 sec.
572 2147 670 2181 uncis
702 2147 810 2181 inclu-

142 2195 187 2230 sit
219 2199 258 2230 ut
290 2195 430 2240 spuria,
463 2193 732 2239 Morgensternii
752 2206 809 2228 su-

142 2242 328 2287 spicionem
354 2241 377 2276 l.
404 2253 434 2274 c.
469 2240 679 2286 propositam
711 2251 810 2273 secu-

143 2292 210 2322 tus.
257 2286 346 2321 Mihi
375 2299 443 2321 non
475 2298 729 2331 supervacanea
759 2285 811 2319 vi-

143 2334 277 2369 dentur.
329 2333 380 2367 Εο
405 2333 511 2375 enim,
536 2332 628 2378 quod
653 2332 728 2377 quis
753 2343 811 2364 re-

140 2381 235 2426 liqua
258 2391 368 2414 omma
400 2383 544 2424 excepto
566 2379 656 2412 bono
680 2378 810 2412 intelli-

140 2427 216 2472 git,
240 2426 410 2469 efficitur,
434 2430 475 2459 ut
498 2425 599 2465 nihil,
625 2425 715 2469 quod
733 2425 810 2469 pul-

141 2474 260 2507 chrum
285 2476 320 2506 et
342 2473 466 2506 bonum
489 2472 558 2514 sit,
582 2471 762 2516 intelligat.

188 2539 259 2576 M&
279 2537 373 2583 Δί’]
399 2537 501 2596 μαδι’
529 2540 601 2574 Ald.

188 2586 325 2643 ἔγωγε]
350 2583 452 2642 ἔγωγ’
476 2585 578 2620 vind.
603 2586 677 2620 EF.

190 2632 278 2669 τόδε
299 2635 361 2678 γε]
388 2631 476 2668 τόδε
496 2629 526 2677 γ’
552 2634 638 2676 Aug.
665 2634 706 2667 B.
729 2633 811 2666 Vat.

145 2681 194 2715 H.
214 2692 254 2725 γε
274 2692 337 2714 om.
357 2680 442 2714 Lob.
466 2679 567 2712 Vind.
592 2680 634 2714 Β.
658 2679 751 2713 Mon.
770 2679 812 2713 Β.

146 2728 225 2761 Vat.
249 2726 330 2761 ΒΜ.
356 2727 441 2760 Ven.
468 2726 509 2759 C.
534 2726 614 2759 Par.
639 2725 718 2759 DK.
743 2737 812 2759 sec.

145 2773 258 2807 Bekk.
327 2772 467 2806 Ficinus
514 2771 647 2805 initium
693 2773 811 2805 horum

148 2816 271 2863 (Ἀλλὰ
298 2816 374 2863 μὴν
401 2839 445 2845 —
471 2818 649 2863 πολλοῖς)
673 2822 812 2864 praeter
868 2818 900 2853 Ε

862 964 1142 1002 consuetudinem
1160 962 1349 998 contraxit·
1367 961 1529 996 Pluribus

862 1026 955 1048 vero.
982 1033 1027 1038 —-
1051 1012 1191 1046 Procius
1216 1010 1250 1043 in
1276 1009 1353 1042 Civ.
1377 1020 1412 1052 p.
1438 1009 1527 1042 426:

861 1058 1006 1094 τούτων
1029 1059 1098 1092 οὐν
1118 1056 1195 1114 ῥηθ
1199 1054 1349 1090 ε’ντωνε
1335 1052 1426 1098 ἐπήγ
1429 1066 1473 1098 αγ
1477 1065 1530 1096 εν,

863 1102 924 1141 ὅτι
945 1103 989 1140 τὸ
1014 1102 1168 1159 αγαθόν
1191 1102 1311 1145 οἱμὲν
1330 1099 1529 1160 φρόνησιν,

864 1151 900 1186 οἱ
925 1149 1173 1200 κομψότεροι,
1189 1147 1387 1206 λέγουσιν,
1422 1146 1459 1181 οἱ
1490 1144 1530 1179 δὲ

862 1196 1027 1243 ἡδονήν·
1053 1200 1109 1236 οἱς
1138 1194 1201 1229 καὶ
1227 1193 1247 1230 ὁ
1271 1191 1459 1252 ακροατής
1480 1205 1532 1232 ως

862 1245 1059 1289 γνωρίμοις
1084 1239 1312 1285 συνεχώρησε
1337 1240 1400 1274 καὶ
1421 1238 1533 1296 η’ξίω·

863 1301 923 1325 σεν
952 1290 1093 1345 γνῶναι
1122 1286 1190 1332 τὴν
1215 1287 1284 1322 τοῦ
1305 1288 1534 1328 Σωκρατους

862 1335 947 1392 περὶ
972 1334 1118 1370 τούτων
1153 1334 1284 1389 κρίσιν.
1323 1331 1342 1368 ὁ
1373 1331 1438 1376 δε,
1475 1329 1535 1368 ὅτι

863 1395 928 1427 μεν
953 1379 1021 1416 ου’-ιι
1042 1380 1117 1416 ε’στι
1140 1379 1183 1415 τὸ
1209 1377 1361 1436 ἀγαθὸν
1383 1377 1536 1435 φρόνη-

866 1440 921 1468 σις
958 1425 1048 1462 οὐδ’
1083 1427 1130 1461 αὐ
1157 1424 1302 1481 ᾐδονή,
1344 1424 1536 1470 συντόμως

867 1474 1014 1517 ε’δειξεν.
1041 1472 1271 1518 ἐρωτώμενοι
1292 1471 1375 1517 γάρ,
1405 1483 1534 1516 φησιν,

867 1521 905 1556 οἱ
934 1521 1056 1555 ταῦτα
1088 1520 1331 1562 διορίζοντες,
1372 1519 1407 1553 εἰ
1433 1520 1536 1552 πᾶσα

867 1565 1049 1624 φρόνησις
1076 1564 1118 1601 τὸ
1149 1563 1330 1610 ἀγαθὸν,
1365 1563 1446 1599 οἷον
1474 1563 1538 1599 καὶ

866 1611 888 1658 ἡ
910 1614 985 1647 τῶν
1007 1613 1178 1667 ξυλίνων
1185 1622 1395 1646 σκευαστων
1423 1611 1487 1646 καὶ
1511 1608 1535 1655 ἦ

865 1661 941 1694 τῶν
962 1655 1105 1702 ἄλλων,
1133 1655 1202 1692 ου’·ιι
1221 1655 1413 1700 ἀξιοῦσιν,
1441 1655 1537 1692 α’λλὰ

865 1703 1113 1761 προστιθέασι
1157 1702 1227 1748 τὴν
1271 1705 1341 1738 τοῦ
1383 1702 1537 1748 αγαθοῦ

867 1750 1052 1807 φρόνησιν
1075 1749 1227 1808 ἀγαθὸν
1251 1747 1365 1792 εἶναι,
1390 1749 1539 1795 γελοῖόν

867 1812 903 1833 τι
929 1797 1156 1854 πάσχοντες,
1187 1794 1225 1831 ἐν
1257 1798 1309 1843 τῷ
1348 1794 1424 1843 ὅρῳ
1462 1797 1535 1831 τοῦ

867 1844 1096 1889 ζητουμένου
1118 1842 1161 1878 τὸ
1189 1833 1414 1890 ζητούμενον
1438 1841 1534 1878 αυτὸ

867 1889 1174 1948 παραλαβόντες,
1219 1902 1282 1924 και
1313 1885 1428 1930 αὖθις
1465 1889 1537 1934 τὴν

866 1935 1011 1982 ἡδονὴν
1024 1935 1070 1993 α’γ·
1074 1935 1176 1971 αθὸν
1187 1934 1356 1976 τιθέντες
1375 1935 1536 1980 ἀναγκα-

867 1983 1017 2028 ζόμενοι
1047 1981 1248 2038 ὁμολογεῖν
1267 1979 1384 2026 ἡδοτ
1367 1995 1411 2022 ας
1440 1983 1538 2017 εἰναί

865 2043 972 2070 τινας
995 2028 1115 2069 κακὰς
1138 2027 1380 2073 περιάγονται
1409 2030 1461 2069 εἰς
1490 2028 1535 2064 τὸ

868 2075 986 2121 λέγειν
1009 2074 1105 2110 εἶναι’
1121 2088 1206 2109 τινα
1226 2087 1322 2109 κακει
1343 2076 1420 2110 τῶν
1446 2073 1536 2120 ἄγα-

865 2124 972 2158 θῶν
996 2123 1120 2178 rofino,
1133 2119 1172 2156 δε
1194 2119 1398 2156 ἀδύνατον.

917 2170 1007 2209 Πῶς
1027 2167 1066 2204 δ’
1082 2165 1151 2209 οὕς
1173 2187 1219 2193 —-
1239 2167 1447 2213 φρόνησις,]
1470 2181 1536 2203 om.

868 2217 954 2271 Aug.
987 2217 1028 2250 Β.
1082 2216 1178 2249 Inter
1219 2215 1338 2257 δεῖξαι
1378 2221 1413 2248 et
1453 2212 1538 2259 ἥτις

868 2260 1051 2306 φρόνησις
1070 2261 1211 2296 Ficinus
1227 2262 1256 2296 si
1276 2264 1538 2307 interrogentur

866 2308 1095 2365 interpolavit.

915 2351 1000 2388 ἀλλ’
1014 2355 1027 2398 ]
1053 2351 1146 2388 αλλὰ
1173 2351 1274 2388 Vind.
1299 2353 1341 2387 F.

914 2398 1203 2454 αναγκιὲζονται]
1218 2395 1541 2443 οἰναναγκάζονται

869 2460 944 2482 cum
980 2448 1115 2502 punctis
1151 2448 1213 2480 sub
1239 2446 1348 2480 altero
1372 2454 1421 2479 να
1444 2446 1539 2479 Mon.

866 2495 909 2530 B.
946 2491 1194 2537 οἷνγκοὶζονται
1219 2493 1293 2526 Ald.

917 2538 1060 2596 φάναι]
1088 2540 1227 2594 φιῖναι
1232 2538 1332 2573 vind.
1356 2538 1399 2572 F.

918 2583 989 2621 οὐκ
1015 2586 1143 2629 ἴσμεν]
1181 2581 1354 2627 ουκίσμεν
1378 2583 1472 2617 Mon.
1497 2583 1539 2618 B.
1572 2584 1603 2626 C

919 2646 943 2667 οι
945 2633 1086 2678 γαθοῦ]
1114 2629 1266 2675 ἀγαθὸν
1289 2630 1390 2664 Vind.
1403 2630 1446 2663 E.
1464 2630 1539 2663 Ast..

871 2690 940 2714 sec.
945 2647 1044 2712 Vtert
1071 2679 1194 2712 Staub.
1221 2688 1273 2722 pr.
1301 2677 1356 2710 Cf.
1385 2675 1539 2713 Proclus.

916 2723 1071 2760 ἐπειδὰν
1090 2723 1160 2768 τὸ]
1188 2723 1230 2758 τὸ
1254 2736 1318 2758 om.
1339 2723 1433 2757 Flor.
1455 2723 1501 2758 T

916 2769 1168 2816 φθέγξωνται]
1197 2768 1424 2815 φθέγξοιντο
1436 2770 1467 2801 V
1469 2767 1537 2803 ind.
