<?xml version="1.0" encoding="UTF-8"?>
<!DOCTYPE html PUBLIC "-//W3C//DTD XHTML 1.0 Transitional//EN"
    "http://www.w3.org/TR/xhtml1/DTD/xhtml1-transitional.dtd">
<html xmlns="http://www.w3.org/1999/xhtml" xml:lang="en" lang="en">
 <head>
  <title>
</title>
<meta http-equiv="Content-Type" content="text/html;charset=utf-8" />
  <meta name='ocr-system' content='tesseract 3.04.00' />
  <meta name='ocr-capabilities' content='ocr_page ocr_carea ocr_par ocr_line ocrx_word'/>
</head>
<body>
  <div class='ocr_page' id='page_1' title='image "./operagraecerecen02platuoft_0252.png"; bbox 0 0 1807 3219; ppageno 0'>
   <div class='ocr_carea' id='block_1_1' title="bbox 319 147 406 190">
    <p class='ocr_par' dir='ltr' id='par_1_1' title="bbox 319 147 406 190">
     <span class='ocr_line' id='line_1_1' title="bbox 319 147 406 190; baseline 0.023 -2"><span class='ocrx_word' id='word_1_1' title='bbox 319 147 406 190; x_wconf 82' lang='lat'><strong>19⁰</strong></span> 
     </span>
    </p>
   </div>
   <div class='ocr_carea' id='block_1_2' title="bbox 784 144 1261 188">
    <p class='ocr_par' dir='ltr' id='par_1_2' title="bbox 784 144 1261 188">
     <span class='ocr_line' id='line_1_2' title="bbox 784 144 1261 188; baseline -0.004 0"><span class='ocrx_word' id='word_1_2' title='bbox 784 144 1261 188; x_wconf 89' lang='lat' dir='ltr'>PLATONIS</span> 
     </span>
    </p>
   </div>
   <div class='ocr_carea' id='block_1_3' title="bbox 315 253 1708 656">
    <p class='ocr_par' dir='ltr' id='par_1_3' title="bbox 315 253 1708 656">
     <span class='ocr_line' id='line_1_3' title="bbox 319 253 1708 315; baseline 0.004 -15"><span class='ocrx_word' id='word_1_3' title='bbox 319 257 539 313; x_wconf 83' lang='grc' dir='ltr'><strong><em>μηδεμίαν</em></strong></span> <span class='ocrx_word' id='word_1_4' title='bbox 559 253 686 309; x_wconf 76' lang='grc' dir='ltr'><strong><em>ἀξίαν</em></strong></span> <span class='ocrx_word' id='word_1_5' title='bbox 713 254 826 301; x_wconf 80' lang='grc' dir='ltr'><strong><em>εἶναι</em></strong></span> <span class='ocrx_word' id='word_1_6' title='bbox 854 262 944 300; x_wconf 77' lang='grc' dir='ltr'><strong>τῶν</strong></span> <span class='ocrx_word' id='word_1_7' title='bbox 975 259 1062 300; x_wconf 83' lang='grc' dir='ltr'><strong>νῦν</strong></span> <span class='ocrx_word' id='word_1_8' title='bbox 1090 255 1356 300; x_wconf 82' lang='grc' dir='ltr'><strong><em>κατάστασιν</em></strong></span> <span class='ocrx_word' id='word_1_9' title='bbox 1383 255 1551 309; x_wconf 85' lang='grc' dir='ltr'><strong><em>πόλεως</em></strong></span> <span class='ocrx_word' id='word_1_10' title='bbox 1580 264 1708 315; x_wconf 87' lang='grc' dir='ltr'><strong><em>φιλο-</em></strong></span> 
     </span>
     <span class='ocr_line' id='line_1_4' title="bbox 319 323 1706 381; baseline 0.004 -13"><span class='ocrx_word' id='word_1_11' title='bbox 319 323 468 380; x_wconf 83' lang='grc' dir='ltr'><strong>σόφου</strong></span> <span class='ocrx_word' id='word_1_12' title='bbox 501 323 701 381; x_wconf 83' lang='grc' dir='ltr'><strong><em>φύσεως·</em></strong></span> <span class='ocrx_word' id='word_1_13' title='bbox 742 324 810 368; x_wconf 87' lang='grc' dir='ltr'><strong>διὸ</strong></span> <span class='ocrx_word' id='word_1_14' title='bbox 839 325 913 369; x_wconf 85' lang='grc' dir='ltr'><strong>καὶ</strong></span> <span class='ocrx_word' id='word_1_15' title='bbox 943 325 1211 381; x_wconf 83' lang='grc' dir='ltr'><strong><em>στρέφεσθαί</em></strong></span> <span class='ocrx_word' id='word_1_16' title='bbox 1237 340 1282 368; x_wconf 89' lang='grc' dir='ltr'><strong><em>τε</em></strong></span> <span class='ocrx_word' id='word_1_17' title='bbox 1310 325 1385 368; x_wconf 86' lang='grc' dir='ltr'><strong>καὶ</strong></span> <span class='ocrx_word' id='word_1_18' title='bbox 1414 324 1706 373; x_wconf 75' lang='grc' dir='ltr'><em>ἀλλοιοῦσθαι</em></span> 
     </span>
     <span class='ocr_line' id='line_1_5' title="bbox 317 390 1705 451; baseline 0.002 -15"><span class='ocrx_word' id='word_1_19' title='bbox 317 390 482 450; x_wconf 83' lang='grc' dir='ltr'><strong><em>αὐτὴν,</em></strong></span> <span class='ocrx_word' id='word_1_20' title='bbox 527 391 671 448; x_wconf 76' lang='grc' dir='ltr'><strong><em>ὥσπερ</em></strong></span> <span class='ocrx_word' id='word_1_21' title='bbox 703 392 874 445; x_wconf 82' lang='grc' dir='ltr'><strong><em>ξενικὸν</em></strong></span> <span class='ocrx_word' id='word_1_22' title='bbox 912 394 1082 450; x_wconf 81' lang='grc' dir='ltr'><strong><em>σπέρμα</em></strong></span> <span class='ocrx_word' id='word_1_23' title='bbox 1111 394 1160 438; x_wconf 80' lang='grc' dir='ltr'><strong><em>ἐν</em></strong></span> <span class='ocrx_word' id='word_1_24' title='bbox 1188 396 1247 451; x_wconf 77' lang='grc' dir='ltr'><strong>γῇ</strong></span> <span class='ocrx_word' id='word_1_25' title='bbox 1277 392 1386 450; x_wconf 77' lang='grc' dir='ltr'><strong><em>ἄλλῃ</em></strong></span> <span class='ocrx_word' id='word_1_26' title='bbox 1417 392 1705 450; x_wconf 82' lang='grc' dir='ltr'><strong><em>σπειρόμενον</em></strong></span> 
     </span>
     <span class='ocr_line' id='line_1_6' title="bbox 317 459 1704 519; baseline 0.001 -15"><span class='ocrx_word' id='word_1_27' title='bbox 317 461 512 518; x_wconf 78' lang='grc' dir='ltr'><strong><em>ἐξίτηλον</em></strong></span> <span class='ocrx_word' id='word_1_28' title='bbox 542 463 602 513; x_wconf 81' lang='grc' dir='ltr'><strong>εἷς</strong></span> <span class='ocrx_word' id='word_1_29' title='bbox 631 461 680 505; x_wconf 87' lang='grc' dir='ltr'><strong><em>τὸ</em></strong></span> <span class='ocrx_word' id='word_1_30' title='bbox 711 459 948 517; x_wconf 76' lang='grc' dir='ltr'><strong><em>ἐπιχώριον</em></strong></span> <span class='ocrx_word' id='word_1_31' title='bbox 970 468 1092 519; x_wconf 85' lang='grc' dir='ltr'><strong><em>φιλεῖ</em></strong></span> <span class='ocrx_word' id='word_1_32' title='bbox 1107 460 1412 518; x_wconf 80' lang='grc' dir='ltr'><strong><em>κρατούμενον</em></strong></span> <span class='ocrx_word' id='word_1_33' title='bbox 1432 460 1556 514; x_wconf 83' lang='grc' dir='ltr'><strong><em>ἰέναι,</em></strong></span> <span class='ocrx_word' id='word_1_34' title='bbox 1587 461 1704 506; x_wconf 82' lang='grc' dir='ltr'><strong><em>οὕτω</em></strong></span> 
     </span>
     <span class='ocr_line' id='line_1_7' title="bbox 315 527 1704 588; baseline 0.001 -14"><span class='ocrx_word' id='word_1_35' title='bbox 315 530 390 574; x_wconf 81' lang='grc' dir='ltr'><strong>καὶ</strong></span> <span class='ocrx_word' id='word_1_36' title='bbox 420 534 554 575; x_wconf 81' lang='grc' dir='ltr'><strong><em>τοῦτο</em></strong></span> <span class='ocrx_word' id='word_1_37' title='bbox 583 529 633 573; x_wconf 83' lang='grc' dir='ltr'><strong><em>τὸ</em></strong></span> <span class='ocrx_word' id='word_1_38' title='bbox 663 529 791 585; x_wconf 77' lang='grc' dir='ltr'><strong><em>γένος</em></strong></span> <span class='ocrx_word' id='word_1_39' title='bbox 819 533 906 574; x_wconf 84' lang='grc' dir='ltr'><strong>νῦν</strong></span> <span class='ocrx_word' id='word_1_40' title='bbox 935 532 1014 588; x_wconf 78' lang='grc' dir='ltr'><strong><em>μὲν</em></strong></span> <span class='ocrx_word' id='word_1_41' title='bbox 1046 527 1131 575; x_wconf 82' lang='grc' dir='ltr'><strong>οὐκ</strong></span> <span class='ocrx_word' id='word_1_42' title='bbox 1169 531 1306 586; x_wconf 80' lang='grc' dir='ltr'><strong><em>ἴσχειν</em></strong></span> <span class='ocrx_word' id='word_1_43' title='bbox 1343 529 1426 587; x_wconf 75' lang='grc' dir='ltr'><strong>τήν</strong></span> <span class='ocrx_word' id='word_1_44' title='bbox 1455 529 1594 573; x_wconf 84' lang='grc' dir='ltr'><strong><em>αὑτοῦ</em></strong></span> <span class='ocrx_word' id='word_1_45' title='bbox 1624 530 1704 575; x_wconf 81' lang='grc' dir='ltr'><strong>δύ-</strong></span> 
     </span>
     <span class='ocr_line' id='line_1_8' title="bbox 315 594 1703 656; baseline 0.002 -16"><span class='ocrx_word' id='word_1_46' title='bbox 315 614 473 654; x_wconf 84' lang='grc' dir='ltr'><strong><em>ναμιν,</em></strong></span> <span class='ocrx_word' id='word_1_47' title='bbox 505 596 601 641; x_wconf 73' lang='grc' dir='ltr'><strong><em>ἀλλ’</em></strong></span> <span class='ocrx_word' id='word_1_48' title='bbox 635 599 696 650; x_wconf 81' lang='grc' dir='ltr'><strong>εἰς</strong></span> <span class='ocrx_word' id='word_1_49' title='bbox 723 596 956 654; x_wconf 73' lang='grc' dir='ltr'><strong><em>ἀλλότριον</em></strong></span> <span class='ocrx_word' id='word_1_50' title='bbox 983 594 1097 656; x_wconf 79' lang='grc' dir='ltr'><strong><em>ἦθος</em></strong></span> <span class='ocrx_word' id='word_1_51' title='bbox 1117 598 1356 642; x_wconf 79' lang='grc' dir='ltr'><strong><em>ἐκπίπτειν·</em></strong></span> <span class='ocrx_word' id='word_1_52' title='bbox 1388 599 1425 642; x_wconf 83' lang='grc' dir='ltr'><strong>εἰ</strong></span> <span class='ocrx_word' id='word_1_53' title='bbox 1456 598 1502 642; x_wconf 81' lang='grc' dir='ltr'><strong>δὲ</strong></span> <span class='ocrx_word' id='word_1_54' title='bbox 1520 598 1703 655; x_wconf 83' lang='grc' dir='ltr'><strong><em>λήψεται</em></strong></span> 
     </span>
    </p>
   </div>
   <div class='ocr_carea' id='block_1_4' title="bbox 251 664 1702 722">
    <p class='ocr_par' dir='ltr' id='par_1_4' title="bbox 251 664 1702 722">
     <span class='ocr_line' id='line_1_9' title="bbox 251 664 1702 722; baseline 0.002 -14"><span class='ocrx_word' id='word_1_55' title='bbox 251 671 284 713; x_wconf 88' lang='lat' dir='ltr'>C</span> <span class='ocrx_word' id='word_1_56' title='bbox 318 665 399 721; x_wconf 85' lang='grc' dir='ltr'><strong><em>τήν</em></strong></span> <span class='ocrx_word' id='word_1_57' title='bbox 434 664 616 722; x_wconf 79' lang='grc' dir='ltr'><strong><em>ἀρίστην</em></strong></span> <span class='ocrx_word' id='word_1_58' title='bbox 645 669 890 719; x_wconf 77' lang='grc' dir='ltr'><strong><em>πολιτείαν,</em></strong></span> <span class='ocrx_word' id='word_1_59' title='bbox 937 666 1082 722; x_wconf 77' lang='grc' dir='ltr'><strong><em>ὥσπερ</em></strong></span> <span class='ocrx_word' id='word_1_60' title='bbox 1121 666 1196 710; x_wconf 82' lang='grc' dir='ltr'><strong>καὶ</strong></span> <span class='ocrx_word' id='word_1_61' title='bbox 1239 664 1347 710; x_wconf 81' lang='grc' dir='ltr'><strong><em>αὐτὸ</em></strong></span> <span class='ocrx_word' id='word_1_62' title='bbox 1388 665 1570 722; x_wconf 75' lang='grc' dir='ltr'><strong><em>ἄριστόν</em></strong></span> <span class='ocrx_word' id='word_1_63' title='bbox 1599 667 1702 717; x_wconf 79' lang='grc' dir='ltr'><strong><em>ἐστι,</em></strong></span> 
     </span>
    </p>
   </div>
   <div class='ocr_carea' id='block_1_5' title="bbox 315 730 1704 793">
    <p class='ocr_par' dir='ltr' id='par_1_5' title="bbox 315 730 1704 793">
     <span class='ocr_line' id='line_1_10' title="bbox 315 730 1704 793; baseline 0.002 -15"><span class='ocrx_word' id='word_1_64' title='bbox 315 733 413 779; x_wconf 87' lang='grc' dir='ltr'><strong><em>τότε</em></strong></span> <span class='ocrx_word' id='word_1_65' title='bbox 444 734 654 792; x_wconf 77' lang='grc' dir='ltr'><strong><em>δηλώσει,</em></strong></span> <span class='ocrx_word' id='word_1_66' title='bbox 693 734 761 780; x_wconf 85' lang='grc' dir='ltr'><strong>ὅτι</strong></span> <span class='ocrx_word' id='word_1_67' title='bbox 789 739 920 780; x_wconf 84' lang='grc' dir='ltr'><strong><em>τοῦτο</em></strong></span> <span class='ocrx_word' id='word_1_68' title='bbox 963 735 1043 793; x_wconf 77' lang='grc' dir='ltr'><strong><em>μὲν</em></strong></span> <span class='ocrx_word' id='word_1_69' title='bbox 1081 739 1144 793; x_wconf 80' lang='grc' dir='ltr'><strong><em>τῷ</em></strong></span> <span class='ocrx_word' id='word_1_70' title='bbox 1183 733 1280 779; x_wconf 83' lang='grc' dir='ltr'><strong><em>ὅντι</em></strong></span> <span class='ocrx_word' id='word_1_71' title='bbox 1306 739 1434 779; x_wconf 77' lang='grc' dir='ltr'><strong><em>θεῖον</em></strong></span> <span class='ocrx_word' id='word_1_72' title='bbox 1459 730 1534 792; x_wconf 80' lang='grc' dir='ltr'><strong><em>ἦν,</em></strong></span> <span class='ocrx_word' id='word_1_73' title='bbox 1571 735 1626 780; x_wconf 73' lang='grc' dir='ltr'><strong><em>τοὶ</em></strong></span> <span class='ocrx_word' id='word_1_74' title='bbox 1657 735 1704 781; x_wconf 79' lang='grc' dir='ltr'><strong>δὲ</strong></span> 
     </span>
    </p>
   </div>
   <div class='ocr_carea' id='block_1_6' title="bbox 315 883 984 977">
    <p class='ocr_par' dir='ltr' id='par_1_6' title="bbox 315 883 984 977">
     <span class='ocr_line' id='line_1_11' title="bbox 315 883 984 930; baseline 0.003 -12"><span class='ocrx_word' id='word_1_75' title='bbox 315 883 446 930; x_wconf 85' lang='lat' dir='ltr'><strong>cerpsit</strong></span> <span class='ocrx_word' id='word_1_76' title='bbox 477 884 651 919; x_wconf 85' lang='lat' dir='ltr'><strong>Stobaeus</strong></span> <span class='ocrx_word' id='word_1_77' title='bbox 679 895 780 919; x_wconf 85' lang='lat' dir='ltr'><strong>serm.</strong></span> <span class='ocrx_word' id='word_1_78' title='bbox 815 883 984 920; x_wconf 85' lang='lat' dir='ltr'>XXXXI.</span> 
     </span>
     <span class='ocr_line' id='line_1_12' title="bbox 315 931 690 977; baseline -0.003 -12"><span class='ocrx_word' id='word_1_79' title='bbox 315 943 349 977; x_wconf 87' lang='lat' dir='ltr'><strong>p.</strong></span> <span class='ocrx_word' id='word_1_80' title='bbox 373 932 454 967; x_wconf 74' lang='lat'><strong>259.</strong></span> <span class='ocrx_word' id='word_1_81' title='bbox 479 944 545 966; x_wconf 86' lang='lat' dir='ltr'><strong>om.</strong></span> <span class='ocrx_word' id='word_1_82' title='bbox 571 931 690 965; x_wconf 87' lang='lat' dir='ltr'><strong>Trinc.</strong></span> 
     </span>
    </p>
   </div>
   <div class='ocr_carea' id='block_1_7' title="bbox 317 998 984 1229">
    <p class='ocr_par' dir='ltr' id='par_1_7' title="bbox 317 998 984 1137">
     <span class='ocr_line' id='line_1_13' title="bbox 364 998 983 1045; baseline -0.002 -11"><span class='ocrx_word' id='word_1_83' title='bbox 364 999 464 1045; x_wconf 78' lang='grc' dir='ltr'><strong><em>τῶν]</em></strong></span> <span class='ocrx_word' id='word_1_84' title='bbox 489 998 559 1044; x_wconf 85' lang='grc' dir='ltr'><strong>τὴν</strong></span> <span class='ocrx_word' id='word_1_85' title='bbox 584 1000 664 1035; x_wconf 85' lang='lat' dir='ltr'><strong>Par.</strong></span> <span class='ocrx_word' id='word_1_86' title='bbox 689 999 733 1034; x_wconf 82' lang='lat' dir='ltr'><strong>K.</strong></span> <span class='ocrx_word' id='word_1_87' title='bbox 758 999 856 1033; x_wconf 90' lang='lat' dir='ltr'><strong>Stob.</strong></span> <span class='ocrx_word' id='word_1_88' title='bbox 882 1011 983 1033; x_wconf 87' lang='lat' dir='ltr'><strong>exce-</strong></span> 
     </span>
     <span class='ocr_line' id='line_1_14' title="bbox 317 1045 984 1092; baseline 0.001 -13"><span class='ocrx_word' id='word_1_89' title='bbox 317 1050 378 1091; x_wconf 89' lang='lat' dir='ltr'><strong>pto</strong></span> <span class='ocrx_word' id='word_1_90' title='bbox 400 1046 473 1081; x_wconf 87' lang='lat' dir='ltr'><strong>cod.</strong></span> <span class='ocrx_word' id='word_1_91' title='bbox 491 1047 532 1080; x_wconf 89' lang='lat' dir='ltr'><strong>A.</strong></span> <span class='ocrx_word' id='word_1_92' title='bbox 553 1046 736 1081; x_wconf 89' lang='lat' dir='ltr'><strong>secundum</strong></span> <span class='ocrx_word' id='word_1_93' title='bbox 760 1057 862 1092; x_wconf 86' lang='lat' dir='ltr'><strong>quem</strong></span> <span class='ocrx_word' id='word_1_94' title='bbox 878 1045 984 1080; x_wconf 80' lang='lat' dir='ltr'><strong>Gais-</strong></span> 
     </span>
     <span class='ocr_line' id='line_1_15' title="bbox 317 1092 722 1137; baseline -0.005 -10"><span class='ocrx_word' id='word_1_95' title='bbox 317 1092 449 1127; x_wconf 78' lang='lat' dir='ltr'><strong>fordius</strong></span> <span class='ocrx_word' id='word_1_96' title='bbox 473 1093 550 1126; x_wconf 76' lang='grc' dir='ltr'><strong>τῶν</strong></span> <span class='ocrx_word' id='word_1_97' title='bbox 574 1093 722 1137; x_wconf 84' lang='lat' dir='ltr'>scripsit.</span> 
     </span>
    </p>

    <p class='ocr_par' dir='ltr' id='par_1_8' title="bbox 318 1134 982 1228">
     <span class='ocr_line' id='line_1_16' title="bbox 363 1134 982 1181; baseline 0 -9"><span class='ocrx_word' id='word_1_98' title='bbox 363 1136 590 1173; x_wconf 79' lang='grc' dir='ltr'><strong><em>κατάστασιν</em></strong></span> <span class='ocrx_word' id='word_1_99' title='bbox 615 1158 663 1163; x_wconf 85' lang='grc'><strong>-</strong></span> <span class='ocrx_word' id='word_1_100' title='bbox 691 1136 778 1181; x_wconf 80' lang='grc' dir='ltr'><strong><em>διὸ]</em></strong></span> <span class='ocrx_word' id='word_1_101' title='bbox 815 1134 982 1172; x_wconf 77' lang='grc' dir='ltr'><strong><em>κατάστα</em></strong></span> 
     </span>
     <span class='ocr_line' id='line_1_17' title="bbox 318 1182 903 1229; baseline -0.002 -10"><span class='ocrx_word' id='word_1_102' title='bbox 318 1182 404 1229; x_wconf 84' lang='grc' dir='ltr'><strong><em>διὸ,</em></strong></span> <span class='ocrx_word' id='word_1_103' title='bbox 429 1185 560 1219; x_wconf 87' lang='lat' dir='ltr'><strong>omissis</strong></span> <span class='ocrx_word' id='word_1_104' title='bbox 583 1184 726 1228; x_wconf 91' lang='lat' dir='ltr'><strong>mediis,</strong></span> <span class='ocrx_word' id='word_1_105' title='bbox 747 1187 835 1228; x_wconf 88' lang='lat' dir='ltr'><strong>Ang.</strong></span> <span class='ocrx_word' id='word_1_106' title='bbox 860 1185 903 1219; x_wconf 91' lang='grc' dir='ltr'><strong>Β.</strong></span> 
     </span>
    </p>
   </div>
   <div class='ocr_carea' id='block_1_8' title="bbox 311 1249 983 2362">
    <p class='ocr_par' dir='ltr' id='par_1_9' title="bbox 311 1249 983 2362">
     <span class='ocr_line' id='line_1_18' title="bbox 343 1249 981 1309; baseline 0.002 -22.036"><span class='ocrx_word' id='word_1_107' title='bbox 343 1249 504 1309; x_wconf 69' lang='grc' dir='ltr'><strong><em>ὥσπερ]</em></strong></span> <span class='ocrx_word' id='word_1_108' title='bbox 522 1259 626 1299; x_wconf 81' lang='lat' dir='ltr'><strong>utque</strong></span> <span class='ocrx_word' id='word_1_109' title='bbox 644 1253 718 1289; x_wconf 77' lang='lat' dir='ltr'><strong>Fic.</strong></span> <span class='ocrx_word' id='word_1_110' title='bbox 750 1254 800 1288; x_wconf 89' lang='lat' dir='ltr'><strong>Et</strong></span> <span class='ocrx_word' id='word_1_111' title='bbox 818 1252 882 1288; x_wconf 83' lang='grc' dir='ltr'><strong>καὶ</strong></span> <span class='ocrx_word' id='word_1_112' title='bbox 901 1256 981 1288; x_wconf 87' lang='lat' dir='ltr'><strong>ante</strong></span> 
     </span>
     <span class='ocr_line' id='line_1_19' title="bbox 316 1296 979 1344; baseline 0 -10"><span class='ocrx_word' id='word_1_113' title='bbox 316 1296 442 1344; x_wconf 65' lang='grc' dir='ltr'><strong><em>ὥσπερ</em></strong></span> <span class='ocrx_word' id='word_1_114' title='bbox 465 1299 682 1334; x_wconf 89' lang='lat' dir='ltr'><strong>inserendum</strong></span> <span class='ocrx_word' id='word_1_115' title='bbox 712 1300 855 1334; x_wconf 88' lang='lat' dir='ltr'><strong>coniecit</strong></span> <span class='ocrx_word' id='word_1_116' title='bbox 877 1299 911 1333; x_wconf 88' lang='lat' dir='ltr'><strong>in</strong></span> <span class='ocrx_word' id='word_1_117' title='bbox 933 1311 979 1334; x_wconf 87' lang='lat' dir='ltr'><strong>m.</strong></span> 
     </span>
     <span class='ocr_line' id='line_1_20' title="bbox 316 1345 980 1392; baseline -0.002 -12"><span class='ocrx_word' id='word_1_118' title='bbox 316 1347 525 1392; x_wconf 86' lang='lat' dir='ltr'><strong>Stephanus.</strong></span> <span class='ocrx_word' id='word_1_119' title='bbox 574 1346 706 1380; x_wconf 84' lang='lat' dir='ltr'>Contra</span> <span class='ocrx_word' id='word_1_120' title='bbox 735 1345 980 1380; x_wconf 88' lang='lat' dir='ltr'><strong>Stallbaumius</strong></span> 
     </span>
     <span class='ocr_line' id='line_1_21' title="bbox 316 1392 982 1438; baseline -0.003 -11"><span class='ocrx_word' id='word_1_121' title='bbox 316 1393 401 1427; x_wconf 90' lang='lat' dir='ltr'><strong>haec</strong></span> <span class='ocrx_word' id='word_1_122' title='bbox 449 1392 673 1438; x_wconf 83' lang='lat' dir='ltr'><strong>appositionis</strong></span> <span class='ocrx_word' id='word_1_123' title='bbox 718 1392 818 1427; x_wconf 91' lang='lat' dir='ltr'><strong>modo</strong></span> <span class='ocrx_word' id='word_1_124' title='bbox 865 1392 982 1426; x_wconf 87' lang='lat' dir='ltr'><strong>addita</strong></span> 
     </span>
     <span class='ocr_line' id='line_1_22' title="bbox 316 1438 981 1484; baseline -0.003 -11"><span class='ocrx_word' id='word_1_125' title='bbox 316 1443 435 1473; x_wconf 90' lang='lat' dir='ltr'><strong>censet</strong></span> <span class='ocrx_word' id='word_1_126' title='bbox 467 1446 503 1473; x_wconf 86' lang='lat' dir='ltr'><strong>et</strong></span> <span class='ocrx_word' id='word_1_127' title='bbox 538 1439 612 1472; x_wconf 89' lang='lat' dir='ltr'><strong>colo</strong></span> <span class='ocrx_word' id='word_1_128' title='bbox 645 1450 666 1472; x_wconf 87' lang='lat' dir='ltr'><strong>a</strong></span> <span class='ocrx_word' id='word_1_129' title='bbox 697 1438 981 1484; x_wconf 80' lang='lat' dir='ltr'><strong>praecedentibus</strong></span> 
     </span>
     <span class='ocr_line' id='line_1_23' title="bbox 315 1483 983 1530; baseline -0.003 -11"><span class='ocrx_word' id='word_1_130' title='bbox 315 1485 516 1530; x_wconf 80' lang='lat' dir='ltr'><strong>distinguit,</strong></span> <span class='ocrx_word' id='word_1_131' title='bbox 551 1496 641 1530; x_wconf 88' lang='lat' dir='ltr'><strong>quae</strong></span> <span class='ocrx_word' id='word_1_132' title='bbox 669 1485 757 1519; x_wconf 88' lang='lat' dir='ltr'><strong>ratio</strong></span> <span class='ocrx_word' id='word_1_133' title='bbox 793 1484 873 1518; x_wconf 89' lang='lat' dir='ltr'><strong>alibi</strong></span> <span class='ocrx_word' id='word_1_134' title='bbox 903 1483 983 1517; x_wconf 87' lang='lat' dir='ltr'><strong>iniri</strong></span> 
     </span>
     <span class='ocr_line' id='line_1_24' title="bbox 314 1530 982 1578; baseline -0.003 -12"><span class='ocrx_word' id='word_1_135' title='bbox 314 1538 453 1578; x_wconf 84' lang='lat' dir='ltr'><strong>potest,</strong></span> <span class='ocrx_word' id='word_1_136' title='bbox 487 1531 565 1564; x_wconf 88' lang='lat' dir='ltr'><strong>huic</strong></span> <span class='ocrx_word' id='word_1_137' title='bbox 597 1531 670 1564; x_wconf 93' lang='lat' dir='ltr'><strong>loco</strong></span> <span class='ocrx_word' id='word_1_138' title='bbox 702 1534 845 1575; x_wconf 88' lang='lat' dir='ltr'><strong>propter</strong></span> <span class='ocrx_word' id='word_1_139' title='bbox 874 1530 982 1564; x_wconf 87' lang='lat' dir='ltr'><strong>maio-</strong></span> 
     </span>
     <span class='ocr_line' id='line_1_25' title="bbox 313 1576 981 1632; baseline -0.004 -20"><span class='ocrx_word' id='word_1_140' title='bbox 313 1590 386 1613; x_wconf 86' lang='lat' dir='ltr'><strong>rem</strong></span> <span class='ocrx_word' id='word_1_141' title='bbox 411 1577 622 1623; x_wconf 89' lang='lat' dir='ltr'><strong>sequentium</strong></span> <span class='ocrx_word' id='word_1_142' title='bbox 646 1577 820 1618; x_wconf 86' lang='lat' dir='ltr'><strong>ambitum,</strong></span> <span class='ocrx_word' id='word_1_143' title='bbox 830 1576 981 1632; x_wconf 90' lang='lat' dir='ltr'><strong>praeci-</strong></span> 
     </span>
     <span class='ocr_line' id='line_1_26' title="bbox 312 1620 981 1676; baseline -0.004 -18"><span class='ocrx_word' id='word_1_144' title='bbox 312 1636 381 1670; x_wconf 92' lang='lat' dir='ltr'><strong>pue</strong></span> <span class='ocrx_word' id='word_1_145' title='bbox 404 1636 486 1658; x_wconf 88' lang='lat' dir='ltr'><strong>vero</strong></span> <span class='ocrx_word' id='word_1_146' title='bbox 510 1628 653 1668; x_wconf 91' lang='lat' dir='ltr'><strong>propter</strong></span> <span class='ocrx_word' id='word_1_147' title='bbox 687 1623 770 1656; x_wconf 88' lang='lat' dir='ltr'><strong>illud</strong></span> <span class='ocrx_word' id='word_1_148' title='bbox 802 1620 868 1666; x_wconf 76' lang='grc' dir='ltr'><strong><em>μὲν</em></strong></span> <span class='ocrx_word' id='word_1_149' title='bbox 900 1625 981 1676; x_wconf 88' lang='lat' dir='ltr'><strong>post</strong></span> 
     </span>
     <span class='ocr_line' id='line_1_27' title="bbox 312 1668 979 1722; baseline -0.006 -17"><span class='ocrx_word' id='word_1_150' title='bbox 312 1671 405 1714; x_wconf 83' lang='grc' dir='ltr'><strong><em>νῦν,</em></strong></span> <span class='ocrx_word' id='word_1_151' title='bbox 444 1669 554 1722; x_wconf 91' lang='lat' dir='ltr'><strong>quod</strong></span> <span class='ocrx_word' id='word_1_152' title='bbox 568 1669 728 1714; x_wconf 86' lang='lat' dir='ltr'><strong>deinceps</strong></span> <span class='ocrx_word' id='word_1_153' title='bbox 751 1668 902 1702; x_wconf 85' lang='lat' dir='ltr'><strong>dicendis</strong></span> <span class='ocrx_word' id='word_1_154' title='bbox 926 1668 979 1702; x_wconf 89' lang='lat' dir='ltr'><strong>in-</strong></span> 
     </span>
     <span class='ocr_line' id='line_1_28' title="bbox 311 1714 980 1760; baseline -0.004 -9"><span class='ocrx_word' id='word_1_155' title='bbox 311 1721 443 1751; x_wconf 83' lang='lat' dir='ltr'><strong>tentum</strong></span> <span class='ocrx_word' id='word_1_156' title='bbox 467 1714 595 1760; x_wconf 86' lang='lat' dir='ltr'><strong>magis,</strong></span> <span class='ocrx_word' id='word_1_157' title='bbox 619 1727 719 1760; x_wconf 89' lang='lat' dir='ltr'><strong>quam</strong></span> <span class='ocrx_word' id='word_1_158' title='bbox 744 1720 846 1748; x_wconf 87' lang='lat' dir='ltr'><strong>antea</strong></span> <span class='ocrx_word' id='word_1_159' title='bbox 871 1715 980 1748; x_wconf 85' lang='lat' dir='ltr'><strong>dicto-</strong></span> 
     </span>
     <span class='ocr_line' id='line_1_29' title="bbox 312 1760 980 1806; baseline -0.003 -9"><span class='ocrx_word' id='word_1_160' title='bbox 312 1775 387 1797; x_wconf 91' lang='lat' dir='ltr'><strong>rum</strong></span> <span class='ocrx_word' id='word_1_161' title='bbox 412 1761 674 1806; x_wconf 79' lang='lat' dir='ltr'><strong>explicationem</strong></span> <span class='ocrx_word' id='word_1_162' title='bbox 697 1761 888 1795; x_wconf 87' lang='lat' dir='ltr'><strong>molientem</strong></span> <span class='ocrx_word' id='word_1_163' title='bbox 904 1760 980 1795; x_wconf 90' lang='lat' dir='ltr'><strong>ani-</strong></span> 
     </span>
     <span class='ocr_line' id='line_1_30' title="bbox 313 1803 979 1853; baseline -0.005 -10"><span class='ocrx_word' id='word_1_164' title='bbox 313 1821 401 1843; x_wconf 89' lang='lat' dir='ltr'><strong>mum</strong></span> <span class='ocrx_word' id='word_1_165' title='bbox 424 1808 550 1853; x_wconf 85' lang='lat' dir='ltr'><strong>prodit,</strong></span> <span class='ocrx_word' id='word_1_166' title='bbox 573 1819 641 1841; x_wconf 90' lang='lat' dir='ltr'><strong>non</strong></span> <span class='ocrx_word' id='word_1_167' title='bbox 664 1807 831 1841; x_wconf 90' lang='lat' dir='ltr'><strong>convenit.</strong></span> <span class='ocrx_word' id='word_1_168' title='bbox 856 1803 979 1851; x_wconf 85' lang='grc' dir='ltr'><strong><em>ω’σπερ</em></strong></span> 
     </span>
     <span class='ocr_line' id='line_1_31' title="bbox 313 1854 978 1907; baseline -0.003 -18"><span class='ocrx_word' id='word_1_169' title='bbox 313 1858 390 1890; x_wconf 86' lang='lat' dir='ltr'><strong>arte</strong></span> <span class='ocrx_word' id='word_1_170' title='bbox 413 1866 488 1888; x_wconf 89' lang='lat' dir='ltr'><strong>cum</strong></span> <span class='ocrx_word' id='word_1_171' title='bbox 506 1854 788 1907; x_wconf 81' lang='lat' dir='ltr'><strong>praecedentibus</strong></span> <span class='ocrx_word' id='word_1_172' title='bbox 807 1854 978 1895; x_wconf 85' lang='lat' dir='ltr'><strong>cohaeret,</strong></span> 
     </span>
     <span class='ocr_line' id='line_1_32' title="bbox 313 1895 981 1943; baseline -0.004 -7"><span class='ocrx_word' id='word_1_173' title='bbox 313 1901 422 1936; x_wconf 91' lang='lat' dir='ltr'><strong>minus</strong></span> <span class='ocrx_word' id='word_1_174' title='bbox 446 1905 522 1934; x_wconf 89' lang='lat' dir='ltr'><strong>arte</strong></span> <span class='ocrx_word' id='word_1_175' title='bbox 546 1895 667 1943; x_wconf 74' lang='grc' dir='ltr'><strong><em>οὕτω,</em></strong></span> <span class='ocrx_word' id='word_1_176' title='bbox 691 1901 751 1934; x_wconf 88' lang='lat' dir='ltr'><strong>sed</strong></span> <span class='ocrx_word' id='word_1_177' title='bbox 774 1900 847 1942; x_wconf 87' lang='lat' dir='ltr'><strong>ita,</strong></span> <span class='ocrx_word' id='word_1_178' title='bbox 874 1904 914 1933; x_wconf 90' lang='lat' dir='ltr'><strong>ut</strong></span> <span class='ocrx_word' id='word_1_179' title='bbox 937 1911 981 1933; x_wconf 87' lang='lat' dir='ltr'><strong>ne</strong></span> 
     </span>
     <span class='ocr_line' id='line_1_33' title="bbox 314 1926 983 1993; baseline -0.004 -11"><span class='ocrx_word' id='word_1_180' title='bbox 314 1948 378 1982; x_wconf 90' lang='lat' dir='ltr'><strong>hoc</strong></span> <span class='ocrx_word' id='word_1_181' title='bbox 411 1946 548 1993; x_wconf 89' lang='lat' dir='ltr'><strong>quidem</strong></span> <span class='ocrx_word' id='word_1_182' title='bbox 581 1926 766 1991; x_wconf 89' lang='lat' dir='ltr'><strong>pleniorem</strong></span> <span class='ocrx_word' id='word_1_183' title='bbox 804 1946 983 1991; x_wconf 82' lang='lat' dir='ltr'><strong>interpun-</strong></span> 
     </span>
     <span class='ocr_line' id='line_1_34' title="bbox 314 1992 982 2029; baseline -0.004 0"><span class='ocrx_word' id='word_1_184' title='bbox 314 1994 458 2029; x_wconf 85' lang='lat' dir='ltr'><strong>ctionem</strong></span> <span class='ocrx_word' id='word_1_185' title='bbox 482 1992 651 2027; x_wconf 87' lang='lat' dir='ltr'><strong>admittat.</strong></span> <span class='ocrx_word' id='word_1_186' title='bbox 705 1993 872 2027; x_wconf 85' lang='lat' dir='ltr'><strong>Refertur</strong></span> <span class='ocrx_word' id='word_1_187' title='bbox 896 1992 982 2026; x_wconf 89' lang='lat' dir='ltr'><strong>enim</strong></span> 
     </span>
     <span class='ocr_line' id='line_1_35' title="bbox 314 2035 981 2083; baseline -0.003 -9"><span class='ocrx_word' id='word_1_188' title='bbox 314 2040 359 2074; x_wconf 88' lang='lat' dir='ltr'><strong>ad</strong></span> <span class='ocrx_word' id='word_1_189' title='bbox 394 2035 536 2083; x_wconf 71' lang='grc' dir='ltr'><strong><em>ὥσπερ,</em></strong></span> <span class='ocrx_word' id='word_1_190' title='bbox 574 2050 640 2073; x_wconf 87' lang='grc' dir='ltr'><strong><em>ιιοιι</em></strong></span> <span class='ocrx_word' id='word_1_191' title='bbox 672 2039 771 2073; x_wconf 85' lang='lat' dir='ltr'><strong>aliter</strong></span> <span class='ocrx_word' id='word_1_192' title='bbox 808 2050 850 2072; x_wconf 86' lang='lat' dir='ltr'><strong>ac</strong></span> <span class='ocrx_word' id='word_1_193' title='bbox 882 2038 913 2072; x_wconf 89' lang='lat' dir='ltr'><strong>si</strong></span> <span class='ocrx_word' id='word_1_194' title='bbox 946 2038 981 2072; x_wconf 88' lang='lat' dir='ltr'><strong>id</strong></span> 
     </span>
     <span class='ocr_line' id='line_1_36' title="bbox 313 2085 980 2130; baseline -0.003 -10"><span class='ocrx_word' id='word_1_195' title='bbox 313 2085 406 2121; x_wconf 90' lang='lat' dir='ltr'><strong>nullo</strong></span> <span class='ocrx_word' id='word_1_196' title='bbox 431 2098 506 2119; x_wconf 88' lang='lat' dir='ltr'><strong>cum</strong></span> <span class='ocrx_word' id='word_1_197' title='bbox 530 2085 761 2130; x_wconf 85' lang='lat' dir='ltr'><strong>superioribus</strong></span> <span class='ocrx_word' id='word_1_198' title='bbox 785 2096 873 2118; x_wconf 89' lang='lat' dir='ltr'><strong>nexu</strong></span> <span class='ocrx_word' id='word_1_199' title='bbox 899 2097 980 2119; x_wconf 91' lang='lat' dir='ltr'><strong>con-</strong></span> 
     </span>
     <span class='ocr_line' id='line_1_37' title="bbox 313 2131 980 2177; baseline -0.003 -10"><span class='ocrx_word' id='word_1_200' title='bbox 313 2132 485 2173; x_wconf 84' lang='lat' dir='ltr'><strong>iunctum,</strong></span> <span class='ocrx_word' id='word_1_201' title='bbox 516 2132 577 2165; x_wconf 88' lang='lat' dir='ltr'><strong>sed</strong></span> <span class='ocrx_word' id='word_1_202' title='bbox 601 2131 709 2177; x_wconf 87' lang='lat' dir='ltr'><strong>ipsius</strong></span> <span class='ocrx_word' id='word_1_203' title='bbox 743 2131 896 2165; x_wconf 88' lang='lat' dir='ltr'><strong>adverbii</strong></span> <span class='ocrx_word' id='word_1_204' title='bbox 919 2131 980 2165; x_wconf 88' lang='lat' dir='ltr'><strong>de-</strong></span> 
     </span>
     <span class='ocr_line' id='line_1_38' title="bbox 313 2177 979 2223; baseline -0.003 -10"><span class='ocrx_word' id='word_1_205' title='bbox 313 2177 530 2213; x_wconf 87' lang='lat' dir='ltr'><strong>monstrativi</strong></span> <span class='ocrx_word' id='word_1_206' title='bbox 553 2189 676 2212; x_wconf 88' lang='lat' dir='ltr'><strong>caussa</strong></span> <span class='ocrx_word' id='word_1_207' title='bbox 698 2177 844 2223; x_wconf 87' lang='lat' dir='ltr'><strong>positum</strong></span> <span class='ocrx_word' id='word_1_208' title='bbox 869 2181 979 2221; x_wconf 86' lang='lat' dir='ltr'><strong>esset;</strong></span> 
     </span>
     <span class='ocr_line' id='line_1_39' title="bbox 313 2224 982 2270; baseline -0.003 -11"><span class='ocrx_word' id='word_1_209' title='bbox 313 2237 404 2270; x_wconf 88' lang='lat' dir='ltr'><strong>quae</strong></span> <span class='ocrx_word' id='word_1_210' title='bbox 427 2224 636 2268; x_wconf 84' lang='lat' dir='ltr'><strong>negligentia</strong></span> <span class='ocrx_word' id='word_1_211' title='bbox 669 2236 856 2258; x_wconf 87' lang='lat' dir='ltr'><strong>sermonem</strong></span> <span class='ocrx_word' id='word_1_212' title='bbox 883 2224 982 2259; x_wconf 86' lang='lat' dir='ltr'><strong>fami-</strong></span> 
     </span>
     <span class='ocr_line' id='line_1_40' title="bbox 313 2270 982 2305; baseline 0.001 -1"><span class='ocrx_word' id='word_1_213' title='bbox 313 2271 432 2305; x_wconf 88' lang='lat' dir='ltr'><strong>liarem</strong></span> <span class='ocrx_word' id='word_1_214' title='bbox 464 2270 553 2304; x_wconf 88' lang='lat' dir='ltr'><strong>haud</strong></span> <span class='ocrx_word' id='word_1_215' title='bbox 596 2271 740 2304; x_wconf 86' lang='lat' dir='ltr'><strong>dedecet</strong></span> <span class='ocrx_word' id='word_1_216' title='bbox 772 2275 808 2304; x_wconf 90' lang='lat' dir='ltr'><strong>et</strong></span> <span class='ocrx_word' id='word_1_217' title='bbox 853 2270 889 2305; x_wconf 87' lang='lat' dir='ltr'><strong>in</strong></span> <span class='ocrx_word' id='word_1_218' title='bbox 930 2270 982 2305; x_wconf 80' lang='lat' dir='ltr'><strong>his</strong></span> 
     </span>
     <span class='ocr_line' id='line_1_41' title="bbox 315 2316 847 2362; baseline -0.002 -10"><span class='ocrx_word' id='word_1_219' title='bbox 315 2316 458 2362; x_wconf 86' lang='lat' dir='ltr'><strong>dialogis</strong></span> <span class='ocrx_word' id='word_1_220' title='bbox 479 2316 758 2362; x_wconf 86' lang='lat' dir='ltr'><strong>frequentissima</strong></span> <span class='ocrx_word' id='word_1_221' title='bbox 781 2320 847 2351; x_wconf 85' lang='lat' dir='ltr'><strong>est.</strong></span> 
     </span>
    </p>
   </div>
   <div class='ocr_carea' id='block_1_9' title="bbox 361 2385 983 2638">
    <p class='ocr_par' dir='ltr' id='par_1_10' title="bbox 361 2385 699 2432">
     <span class='ocr_line' id='line_1_42' title="bbox 361 2385 699 2432; baseline 0.003 -12"><span class='ocrx_word' id='word_1_222' title='bbox 361 2387 431 2432; x_wconf 77' lang='grc' dir='ltr'><strong>γῇ]</strong></span> <span class='ocrx_word' id='word_1_223' title='bbox 456 2386 503 2431; x_wconf 83' lang='grc' dir='ltr'><strong><em>τῆ</em></strong></span> <span class='ocrx_word' id='word_1_224' title='bbox 527 2385 630 2420; x_wconf 85' lang='lat' dir='ltr'><strong>Vind.</strong></span> <span class='ocrx_word' id='word_1_225' title='bbox 653 2386 699 2421; x_wconf 90' lang='lat' dir='ltr'><strong>F.</strong></span> 
     </span>
    </p>

    <p class='ocr_par' dir='ltr' id='par_1_11' title="bbox 363 2452 856 2501">
     <span class='ocr_line' id='line_1_43' title="bbox 363 2452 856 2501; baseline -0.002 -11"><span class='ocrx_word' id='word_1_226' title='bbox 363 2453 550 2501; x_wconf 77' lang='grc' dir='ltr'><strong><em>ἐξίτηλον]</em></strong></span> <span class='ocrx_word' id='word_1_227' title='bbox 576 2452 732 2498; x_wconf 76' lang='grc' dir='ltr'><strong><em>ε’ξίτιλον</em></strong></span> <span class='ocrx_word' id='word_1_228' title='bbox 754 2454 856 2490; x_wconf 90' lang='lat' dir='ltr'><strong>idem.</strong></span> 
     </span>
    </p>

    <p class='ocr_par' dir='ltr' id='par_1_12' title="bbox 361 2521 983 2638">
     <span class='ocr_line' id='line_1_44' title="bbox 361 2521 892 2568; baseline 0 -10"><span class='ocrx_word' id='word_1_229' title='bbox 361 2521 406 2559; x_wconf 86' lang='grc' dir='ltr'><strong><em>τὸ</em></strong></span> <span class='ocrx_word' id='word_1_230' title='bbox 427 2521 560 2568; x_wconf 76' lang='grc' dir='ltr'><strong><em>γένος]</em></strong></span> <span class='ocrx_word' id='word_1_231' title='bbox 580 2521 624 2558; x_wconf 88' lang='grc' dir='ltr'><strong><em>τὸ</em></strong></span> <span class='ocrx_word' id='word_1_232' title='bbox 646 2535 711 2558; x_wconf 86' lang='lat' dir='ltr'><strong>om.</strong></span> <span class='ocrx_word' id='word_1_233' title='bbox 728 2523 829 2559; x_wconf 86' lang='lat' dir='ltr'><strong>Vind.</strong></span> <span class='ocrx_word' id='word_1_234' title='bbox 848 2523 892 2558; x_wconf 78' lang='lat' dir='ltr'><strong>E.</strong></span> 
     </span>
     <span class='ocr_line' id='line_1_45' title="bbox 362 2590 983 2638; baseline 0.002 -12"><span class='ocrx_word' id='word_1_235' title='bbox 362 2591 501 2636; x_wconf 81' lang='grc' dir='ltr'><strong><em>ἴσχειν]</em></strong></span> <span class='ocrx_word' id='word_1_236' title='bbox 528 2591 642 2636; x_wconf 78' lang='grc' dir='ltr'><strong><em>ἴσχον,</em></strong></span> <span class='ocrx_word' id='word_1_237' title='bbox 669 2592 792 2627; x_wconf 88' lang='lat' dir='ltr'><strong>omissa</strong></span> <span class='ocrx_word' id='word_1_238' title='bbox 814 2596 894 2638; x_wconf 91' lang='lat' dir='ltr'><strong>post</strong></span> <span class='ocrx_word' id='word_1_239' title='bbox 918 2590 983 2627; x_wconf 87' lang='grc' dir='ltr'><strong>δυ’-</strong></span> 
     </span>
    </p>
   </div>
   <div class='ocr_carea' id='block_1_10' title="bbox 312 2636 983 2870">
    <p class='ocr_par' dir='ltr' id='par_1_13' title="bbox 312 2636 983 2870">
     <span class='ocr_line' id='line_1_46' title="bbox 313 2636 983 2684; baseline -0.001 -11"><span class='ocrx_word' id='word_1_240' title='bbox 313 2650 426 2682; x_wconf 83' lang='grc' dir='ltr'><strong><em>ναμιν</em></strong></span> <span class='ocrx_word' id='word_1_241' title='bbox 468 2639 636 2684; x_wconf 87' lang='lat' dir='ltr'><strong>particula</strong></span> <span class='ocrx_word' id='word_1_242' title='bbox 676 2636 774 2683; x_wconf 69' lang='grc' dir='ltr'><strong><em>ἀλλ’,</em></strong></span> <span class='ocrx_word' id='word_1_243' title='bbox 809 2640 983 2673; x_wconf 86' lang='lat' dir='ltr'><strong>Stobaeus</strong></span> 
     </span>
     <span class='ocr_line' id='line_1_47' title="bbox 335 2684 982 2742; baseline 0.002 -24"><span class='ocrx_word' id='word_1_244' title='bbox 335 2689 480 2742; x_wconf 86' lang='lat' dir='ltr'><strong>excepto</strong></span> <span class='ocrx_word' id='word_1_245' title='bbox 516 2686 588 2719; x_wconf 91' lang='lat' dir='ltr'><strong>cod.</strong></span> <span class='ocrx_word' id='word_1_246' title='bbox 623 2687 664 2719; x_wconf 90' lang='lat' dir='ltr'><strong>A.</strong></span> <span class='ocrx_word' id='word_1_247' title='bbox 703 2685 763 2730; x_wconf 84' lang='lat' dir='ltr'><strong>qui</strong></span> <span class='ocrx_word' id='word_1_248' title='bbox 809 2684 912 2729; x_wconf 83' lang='grc' dir='ltr'><strong><em>ἴσχυν</em></strong></span> <span class='ocrx_word' id='word_1_249' title='bbox 946 2689 982 2719; x_wconf 82' lang='lat' dir='ltr'><strong>et</strong></span> 
     </span>
     <span class='ocr_line' id='line_1_48' title="bbox 312 2728 982 2785; baseline 0.001 -20"><span class='ocrx_word' id='word_1_250' title='bbox 312 2728 390 2765; x_wconf 86' lang='grc' dir='ltr'><strong><em>αλλ’</em></strong></span> <span class='ocrx_word' id='word_1_251' title='bbox 417 2732 539 2785; x_wconf 45' lang='lat' dir='ltr'><strong>hab-et)</strong></span> <span class='ocrx_word' id='word_1_252' title='bbox 574 2736 610 2765; x_wconf 90' lang='lat' dir='ltr'><strong>et</strong></span> <span class='ocrx_word' id='word_1_253' title='bbox 633 2731 717 2765; x_wconf 89' lang='lat' dir='ltr'><strong>editi</strong></span> <span class='ocrx_word' id='word_1_254' title='bbox 741 2736 820 2766; x_wconf 86' lang='lat' dir='ltr'><strong>ante</strong></span> <span class='ocrx_word' id='word_1_255' title='bbox 843 2732 982 2766; x_wconf 89' lang='lat' dir='ltr'><strong>Bekke-</strong></span> 
     </span>
     <span class='ocr_line' id='line_1_49' title="bbox 312 2777 980 2823; baseline -0.001 -11"><span class='ocrx_word' id='word_1_256' title='bbox 312 2789 409 2820; x_wconf 90' lang='lat' dir='ltr'><strong>rum,</strong></span> <span class='ocrx_word' id='word_1_257' title='bbox 433 2777 554 2823; x_wconf 89' lang='lat' dir='ltr'><strong>quide</strong></span> <span class='ocrx_word' id='word_1_258' title='bbox 579 2778 665 2812; x_wconf 92' lang='lat' dir='ltr'><strong>Ven.</strong></span> <span class='ocrx_word' id='word_1_259' title='bbox 689 2778 729 2812; x_wconf 94' lang='lat' dir='ltr'><strong>B.</strong></span> <span class='ocrx_word' id='word_1_260' title='bbox 756 2783 872 2819; x_wconf 89' lang='lat' dir='ltr'><strong>tacet,</strong></span> <span class='ocrx_word' id='word_1_261' title='bbox 895 2778 980 2812; x_wconf 91' lang='lat' dir='ltr'><strong>reli-</strong></span> 
     </span>
     <span class='ocr_line' id='line_1_50' title="bbox 312 2804 980 2870; baseline -0.001 -11"><span class='ocrx_word' id='word_1_262' title='bbox 312 2836 400 2870; x_wconf 90' lang='lat' dir='ltr'><strong>quos</strong></span> <span class='ocrx_word' id='word_1_263' title='bbox 445 2823 648 2859; x_wconf 72' lang='lat' dir='ltr'><strong>infinitiuun</strong></span> <span class='ocrx_word' id='word_1_264' title='bbox 696 2828 732 2858; x_wconf 88' lang='lat' dir='ltr'><strong>et</strong></span> <span class='ocrx_word' id='word_1_265' title='bbox 772 2804 980 2870; x_wconf 84' lang='lat' dir='ltr'><strong>particulam</strong></span> 
     </span>
    </p>
   </div>
   <div class='ocr_carea' id='block_1_11' title="bbox 1037 883 1704 1205">
    <p class='ocr_par' dir='ltr' id='par_1_14' title="bbox 1037 883 1704 1205">
     <span class='ocr_line' id='line_1_51' title="bbox 1040 883 1703 920; baseline 0.003 -2"><span class='ocrx_word' id='word_1_266' title='bbox 1040 884 1168 918; x_wconf 86' lang='lat' dir='ltr'><strong>habere</strong></span> <span class='ocrx_word' id='word_1_267' title='bbox 1212 887 1373 918; x_wconf 86' lang='lat' dir='ltr'><strong>testatur.</strong></span> <span class='ocrx_word' id='word_1_268' title='bbox 1442 883 1619 918; x_wconf 85' lang='lat' dir='ltr'><strong>Accedunt</strong></span> <span class='ocrx_word' id='word_1_269' title='bbox 1649 884 1703 920; x_wconf 78' lang='lat' dir='ltr'><strong>his</strong></span> 
     </span>
     <span class='ocr_line' id='line_1_52' title="bbox 1039 930 1704 989; baseline 0 -26"><span class='ocrx_word' id='word_1_270' title='bbox 1039 930 1230 965; x_wconf 88' lang='lat' dir='ltr'><strong>Florentini</strong></span> <span class='ocrx_word' id='word_1_271' title='bbox 1251 934 1385 975; x_wconf 88' lang='lat' dir='ltr'><strong>meique</strong></span> <span class='ocrx_word' id='word_1_272' title='bbox 1408 941 1535 964; x_wconf 89' lang='lat' dir='ltr'><strong>omnes.</strong></span> <span class='ocrx_word' id='word_1_273' title='bbox 1574 930 1704 989; x_wconf 72' lang='grc' dir='ltr'><strong><em>Βίροιι-</em></strong></span> 
     </span>
     <span class='ocr_line' id='line_1_53' title="bbox 1038 975 1702 1021; baseline 0 -11"><span class='ocrx_word' id='word_1_274' title='bbox 1038 976 1100 1010; x_wconf 87' lang='lat' dir='ltr'><strong>tini</strong></span> <span class='ocrx_word' id='word_1_275' title='bbox 1133 988 1176 1010; x_wconf 87' lang='lat' dir='ltr'><strong>ex</strong></span> <span class='ocrx_word' id='word_1_276' title='bbox 1208 977 1288 1011; x_wconf 83' lang='lat' dir='ltr'><strong>Par.</strong></span> <span class='ocrx_word' id='word_1_277' title='bbox 1322 977 1367 1010; x_wconf 90' lang='lat' dir='ltr'><strong>K.</strong></span> <span class='ocrx_word' id='word_1_278' title='bbox 1405 982 1536 1010; x_wconf 85' lang='lat' dir='ltr'><strong>tantum</strong></span> <span class='ocrx_word' id='word_1_279' title='bbox 1577 975 1702 1021; x_wconf 80' lang='grc' dir='ltr'><strong><em>ἴσχειν,</em></strong></span> 
     </span>
     <span class='ocr_line' id='line_1_54' title="bbox 1038 1020 1704 1056; baseline 0 0"><span class='ocrx_word' id='word_1_280' title='bbox 1038 1033 1106 1056; x_wconf 89' lang='lat' dir='ltr'><strong>non</strong></span> <span class='ocrx_word' id='word_1_281' title='bbox 1129 1024 1235 1056; x_wconf 85' lang='lat' dir='ltr'><strong>etiam</strong></span> <span class='ocrx_word' id='word_1_282' title='bbox 1258 1020 1335 1056; x_wconf 74' lang='grc' dir='ltr'><strong><em>αλλ’</em></strong></span> <span class='ocrx_word' id='word_1_283' title='bbox 1360 1027 1595 1056; x_wconf 78' lang='lat' dir='ltr'><strong>enotavemnt.</strong></span> <span class='ocrx_word' id='word_1_284' title='bbox 1643 1023 1704 1056; x_wconf 80' lang='lat' dir='ltr'><strong>F1-</strong></span> 
     </span>
     <span class='ocr_line' id='line_1_55' title="bbox 1039 1068 1703 1113; baseline 0.002 -10"><span class='ocrx_word' id='word_1_285' title='bbox 1039 1069 1134 1103; x_wconf 84' lang='lat' dir='ltr'><strong>cinus</strong></span> <span class='ocrx_word' id='word_1_286' title='bbox 1169 1069 1271 1113; x_wconf 83' lang='grc' dir='ltr'><strong><em>ἴσχον</em></strong></span> <span class='ocrx_word' id='word_1_287' title='bbox 1306 1069 1431 1113; x_wconf 83' lang='lat' dir='ltr'><strong>legisse</strong></span> <span class='ocrx_word' id='word_1_288' title='bbox 1453 1068 1613 1102; x_wconf 84' lang='lat' dir='ltr'><strong>videtur·</strong></span> <span class='ocrx_word' id='word_1_289' title='bbox 1647 1070 1703 1104; x_wconf 83' lang='lat' dir='ltr'><strong>ita</strong></span> 
     </span>
     <span class='ocr_line' id='line_1_56' title="bbox 1037 1116 1703 1161; baseline 0 -12"><span class='ocrx_word' id='word_1_290' title='bbox 1037 1120 1074 1150; x_wconf 86' lang='lat' dir='ltr'><strong>et</strong></span> <span class='ocrx_word' id='word_1_291' title='bbox 1092 1117 1156 1149; x_wconf 82' lang='lat' dir='ltr'><strong>hoc</strong></span> <span class='ocrx_word' id='word_1_292' title='bbox 1174 1127 1306 1161; x_wconf 74' lang='lat' dir='ltr'><strong>genus,</strong></span> <span class='ocrx_word' id='word_1_293' title='bbox 1327 1116 1475 1160; x_wconf 79' lang='lat' dir='ltr'><strong>propria</strong></span> <span class='ocrx_word' id='word_1_294' title='bbox 1490 1127 1579 1149; x_wconf 80' lang='lat' dir='ltr'><strong>nunc</strong></span> <span class='ocrx_word' id='word_1_295' title='bbox 1597 1117 1703 1149; x_wconf 79' lang='lat' dir='ltr'><strong>amis-</strong></span> 
     </span>
     <span class='ocr_line' id='line_1_57' title="bbox 1037 1162 1702 1205; baseline 0.002 -10"><span class='ocrx_word' id='word_1_296' title='bbox 1037 1172 1078 1195; x_wconf 84' lang='lat' dir='ltr'><strong>sa</strong></span> <span class='ocrx_word' id='word_1_297' title='bbox 1103 1163 1233 1196; x_wconf 84' lang='lat' dir='ltr'><strong>virtute</strong></span> <span class='ocrx_word' id='word_1_298' title='bbox 1253 1187 1264 1204; x_wconf 97' lang='lat'><strong>,</strong></span> <span class='ocrx_word' id='word_1_299' title='bbox 1308 1163 1346 1195; x_wconf 80' lang='lat' dir='ltr'><strong>in</strong></span> <span class='ocrx_word' id='word_1_300' title='bbox 1376 1162 1527 1196; x_wconf 80' lang='lat' dir='ltr'><strong>alienam</strong></span> <span class='ocrx_word' id='word_1_301' title='bbox 1556 1162 1702 1205; x_wconf 81' lang='lat' dir='ltr'><strong>speciem</strong></span> 
     </span>
    </p>
   </div>
   <div class='ocr_carea' id='block_1_12' title="bbox 1032 1207 1701 1252">
    <p class='ocr_par' dir='ltr' id='par_1_15' title="bbox 1032 1207 1701 1252">
     <span class='ocr_line' id='line_1_58' title="bbox 1032 1207 1701 1252; baseline 0.001 -11"><span class='ocrx_word' id='word_1_302' title='bbox 1032 1214 1266 1252; x_wconf 78' lang='lat' dir='ltr'><strong>permutatur.</strong></span> <span class='ocrx_word' id='word_1_303' title='bbox 1290 1207 1414 1252; x_wconf 88' lang='lat' dir='ltr'><strong>Neque</strong></span> <span class='ocrx_word' id='word_1_304' title='bbox 1428 1207 1544 1240; x_wconf 88' lang='lat' dir='ltr'><strong>Astius</strong></span> <span class='ocrx_word' id='word_1_305' title='bbox 1562 1207 1598 1241; x_wconf 89' lang='lat' dir='ltr'><strong>in</strong></span> <span class='ocrx_word' id='word_1_306' title='bbox 1621 1212 1701 1242; x_wconf 86' lang='lat' dir='ltr'><strong>tert.</strong></span> 
     </span>
    </p>
   </div>
   <div class='ocr_carea' id='block_1_13' title="bbox 1036 1253 1658 1377">
    <p class='ocr_par' dir='ltr' id='par_1_16' title="bbox 1036 1253 1658 1377">
     <span class='ocr_line' id='line_1_59' title="bbox 1036 1253 1573 1299; baseline 0 -12"><span class='ocrx_word' id='word_1_307' title='bbox 1036 1254 1090 1288; x_wconf 91' lang='lat' dir='ltr'><strong>ed.</strong></span> <span class='ocrx_word' id='word_1_308' title='bbox 1115 1254 1312 1288; x_wconf 86' lang='lat' dir='ltr'><strong>Bekkerum</strong></span> <span class='ocrx_word' id='word_1_309' title='bbox 1336 1253 1433 1299; x_wconf 89' lang='lat' dir='ltr'><strong>sequi</strong></span> <span class='ocrx_word' id='word_1_310' title='bbox 1455 1253 1573 1287; x_wconf 90' lang='lat' dir='ltr'><strong>voluit.</strong></span> 
     </span>
     <span class='ocr_line' id='line_1_60' title="bbox 1082 1318 1658 1377; baseline 0.003 -22"><span class='ocrx_word' id='word_1_311' title='bbox 1082 1318 1227 1377; x_wconf 75' lang='grc' dir='ltr'><strong><em>αὐτοῦ]</em></strong></span> <span class='ocrx_word' id='word_1_312' title='bbox 1253 1318 1315 1356; x_wconf 81' lang='lat' dir='ltr'><strong>ocv’.</strong></span> <span class='ocrx_word' id='word_1_313' title='bbox 1341 1321 1427 1357; x_wconf 86' lang='lat' dir='ltr'><strong>Lob.</strong></span> <span class='ocrx_word' id='word_1_314' title='bbox 1456 1322 1557 1356; x_wconf 86' lang='lat' dir='ltr'><strong>Vind.</strong></span> <span class='ocrx_word' id='word_1_315' title='bbox 1582 1322 1658 1358; x_wconf 76' lang='lat' dir='ltr'><strong>EF.</strong></span> 
     </span>
    </p>
   </div>
   <div class='ocr_carea' id='block_1_14' title="bbox 1035 1384 1728 2859">
    <p class='ocr_par' dir='ltr' id='par_1_17' title="bbox 1035 1384 1728 2582">
     <span class='ocr_line' id='line_1_61' title="bbox 1083 1384 1702 1436; baseline -0.002 -10"><span class='ocrx_word' id='word_1_316' title='bbox 1083 1384 1206 1436; x_wconf 73' lang='grc' dir='ltr'><strong><em>ἦθος]</em></strong></span> <span class='ocrx_word' id='word_1_317' title='bbox 1252 1392 1308 1425; x_wconf 80' lang='lat' dir='ltr'><strong>Ita</strong></span> <span class='ocrx_word' id='word_1_318' title='bbox 1338 1391 1418 1425; x_wconf 77' lang='lat' dir='ltr'><strong>Par.</strong></span> <span class='ocrx_word' id='word_1_319' title='bbox 1449 1391 1490 1424; x_wconf 82' lang='lat' dir='ltr'>A.</span> <span class='ocrx_word' id='word_1_320' title='bbox 1537 1392 1625 1426; x_wconf 79' lang='lat' dir='ltr'><strong>ven.</strong></span> <span class='ocrx_word' id='word_1_321' title='bbox 1661 1391 1702 1425; x_wconf 79' lang='lat' dir='ltr'><strong>c,</strong></span> 
     </span>
     <span class='ocr_line' id='line_1_62' title="bbox 1037 1437 1702 1482; baseline 0.002 -11"><span class='ocrx_word' id='word_1_322' title='bbox 1037 1438 1139 1471; x_wconf 84' lang='lat' dir='ltr'><strong>Vind.</strong></span> <span class='ocrx_word' id='word_1_323' title='bbox 1164 1438 1204 1471; x_wconf 84' lang='lat' dir='ltr'><strong>F.</strong></span> <span class='ocrx_word' id='word_1_324' title='bbox 1238 1439 1326 1482; x_wconf 90' lang='lat' dir='ltr'><strong>Ang.</strong></span> <span class='ocrx_word' id='word_1_325' title='bbox 1353 1437 1392 1470; x_wconf 89' lang='lat' dir='ltr'><strong>B.</strong></span> <span class='ocrx_word' id='word_1_326' title='bbox 1428 1437 1530 1472; x_wconf 91' lang='lat' dir='ltr'><strong>Stob.</strong></span> <span class='ocrx_word' id='word_1_327' title='bbox 1562 1438 1636 1472; x_wconf 89' lang='lat' dir='ltr'><strong>cod.</strong></span> <span class='ocrx_word' id='word_1_328' title='bbox 1660 1438 1702 1471; x_wconf 90' lang='lat' dir='ltr'><strong>A.</strong></span> 
     </span>
     <span class='ocr_line' id='line_1_63' title="bbox 1037 1480 1705 1529; baseline 0 -12"><span class='ocrx_word' id='word_1_329' title='bbox 1037 1483 1175 1529; x_wconf 87' lang='lat' dir='ltr'><strong>Reliqui</strong></span> <span class='ocrx_word' id='word_1_330' title='bbox 1207 1484 1340 1518; x_wconf 88' lang='lat' dir='ltr'><strong>codices</strong></span> <span class='ocrx_word' id='word_1_331' title='bbox 1372 1495 1447 1517; x_wconf 87' lang='lat' dir='ltr'><strong>cum</strong></span> <span class='ocrx_word' id='word_1_332' title='bbox 1479 1483 1581 1518; x_wconf 85' lang='lat' dir='ltr'><strong>editis</strong></span> <span class='ocrx_word' id='word_1_333' title='bbox 1605 1480 1705 1523; x_wconf 78' lang='grc' dir='ltr'><strong><em>εἶδος</em></strong></span> 
     </span>
     <span class='ocr_line' id='line_1_64' title="bbox 1037 1529 1706 1575; baseline 0 -12"><span class='ocrx_word' id='word_1_334' title='bbox 1037 1529 1188 1572; x_wconf 88' lang='lat' dir='ltr'><strong>habent,</strong></span> <span class='ocrx_word' id='word_1_335' title='bbox 1222 1530 1313 1575; x_wconf 89' lang='lat' dir='ltr'><strong>quod</strong></span> <span class='ocrx_word' id='word_1_336' title='bbox 1345 1529 1431 1563; x_wconf 86' lang='lat' dir='ltr'><strong>satis</strong></span> <span class='ocrx_word' id='word_1_337' title='bbox 1454 1530 1579 1564; x_wconf 89' lang='lat' dir='ltr'><strong>bonum</strong></span> <span class='ocrx_word' id='word_1_338' title='bbox 1602 1535 1638 1564; x_wconf 94' lang='lat' dir='ltr'><strong>et</strong></span> <span class='ocrx_word' id='word_1_339' title='bbox 1662 1530 1706 1563; x_wconf 80' lang='lat' dir='ltr'><strong>ad</strong></span> 
     </span>
     <span class='ocr_line' id='line_1_65' title="bbox 1037 1574 1706 1621; baseline -0.001 -11"><span class='ocrx_word' id='word_1_340' title='bbox 1037 1574 1143 1621; x_wconf 78' lang='grc' dir='ltr'><strong><em>γένος</em></strong></span> <span class='ocrx_word' id='word_1_341' title='bbox 1159 1577 1268 1621; x_wconf 84' lang='lat' dir='ltr'><strong>magis</strong></span> <span class='ocrx_word' id='word_1_342' title='bbox 1289 1576 1578 1610; x_wconf 82' lang='lat' dir='ltr'><strong>accommodatum</strong></span> <span class='ocrx_word' id='word_1_343' title='bbox 1596 1575 1706 1610; x_wconf 83' lang='lat' dir='ltr'><strong>videri</strong></span> 
     </span>
     <span class='ocr_line' id='line_1_66' title="bbox 1038 1622 1706 1676; baseline 0 -20"><span class='ocrx_word' id='word_1_344' title='bbox 1038 1635 1105 1657; x_wconf 92' lang='lat' dir='ltr'><strong>non</strong></span> <span class='ocrx_word' id='word_1_345' title='bbox 1129 1634 1227 1667; x_wconf 87' lang='lat' dir='ltr'><strong>nego.</strong></span> <span class='ocrx_word' id='word_1_346' title='bbox 1277 1623 1347 1656; x_wconf 86' lang='lat' dir='ltr'><strong>Sed</strong></span> <span class='ocrx_word' id='word_1_347' title='bbox 1366 1627 1481 1656; x_wconf 85' lang='lat' dir='ltr'><strong>tamen</strong></span> <span class='ocrx_word' id='word_1_348' title='bbox 1504 1622 1706 1676; x_wconf 72' lang='lat' dir='ltr'><strong>philosopha</strong></span> 
     </span>
     <span class='ocr_line' id='line_1_67' title="bbox 1036 1667 1705 1714; baseline 0 -12"><span class='ocrx_word' id='word_1_349' title='bbox 1036 1669 1168 1703; x_wconf 85' lang='lat' dir='ltr'><strong>indoles</strong></span> <span class='ocrx_word' id='word_1_350' title='bbox 1183 1695 1193 1710; x_wconf 88' lang='lat'><strong>,</strong></span> <span class='ocrx_word' id='word_1_351' title='bbox 1217 1667 1372 1714; x_wconf 82' lang='lat' dir='ltr'><strong>quamvis</strong></span> <span class='ocrx_word' id='word_1_352' title='bbox 1397 1668 1548 1702; x_wconf 85' lang='lat' dir='ltr'><strong>retinere</strong></span> <span class='ocrx_word' id='word_1_353' title='bbox 1573 1669 1640 1702; x_wconf 82' lang='lat' dir='ltr'><strong>vim</strong></span> <span class='ocrx_word' id='word_1_354' title='bbox 1664 1680 1705 1702; x_wconf 91' lang='lat' dir='ltr'><strong>ac</strong></span> 
     </span>
     <span class='ocr_line' id='line_1_68' title="bbox 1035 1715 1705 1759; baseline -0.001 -10"><span class='ocrx_word' id='word_1_355' title='bbox 1035 1715 1196 1749; x_wconf 84' lang='lat' dir='ltr'><strong>virtutem</strong></span> <span class='ocrx_word' id='word_1_356' title='bbox 1222 1726 1320 1749; x_wconf 85' lang='lat' dir='ltr'><strong>suam</strong></span> <span class='ocrx_word' id='word_1_357' title='bbox 1343 1720 1510 1759; x_wconf 87' lang='lat' dir='ltr'><strong>nequeat,</strong></span> <span class='ocrx_word' id='word_1_358' title='bbox 1535 1725 1705 1759; x_wconf 88' lang='lat' dir='ltr'><strong>nunquam</strong></span> 
     </span>
     <span class='ocr_line' id='line_1_69' title="bbox 1035 1760 1702 1805; baseline -0.003 -8.997"><span class='ocrx_word' id='word_1_359' title='bbox 1035 1761 1084 1796; x_wconf 87' lang='lat' dir='ltr'><strong>ita</strong></span> <span class='ocrx_word' id='word_1_360' title='bbox 1106 1761 1230 1795; x_wconf 85' lang='lat' dir='ltr'><strong>mutari</strong></span> <span class='ocrx_word' id='word_1_361' title='bbox 1253 1766 1388 1805; x_wconf 85' lang='lat' dir='ltr'><strong>potest,</strong></span> <span class='ocrx_word' id='word_1_362' title='bbox 1411 1764 1451 1794; x_wconf 89' lang='lat' dir='ltr'><strong>ut</strong></span> <span class='ocrx_word' id='word_1_363' title='bbox 1473 1760 1507 1794; x_wconf 91' lang='lat' dir='ltr'><strong>in</strong></span> <span class='ocrx_word' id='word_1_364' title='bbox 1531 1760 1620 1795; x_wconf 90' lang='lat' dir='ltr'><strong>aliud</strong></span> <span class='ocrx_word' id='word_1_365' title='bbox 1641 1772 1702 1805; x_wconf 89' lang='lat' dir='ltr'><strong>ge-</strong></span> 
     </span>
     <span class='ocr_line' id='line_1_70' title="bbox 1036 1808 1703 1852; baseline -0.002 -11"><span class='ocrx_word' id='word_1_366' title='bbox 1036 1819 1100 1841; x_wconf 90' lang='lat' dir='ltr'><strong>nus</strong></span> <span class='ocrx_word' id='word_1_367' title='bbox 1133 1808 1300 1852; x_wconf 88' lang='lat' dir='ltr'><strong>aliamque</strong></span> <span class='ocrx_word' id='word_1_368' title='bbox 1337 1810 1494 1841; x_wconf 84' lang='lat' dir='ltr'><strong>naturam</strong></span> <span class='ocrx_word' id='word_1_369' title='bbox 1535 1811 1703 1849; x_wconf 82' lang='lat' dir='ltr'><strong>transeat,</strong></span> 
     </span>
     <span class='ocr_line' id='line_1_71' title="bbox 1036 1852 1702 1898; baseline -0.002 -11"><span class='ocrx_word' id='word_1_370' title='bbox 1036 1865 1103 1888; x_wconf 90' lang='grc' dir='ltr'><strong><em>ιιοιι</em></strong></span> <span class='ocrx_word' id='word_1_371' title='bbox 1125 1853 1246 1898; x_wconf 87' lang='lat' dir='ltr'><strong>magis,</strong></span> <span class='ocrx_word' id='word_1_372' title='bbox 1269 1864 1372 1898; x_wconf 81' lang='lat' dir='ltr'><strong>quam</strong></span> <span class='ocrx_word' id='word_1_373' title='bbox 1391 1864 1433 1886; x_wconf 86' lang='lat' dir='ltr'><strong>ex</strong></span> <span class='ocrx_word' id='word_1_374' title='bbox 1454 1852 1582 1887; x_wconf 89' lang='lat' dir='ltr'><strong>semine</strong></span> <span class='ocrx_word' id='word_1_375' title='bbox 1600 1864 1702 1898; x_wconf 92' lang='lat' dir='ltr'><strong>pere-</strong></span> 
     </span>
     <span class='ocr_line' id='line_1_72' title="bbox 1037 1899 1703 1955; baseline 0 -22"><span class='ocrx_word' id='word_1_376' title='bbox 1037 1900 1136 1944; x_wconf 84' lang='lat' dir='ltr'><strong>grino</strong></span> <span class='ocrx_word' id='word_1_377' title='bbox 1170 1900 1349 1944; x_wconf 87' lang='lat' dir='ltr'><strong>indigenae</strong></span> <span class='ocrx_word' id='word_1_378' title='bbox 1391 1899 1530 1955; x_wconf 86' lang='lat' dir='ltr'><strong>plantae</strong></span> <span class='ocrx_word' id='word_1_379' title='bbox 1570 1899 1703 1943; x_wconf 87' lang='lat' dir='ltr'><strong>species</strong></span> 
     </span>
     <span class='ocr_line' id='line_1_73' title="bbox 1037 1942 1702 2002; baseline 0 -23"><span class='ocrx_word' id='word_1_380' title='bbox 1037 1945 1206 2002; x_wconf 84' lang='lat' dir='ltr'><strong>provenit.</strong></span> <span class='ocrx_word' id='word_1_381' title='bbox 1246 1946 1386 2002; x_wconf 89' lang='lat' dir='ltr'><strong>Itaque</strong></span> <span class='ocrx_word' id='word_1_382' title='bbox 1418 1944 1471 1985; x_wconf 83' lang='grc' dir='ltr'><strong>εἰς</strong></span> <span class='ocrx_word' id='word_1_383' title='bbox 1506 1942 1702 1989; x_wconf 71' lang='grc' dir='ltr'><strong><em>ἀλλότριον</em></strong></span> 
     </span>
     <span class='ocr_line' id='line_1_74' title="bbox 1038 1989 1703 2037; baseline -0.002 -11"><span class='ocrx_word' id='word_1_384' title='bbox 1038 1989 1138 2032; x_wconf 78' lang='grc' dir='ltr'><strong><em>εἶδος</em></strong></span> <span class='ocrx_word' id='word_1_385' title='bbox 1169 1989 1358 2025; x_wconf 87' lang='grc' dir='ltr'><strong><em>εκπίπτειν</em></strong></span> <span class='ocrx_word' id='word_1_386' title='bbox 1389 2002 1457 2025; x_wconf 89' lang='grc' dir='ltr'><strong><em>ιιοιι</em></strong></span> <span class='ocrx_word' id='word_1_387' title='bbox 1486 1991 1626 2037; x_wconf 84' lang='lat' dir='ltr'><strong>proprie</strong></span> <span class='ocrx_word' id='word_1_388' title='bbox 1649 1991 1703 2025; x_wconf 92' lang='lat' dir='ltr'><strong>di-</strong></span> 
     </span>
     <span class='ocr_line' id='line_1_75' title="bbox 1038 2037 1703 2082; baseline -0.003 -9"><span class='ocrx_word' id='word_1_389' title='bbox 1038 2044 1160 2079; x_wconf 88' lang='lat' dir='ltr'><strong>cetur,</strong></span> <span class='ocrx_word' id='word_1_390' title='bbox 1184 2038 1245 2072; x_wconf 88' lang='lat' dir='ltr'><strong>sed</strong></span> <span class='ocrx_word' id='word_1_391' title='bbox 1267 2037 1519 2082; x_wconf 86' lang='lat' dir='ltr'><strong>metaphorice,</strong></span> <span class='ocrx_word' id='word_1_392' title='bbox 1542 2038 1577 2071; x_wconf 91' lang='lat' dir='ltr'><strong>in</strong></span> <span class='ocrx_word' id='word_1_393' title='bbox 1603 2037 1703 2071; x_wconf 88' lang='lat' dir='ltr'><strong>alieni</strong></span> 
     </span>
     <span class='ocr_line' id='line_1_76' title="bbox 1037 2084 1702 2139; baseline 0 -21"><span class='ocrx_word' id='word_1_394' title='bbox 1037 2084 1172 2139; x_wconf 71' lang='lat' dir='ltr'><strong>generis</strong></span> <span class='ocrx_word' id='word_1_395' title='bbox 1191 2084 1440 2118; x_wconf 86' lang='lat' dir='ltr'><strong>similitudinem</strong></span> <span class='ocrx_word' id='word_1_396' title='bbox 1459 2085 1573 2127; x_wconf 84' lang='lat' dir='ltr'><strong>abire3</strong></span> <span class='ocrx_word' id='word_1_397' title='bbox 1598 2088 1702 2129; x_wconf 83' lang='lat' dir='ltr'><strong>atque</strong></span> 
     </span>
     <span class='ocr_line' id='line_1_77' title="bbox 1035 2129 1705 2186; baseline -0.001 -22"><span class='ocrx_word' id='word_1_398' title='bbox 1035 2132 1073 2164; x_wconf 90' lang='lat' dir='ltr'><strong>id</strong></span> <span class='ocrx_word' id='word_1_399' title='bbox 1095 2130 1206 2186; x_wconf 81' lang='lat' dir='ltr'><strong>ipsum</strong></span> <span class='ocrx_word' id='word_1_400' title='bbox 1239 2129 1394 2186; x_wconf 87' lang='lat' dir='ltr'><strong>proprie</strong></span> <span class='ocrx_word' id='word_1_401' title='bbox 1413 2130 1540 2164; x_wconf 89' lang='lat' dir='ltr'><strong>dictum</strong></span> <span class='ocrx_word' id='word_1_402' title='bbox 1567 2133 1620 2165; x_wconf 86' lang='lat' dir='ltr'><strong>est</strong></span> <span class='ocrx_word' id='word_1_403' title='bbox 1653 2129 1705 2169; x_wconf 83' lang='grc' dir='ltr'><strong>εἰς</strong></span> 
     </span>
     <span class='ocr_line' id='line_1_78' title="bbox 1037 2172 1706 2221; baseline -0.001 -10"><span class='ocrx_word' id='word_1_404' title='bbox 1037 2175 1235 2221; x_wconf 74' lang='grc' dir='ltr'><strong><em>ἀλλότριον</em></strong></span> <span class='ocrx_word' id='word_1_405' title='bbox 1253 2175 1354 2220; x_wconf 78' lang='grc' dir='ltr'><strong><em>η’θος</em></strong></span> <span class='ocrx_word' id='word_1_406' title='bbox 1377 2172 1581 2220; x_wconf 76' lang='grc' dir='ltr'><strong><em>ἐκπίπτειν,</em></strong></span> <span class='ocrx_word' id='word_1_407' title='bbox 1606 2188 1628 2210; x_wconf 89' lang='lat' dir='ltr'><strong>a</strong></span> <span class='ocrx_word' id='word_1_408' title='bbox 1651 2176 1706 2210; x_wconf 89' lang='lat' dir='ltr'><strong>sui</strong></span> 
     </span>
     <span class='ocr_line' id='line_1_79' title="bbox 1039 2202 1707 2268; baseline -0.001 -11"><span class='ocrx_word' id='word_1_409' title='bbox 1039 2223 1173 2268; x_wconf 88' lang='lat' dir='ltr'><strong>generis</strong></span> <span class='ocrx_word' id='word_1_410' title='bbox 1210 2234 1305 2256; x_wconf 83' lang='lat' dir='ltr'><strong>more</strong></span> <span class='ocrx_word' id='word_1_411' title='bbox 1340 2222 1532 2256; x_wconf 87' lang='lat' dir='ltr'><strong>desciscere</strong></span> <span class='ocrx_word' id='word_1_412' title='bbox 1556 2202 1591 2256; x_wconf 66' lang='lat' dir='ltr'><strong>e&#39;t</strong></span> <span class='ocrx_word' id='word_1_413' title='bbox 1623 2222 1707 2256; x_wconf 87' lang='lat' dir='ltr'><strong>alie-</strong></span> 
     </span>
     <span class='ocr_line' id='line_1_80' title="bbox 1039 2268 1728 2304; baseline -0.003 0"><span class='ocrx_word' id='word_1_414' title='bbox 1039 2281 1119 2304; x_wconf 89' lang='lat' dir='ltr'><strong>num</strong></span> <span class='ocrx_word' id='word_1_415' title='bbox 1151 2269 1302 2303; x_wconf 87' lang='lat' dir='ltr'><strong>induere.</strong></span> <span class='ocrx_word' id='word_1_416' title='bbox 1360 2268 1524 2302; x_wconf 89' lang='lat' dir='ltr'><strong>Ceterum</strong></span> <span class='ocrx_word' id='word_1_417' title='bbox 1546 2269 1728 2303; x_wconf 87' lang='lat' dir='ltr'><strong>Budaeus·</strong></span> 
     </span>
     <span class='ocr_line' id='line_1_81' title="bbox 1040 2315 1705 2351; baseline -0.002 -1"><span class='ocrx_word' id='word_1_418' title='bbox 1040 2325 1158 2351; x_wconf 89' lang='lat' dir='ltr'><strong>comm.</strong></span> <span class='ocrx_word' id='word_1_419' title='bbox 1221 2315 1340 2351; x_wconf 87' lang='lat'><strong>745.</strong></span> <span class='ocrx_word' id='word_1_420' title='bbox 1374 2315 1426 2349; x_wconf 88' lang='lat' dir='ltr'><strong>ed.</strong></span> <span class='ocrx_word' id='word_1_421' title='bbox 1458 2315 1566 2350; x_wconf 84' lang='lat' dir='ltr'><strong>Basil.</strong></span> <span class='ocrx_word' id='word_1_422' title='bbox 1602 2316 1705 2351; x_wconf 88' lang='lat'>1556.</span> 
     </span>
     <span class='ocr_line' id='line_1_82' title="bbox 1040 2361 1706 2410; baseline -0.003 -14"><span class='ocrx_word' id='word_1_423' title='bbox 1040 2363 1129 2396; x_wconf 91' lang='lat' dir='ltr'><strong>hunc</strong></span> <span class='ocrx_word' id='word_1_424' title='bbox 1165 2362 1275 2396; x_wconf 90' lang='lat' dir='ltr'><strong>locum</strong></span> <span class='ocrx_word' id='word_1_425' title='bbox 1305 2361 1448 2396; x_wconf 87' lang='lat' dir='ltr'><strong>laudans</strong></span> <span class='ocrx_word' id='word_1_426' title='bbox 1490 2361 1604 2396; x_wconf 89' lang='lat' dir='ltr'><strong>nescio</strong></span> <span class='ocrx_word' id='word_1_427' title='bbox 1628 2371 1706 2410; x_wconf 85' lang='lat' dir='ltr'><strong>qua</strong></span> 
     </span>
     <span class='ocr_line' id='line_1_83' title="bbox 1040 2404 1709 2464; baseline -0.003 -22"><span class='ocrx_word' id='word_1_428' title='bbox 1040 2408 1250 2443; x_wconf 86' lang='lat' dir='ltr'><strong>auctoritate</strong></span> <span class='ocrx_word' id='word_1_429' title='bbox 1285 2407 1338 2447; x_wconf 86' lang='grc' dir='ltr'><strong>εἰς</strong></span> <span class='ocrx_word' id='word_1_430' title='bbox 1371 2404 1567 2464; x_wconf 73' lang='grc' dir='ltr'><strong><em>ἀλλότριον</em></strong></span> <span class='ocrx_word' id='word_1_431' title='bbox 1609 2404 1709 2446; x_wconf 81' lang='grc' dir='ltr'><strong><em>εἶδος</em></strong></span> 
     </span>
     <span class='ocr_line' id='line_1_84' title="bbox 1040 2451 1708 2499; baseline -0.001 -11"><span class='ocrx_word' id='word_1_432' title='bbox 1040 2455 1111 2499; x_wconf 85' lang='grc' dir='ltr'><strong><em>τῆς</em></strong></span> <span class='ocrx_word' id='word_1_433' title='bbox 1146 2454 1337 2494; x_wconf 83' lang='grc' dir='ltr'><strong><em>πολιτείας</em></strong></span> <span class='ocrx_word' id='word_1_434' title='bbox 1364 2451 1529 2488; x_wconf 79' lang='grc' dir='ltr'><strong><em>ἐκπίπτει</em></strong></span> <span class='ocrx_word' id='word_1_435' title='bbox 1559 2453 1708 2498; x_wconf 88' lang='lat' dir='ltr'><strong>scripsit,</strong></span> 
     </span>
     <span class='ocr_line' id='line_1_85' title="bbox 1040 2499 1708 2547; baseline 0 -13"><span class='ocrx_word' id='word_1_436' title='bbox 1040 2500 1133 2547; x_wconf 88' lang='lat' dir='ltr'><strong>quod</strong></span> <span class='ocrx_word' id='word_1_437' title='bbox 1156 2512 1295 2546; x_wconf 83' lang='lat' dir='ltr'><strong>prorsus</strong></span> <span class='ocrx_word' id='word_1_438' title='bbox 1319 2501 1472 2546; x_wconf 88' lang='lat' dir='ltr'><strong>ineptum</strong></span> <span class='ocrx_word' id='word_1_439' title='bbox 1494 2503 1549 2534; x_wconf 85' lang='lat' dir='ltr'><strong>est</strong></span> <span class='ocrx_word' id='word_1_440' title='bbox 1573 2499 1708 2534; x_wconf 81' lang='lat' dir='ltr'><strong>addita-</strong></span> 
     </span>
     <span class='ocr_line' id='line_1_86' title="bbox 1039 2552 1199 2582; baseline -0.013 0"><span class='ocrx_word' id='word_1_441' title='bbox 1039 2552 1199 2582; x_wconf 88' lang='lat' dir='ltr'><strong>mentum.</strong></span> 
     </span>
    </p>

    <p class='ocr_par' dir='ltr' id='par_1_18' title="bbox 1039 2589 1707 2719">
     <span class='ocr_line' id='line_1_87' title="bbox 1087 2589 1707 2635; baseline -0.005 -8"><span class='ocrx_word' id='word_1_442' title='bbox 1087 2590 1291 2635; x_wconf 76' lang='grc' dir='ltr'><strong><em>ἐκπίπτειν]</em></strong></span> <span class='ocrx_word' id='word_1_443' title='bbox 1317 2589 1484 2626; x_wconf 72' lang='grc' dir='ltr'><strong><em>ἐκπίπτει</em></strong></span> <span class='ocrx_word' id='word_1_444' title='bbox 1501 2590 1586 2625; x_wconf 90' lang='lat' dir='ltr'><strong>Lob.</strong></span> <span class='ocrx_word' id='word_1_445' title='bbox 1607 2590 1707 2624; x_wconf 88' lang='lat' dir='ltr'><strong>Vind.</strong></span> 
     </span>
     <span class='ocr_line' id='line_1_88' title="bbox 1041 2636 1706 2675; baseline 0 -3"><span class='ocrx_word' id='word_1_446' title='bbox 1041 2639 1116 2673; x_wconf 79' lang='lat' dir='ltr'><strong>BE.</strong></span> <span class='ocrx_word' id='word_1_447' title='bbox 1152 2640 1234 2675; x_wconf 75' lang='lat' dir='ltr'><strong>vat.</strong></span> <span class='ocrx_word' id='word_1_448' title='bbox 1257 2639 1374 2674; x_wconf 86' lang='lat' dir='ltr'>BHM.</span> <span class='ocrx_word' id='word_1_449' title='bbox 1401 2639 1488 2672; x_wconf 90' lang='lat' dir='ltr'><strong>Ven.</strong></span> <span class='ocrx_word' id='word_1_450' title='bbox 1512 2637 1587 2673; x_wconf 86' lang='lat' dir='ltr'><strong>BC.</strong></span> <span class='ocrx_word' id='word_1_451' title='bbox 1611 2636 1706 2672; x_wconf 88' lang='lat' dir='ltr'><strong>Flor.</strong></span> 
     </span>
     <span class='ocr_line' id='line_1_89' title="bbox 1039 2685 1213 2720; baseline -0.006 -1"><span class='ocrx_word' id='word_1_452' title='bbox 1039 2685 1213 2720; x_wconf 90' lang='lat' dir='ltr'>ACTUV.</span> 
     </span>
    </p>

    <p class='ocr_par' dir='ltr' id='par_1_19' title="bbox 1084 2711 1603 2787">
     <span class='ocr_line' id='line_1_90' title="bbox 1084 2711 1603 2787; baseline -0.006 -21"><span class='ocrx_word' id='word_1_453' title='bbox 1084 2730 1196 2787; x_wconf 85' lang='grc' dir='ltr'><strong><em>τότε]</em></strong></span> <span class='ocrx_word' id='word_1_454' title='bbox 1220 2742 1311 2766; x_wconf 90' lang='grc' dir='ltr'><strong><em>ποτε</em></strong></span> <span class='ocrx_word' id='word_1_455' title='bbox 1335 2731 1433 2765; x_wconf 86' lang='lat' dir='ltr'><strong>Stob.</strong></span> <span class='ocrx_word' id='word_1_456' title='bbox 1459 2711 1534 2764; x_wconf 86' lang='lat' dir='ltr'><strong>cod.</strong></span> <span class='ocrx_word' id='word_1_457' title='bbox 1559 2730 1603 2763; x_wconf 93' lang='lat' dir='ltr'><strong>A.</strong></span> 
     </span>
    </p>

    <p class='ocr_par' dir='ltr' id='par_1_20' title="bbox 1038 2775 1702 2859">
     <span class='ocr_line' id='line_1_91' title="bbox 1084 2775 1702 2824; baseline -0.003 -12"><span class='ocrx_word' id='word_1_458' title='bbox 1084 2776 1172 2824; x_wconf 80' lang='grc' dir='ltr'><strong><em>μὲν]</em></strong></span> <span class='ocrx_word' id='word_1_459' title='bbox 1196 2775 1265 2822; x_wconf 85' lang='grc' dir='ltr'><strong><em>μέν</em></strong></span> <span class='ocrx_word' id='word_1_460' title='bbox 1292 2790 1329 2812; x_wconf 87' lang='grc' dir='ltr'><strong>τι</strong></span> <span class='ocrx_word' id='word_1_461' title='bbox 1362 2777 1442 2812; x_wconf 78' lang='lat' dir='ltr'><strong>Par.</strong></span> <span class='ocrx_word' id='word_1_462' title='bbox 1468 2776 1514 2812; x_wconf 79' lang='lat' dir='ltr'><strong>K.</strong></span> <span class='ocrx_word' id='word_1_463' title='bbox 1548 2776 1621 2810; x_wconf 87' lang='lat' dir='ltr'>Ast.</span> <span class='ocrx_word' id='word_1_464' title='bbox 1651 2786 1702 2822; x_wconf 88' lang='lat' dir='ltr'><strong>pr.</strong></span> 
     </span>
     <span class='ocr_line' id='line_1_92' title="bbox 1038 2835 1107 2859; baseline 0 -1"><span class='ocrx_word' id='word_1_465' title='bbox 1038 2835 1107 2859; x_wconf 89' lang='lat' dir='ltr'><strong>sec.</strong></span> 
     </span>
    </p>
   </div>
  </div>
 </body>
</html>
