1807 3219
321 124 405 163 180
780 112 1256 158 PLATONIS

325 229 581 288 φιλοσόφου
610 227 788 285 φύσεως
824 228 947 285 μέρη,
980 226 1086 272 ὅταν
1115 227 1162 270 ἐν
1190 227 1304 282 κακῇ
1332 226 1477 279 τροφῇ
1511 221 1701 278 γένηται,

324 302 441 343 α’ίτια
470 297 638 354 τρόπον
669 298 769 341 τινα
807 301 889 341 τοῦ
926 298 1123 341 ἐκπεσεῖν
1162 293 1209 337 ἐκ
1239 295 1321 336 τοῦ
1351 288 1700 346 ἐπιτηδεύματος,

322 369 397 412 καὶ
426 366 479 410 τὰ
509 365 721 422 λεγόμενα
751 364 925 421 ἀγαθοὶ,
956 364 1140 409 πλοῦτοί
1168 377 1213 405 τε
1242 360 1315 404 καὶ
1343 362 1461 403 πᾶσα
1489 356 1517 415 ἡ
1548 357 1700 402 τοιαύ-

323 453 375 491 τη
415 432 693 489 παρασκευή;
757 433 820 477 Οὐ
859 432 967 490 γὰρ,
1018 431 1119 476 ἀλλ’
1155 429 1322 486 ὀρθῶς,
1378 428 1485 484 ἔφη,
1536 426 1702 484 ἐλέχθη.

330 498 471 554 Οὗτος
500 503 577 559 δὴ,
619 500 768 554 εἶπον,
808 503 842 546 ὦ
883 499 1137 555 θαυμάσιε,
1186 496 1371 552 ὄλεθρός
1406 511 1452 539 τε
1494 495 1567 538 καὶ
1606 497 1701 538 δια-

260 577 296 618 Β
328 571 483 629 φθορὰ
519 569 708 627 τοσαύτη
748 585 792 613 τε
830 570 904 613 καὶ
943 567 1123 623 τοιαύτη
1162 571 1238 624 τῆς
1279 566 1500 622 βελτίστης
1530 562 1704 619 φύσεως

323 643 383 692 εἰς
412 641 461 684 τὸ
493 638 675 694 ἄριστον
705 637 990 694 ἐπιτήδευμα,
1033 635 1180 692 ὀλίγης
1217 635 1292 679 καὶ
1330 633 1470 684 ἄλλως
1499 631 1703 688 γιγνομέ-

321 726 424 766 νης,
467 709 526 760 ὦς
563 706 684 764 ἡμεῖς
719 707 876 764 φαμέν.
919 706 993 750 καὶ
1030 704 1076 748 ἐκ
1114 702 1285 747 τούτων
1324 702 1376 760 δὴ
1406 705 1496 745 τῶν
1526 701 1704 756 ἀνδρῶν

323 779 395 822 καὶ
426 779 471 820 οἱ
499 775 551 820 τὰ
582 775 761 833 μέγιστα
789 773 903 820 κακὰ
933 770 1215 830 ἐργαζόμενοι
1244 769 1322 822 τοὶς
1349 770 1496 822 πόλεις
1529 772 1705 827 γίγνον-

324 863 395 890 ται
423 847 497 890 καὶ
525 862 628 896 τους
658 843 866 897 ἰδιώτας,
925 843 998 885 καὶ
1041 858 1084 884 οι
1123 836 1327 895 ταγαθὰ,
1389 842 1432 882 οὶ
1472 839 1528 882 ἂν
1567 837 1705 895 ταύτῃ

325 913 487 970 τύχωσι
519 914 715 969 ῥυέντες·
761 909 931 992 σμικρα,
953 911 1000 954 δὲ
1030 909 1162 966 φύσις
1195 907 1328 952 ου’δὲν
1357 907 1466 963 μέγα
1497 905 1705 950 οὐδέποτε

327 980 487 1026 οὐδένα
527 979 629 1024 οὔτε
668 980 848 1036 ἰδιώτην
886 977 985 1023 οὔτε
1022 977 1154 1021 πόλιν
1185 979 1280 1035 δρα.
1335 975 1644 1033 Ἀληθέστατα,
1677 969 1705 1031 ἦ

263 1051 295 1093 C
324 1049 369 1094 δ’
399 1048 461 1101 ὅς.
525 1043 661 1092 Οὗτοι
701 1047 781 1104 μὲν
818 1046 871 1104 δὴ
908 1046 1050 1097 οὕτως
1087 1045 1387 1096 ἐκπίπτοντες,
1428 1047 1493 1095 οἱς
1520 1042 1707 1099 μάλιστα

322 1173 490 1254 Γικακγὲ]
540 1176 620 1219 post
661 1172 786 1219 τροφῇ
831 1171 924 1206 Mon.
947 1172 989 1205 Β.

336 1228 345 1245 ⁴
370 1232 419 1254 or.
482 1245 489 1252 .

368 1265 540 1310 γένηται]
567 1265 658 1299 Huic
680 1265 717 1298 in
740 1265 842 1301 Vind.
860 1265 904 1298 F.
927 1264 989 1298 int.

322 1324 413 1346 vers.
443 1324 463 1345 a
487 1324 528 1345 m.
554 1322 582 1346 5.
605 1322 645 1354 γε
667 1312 927 1356 praescriptum.

323 1358 496 1438 1Πὲιῖτια]
519 1357 640 1437 ἕίιξιιὲα
676 1357 775 1393 Vind.
800 1358 877 1392 EF.
909 1357 988 1391 Par.

426 1415 482 1437 sec
552 1416 569 1436 e

368 1447 534 1505 τρόπον]
572 1446 716 1494 τρόπου
740 1448 815 1482 Ald.
851 1448 930 1483 Bas.
954 1459 986 1482 a.

322 1494 442 1553 τρόπις
468 1497 549 1530 Bas.
573 1499 605 1529 b.

369 1540 450 1576 ἐπιτ
452 1539 706 1585 ηδεύματος,]
746 1536 988 1583 ἐπιτηδεύμα-

322 1599 411 1630 τος,·
435 1588 554 1632 Steph.
578 1587 687 1620 Bekk.
713 1586 834 1619 Stallb.

367 1633 549 1677 πλοῦτοί]
576 1634 729 1666 πλουτεῖ
750 1632 852 1667 Vind.
875 1632 918 1665 F.

369 1677 616 1725 παρασκευή]
657 1675 873 1723 παρασκεῦη
914 1677 990 1712 Α1(].

322 1727 458 1827 BaZv'a]
485 1783 530 1805 ov
558 1770 650 1826 Mon.
669 1771 709 1804 Β.
734 1769 810 1803 Ald.
834 1770 915 1803 Bas.
937 1770 990 1803 ab.

373 1815 468 1862 γάρ,
479 1817 492 1861 ]
537 1814 854 1862 yd9=Vi1¹d·E
901 1812 993 1859 γᾶρς

328 1864 429 1903 Vind.
452 1844 493 1897 Β.

374 1907 444 1954 δή]
472 1921 536 1943 om
561 1909 638 1943 Fic.

375 1952 597 2010 διαφθορά]
625 1950 759 1998 φθορα
786 1954 876 1987 Mon.
901 1954 942 1986 B.

372 1999 537 2045 τοσαύτη
556 2012 595 2034 τε
616 1999 679 2034 καὶ
699 1997 881 2043 τοιαυτη]
908 2000 992 2034 talis

329 2062 371 2084 ac
385 2054 490 2083 tanta
509 2048 586 2082 Fic.
620 2058 660 2080 τε
684 2059 748 2082 om.
766 2046 845 2079 Par.
866 2045 910 2078 K.

375 2090 548 2138 αριστον]
588 2090 765 2138 οἷόριστον
798 2095 877 2126 ante
901 2102 987 2125 corr.

329 2141 427 2178 Vind.
454 2140 498 2174 F.

373 2183 643 2230 ε’πιτήδενμοι,]
693 2184 878 2229 Perperam
910 2183 990 2216 Ste-

326 2233 458 2278 phanus
492 2244 528 2277 p.
561 2233 617 2266 23.
652 2242 783 2263 comma
813 2229 991 2262 delendum

327 2282 464 2319 censet,
497 2281 537 2311 ut
569 2276 797 2331 intelligamus
828 2271 991 2331 γιγνομὲ-

326 2337 394 2368 νης
416 2321 539 2367 ὀλίγης
558 2323 610 2363 εις
631 2319 674 2356 τό
697 2332 864 2377 αριστον
869 2317 992 2363 ε’πιτή-

328 2372 420 2413 δευμ
424 2382 457 2403 οι.
517 2370 631 2403 Verba
663 2367 715 2406 εἰς
751 2365 795 2401 τὸ
840 2363 993 2410 ἄριστον

329 2414 556 2471 ἐπιτηδευμα
586 2415 629 2449 ad
662 2410 821 2458 ὄλεθρος
854 2417 889 2446 et
913 2412 993 2446 δια-

328 2459 462 2506 φθοροὲ
489 2461 670 2495 referenda
690 2471 767 2493 esse
781 2471 882 2505 quum
900 2459 993 2502 ipso—

328 2521 401 2542 lum
425 2507 603 2541 collocatio
623 2506 782 2547 ostendit,
806 2508 877 2538 tum
891 2516 994 2549 prae—

327 2554 506 2599 positionis
530 2553 583 2593 εἰς
607 2564 687 2586 usus
721 2555 756 2585 et
787 2550 994 2595 significatio

328 2601 440 2633 docet.

376 2643 523 2701 ολίγης]
551 2657 615 2678 om.
644 2643 739 2677 Flor.
764 2643 808 2677 T.

374 2690 439 2725 καὶ
461 2688 602 2734 α’λλως]
630 2691 815 2724 admodum
838 2689 914 2723 Fic.

376 2735 529 2791 φαμέν]
550 2738 697 2770 diximus
719 2736 820 2769 idem.

375 2782 439 2818 καὶ
465 2779 557 2822 τοὺς
593 2780 769 2826 ἰδιωτας]
812 2793 875 2815 om.
912 2780 990 2815 Par.

1046 1169 1123 1204 DK.
1149 1169 1248 1203 Mon.
1266 1170 1307 1203 Β.
1330 1169 1426 1204 Flor.
1450 1168 1495 1202 U.
1529 1167 1593 1202 καὶ
1618 1163 1709 1207 τοῦς

1047 1215 1210 1260 ἱδρῶτας
1232 1216 1318 1250 Lob.
1342 1216 1444 1252 Vind.
1469 1216 1510 1250 B.
1534 1214 1707 1252 Vat.BM.

1047 1264 1131 1299 Ven.
1147 1263 1199 1296 C.

1094 1307 1130 1342 οἱ
1157 1305 1338 1352 τάγαθὰ]
1375 1305 1418 1341 οἷ
1441 1303 1521 1365 τᾶγ.
1556 1308 1636 1342 Vat.
1669 1305 1709 1340 B.

1045 1356 1131 1389 Ven.
1154 1356 1196 1389 Β.
1221 1356 1299 1390 Pa1.
1325 1355 1366 1388 D.
1393 1350 1476 1387 οἵτ’
1494 1349 1709 1397 οἷγαθοὶΑΙᾱ.

1045 1401 1125 1435 Bas.
1152 1402 1207 1435 ab.
1238 1399 1275 1435 οὶ
1295 1397 1375 1444 τοῖγ.
1397 1400 1602 1442 Stephanus,
1624 1411 1710 1442 quo-

1045 1448 1121 1480 cum
1144 1447 1323 1480 Bekkerus
1346 1447 1432 1489 Ang.
1457 1447 1498 1479 Β.
1523 1446 1601 1480 vat.
1623 1445 1709 1479 HM.

1046 1496 1080 1526 et
1103 1493 1196 1526 Mon.
1214 1494 1255 1526 B.
1282 1492 1473 1525 consentire
1497 1491 1623 1533 tradit3
1648 1491 1710 1525 sed

1045 1539 1081 1572 in
1105 1538 1197 1574 Mon.
1224 1537 1260 1572 οὶ
1276 1534 1324 1571 τοὶ
1344 1534 1474 1581 οἷ’γαθοὶ
1499 1537 1648 1582 legitur,
1674 1540 1711 1570 et

1047 1583 1084 1618 οἱ
1107 1585 1173 1618 mei
1197 1596 1312 1618 omnes
1334 1584 1471 1617 habent.

1093 1629 1132 1665 οἳ
1163 1627 1231 1676 ὃὶν]
1271 1627 1353 1664 οἷον
1385 1630 1486 1665 Vind.
1511 1628 1555 1664 F.
1597 1626 1637 1663 οἵ
1662 1623 1710 1663 ὂὶν

1047 1677 1126 1710 Par.
1151 1677 1196 1711 K.
1221 1688 1290 1711 sec.
1314 1676 1424 1709 Bekk.
1447 1676 1523 1710 Ald.
1546 1676 1626 1709 Bas.
1653 1676 1708 1708 ab.

1047 1723 1137 1756 unde
1147 1721 1387 1778 Stephanus
1378 1734 1412 1755 m
1435 1733 1478 1755 m.
1505 1721 1648 1755 coniecit
1672 1717 1716 1754 οἵ

1049 1769 1103 1802 vel
1135 1768 1158 1814 ᾖ
1200 1765 1248 1802 οὶν
1281 1765 1444 1811 τύχωσι,
1478 1765 1606 1813 ταύτῃ.
1641 1778 1711 1811 qua

1048 1815 1233 1849 mutatione
1267 1826 1365 1859 opus-
1385 1825 1452 1848 non
1485 1826 1562 1848 esse
1593 1813 1710 1847 Astius

1048 1861 1183 1902 docuit,
1229 1864 1324 1894 recte
1370 1871 1505 1894 sensum
1549 1860 1712 1904 vulgatae

1048 1907 1136 1940 hunc
1159 1886 1356 1941 d’eclarans:
1381 1907 1412 1940 si
1444 1908 1503 1951 qui
1527 1908 1627 1949 forte
1644 1907 1710 1939 huc

1049 1953 1116 1995 (ad
1134 1955 1255 1987 bonum
1276 1958 1310 1987 et
1332 1953 1510 1996 virtutem)
1528 1955 1708 1995 feruntur.

1046 1999 1161 2033 Minus
1206 2002 1302 2032 recte
1355 1998 1711 2039 Schleiermacherus3

1046 2057 1156 2089 neque
1178 2045 1321 2079 F1c1nus
1343 2045 1429 2077 haec
1461 2044 1544 2077 satis
1578 2043 1712 2076 intelle-

1046 2091 1138 2124 xisse
1164 2091 1320 2132 videtur,
1353 2091 1460 2123 verba
1490 2088 1554 2123 και
1579 2088 1616 2123 οι
1642 2086 1709 2133 7:02-

1043 2134 1149 2181 γαθὰ
1172 2148 1281 2182 usque
1305 2135 1348 2170 ad
1367 2133 1514 2180 ρνέντες
1533 2136 1582 2169 ita
1602 2129 1712 2169 inter-

1045 2185 1227 2237 pretatlis.
1257 2187 1361 2226 atque
1380 2183 1462 2216 item
1483 2183 1542 2226 qui
1569 2187 1647 2216 sunt
1677 2186 1711 2216 et

1044 2230 1196 2274 privatis
1208 2234 1242 2263 ct
1261 2229 1458 2262 civitatibus
1478 2230 1641 2262 bonorum
1658 2228 1712 2262 ἰη-

1047 2276 1205 2329 gentium
1226 2280 1394 2308 auctores.

1095 2318 1230 2364 φύσις]
1259 2317 1385 2364 φύσαν
1407 2320 1493 2363 Aug.
1518 2320 1559 2353 B.

1094 2367 1182 2410 μὲν]
1220 2379 1284 2400 om.
1311 2366 1398 2399 Lob.
1422 2365 1521 2402 Vind.
1546 2366 1586 2399 Β.
1620 2364 1713 2399 Mon.

1049 2413 1090 2446 B.
1126 2414 1206 2448 Vat.
1230 2413 1310 2446 ΒΜ.
1344 2413 1429 2446 Ven.
1456 2412 1496 2445 C.
1531 2411 1609 2445 Par.
1634 2411 1711 2444 DK.

1049 2470 1118 2492 see.
1142 2458 1250 2491 Bekk.
1276 2458 1371 2491 Flor.
1396 2458 1440 2491 U.

1096 2501 1290 2548 προσήκει]
1326 2500 1373 2537 ου’
1402 2514 1462 2546 πρ.
1486 2502 1571 2535 Lob.
1607 2501 1706 2538 Vind.
1725 2491 1756 2533 C

1051 2551 1091 2584 B.
1124 2552 1202 2585 Vat.
1237 2550 1285 2583 M.
1327 2550 1417 2595 quod
1454 2559 1570 2581 verum
1613 2551 1714 2592 putat

1053 2596 1316 2630 Stallbaumius:
1343 2594 1491 2637 „etenim
1513 2594 1571 2627 vix
1590 2606 1631 2627 ex
1651 2606 1713 2627 an-

1051 2642 1285 2675 tecedentibus
1308 2642 1420 2675 τοῦτο
1449 2638 1492 2673 τὸ
1521 2636 1713 2705 ἐπιτήδευ-

1050 2700 1102 2731 μα
1126 2688 1297 2722 commode
1320 2688 1373 2721 hic
1379 2685 1713 2744 1·epetieris3“Sa-

1051 2746 1093 2767 ne
1123 2735 1228 2768 verba
1263 2733 1332 2767 τοῦ
1371 2730 1535 2767 ἐκπεσεῖν
1569 2729 1609 2766 ἐκ
1641 2732 1711 2766 τοῦ

1051 2777 1343 2824 ἔπιτηδευματος
1396 2777 1528 2823 longius
1581 2781 1712 2813 remota
