1807 3219
453 172 794 217 CIVIT'AS
839 169 1146 214 LIB.2V.470
1451 173 1507 213 m

116 291 208 332 τῶν
232 301 413 337 κυνων,
451 288 498 330 αι
525 291 619 337 τοῖς
646 283 827 339 λίθοις,
855 281 924 336 οἷς
955 282 1011 327 ἂν
1040 284 1264 338 βληθωσι,
1308 282 1514 339 χαλεπαί-

116 366 248 400 νουσι
274 357 357 399 τοῦ
385 353 624 411 βάλλοντος
644 353 724 411 οὐχ
746 353 1008 410 ἆπτόμεναι;
1039 350 1173 395 Οὐδὲ
1165 349 1391 406 σμικρόν,
1416 349 1514 406 §.qm

114 422 293 468 Ἐατὲον
330 422 416 479 ἄρα
444 440 522 495 τας
561 424 850 479 νεκροσυλίας
881 421 956 466 καὶ
998 419 1077 472 τοὶς
1114 422 1205 463 τῶν
1243 417 1517 473 ἀναιρέσεων

51 494 54 502 ’
119 491 451 547 διακωλύσεις;
472 490 650 536 Ἐατέον
679 491 855 548 μέντοι,
883 491 993 547 ε’φη,
1029 488 1085 546 νὴ
1114 489 1216 532 Δία.
1283 487 1401 534 Οὐδὲ
1428 480 1562 543 μήν’

120 574 211 606 που
247 560 361 617 πρὸς
398 561 452 605 τὰ
495 560 593 616 ἱερὰ
630 560 683 605 τοὶ
725 560 839 605 ὅπλα
876 561 1058 615 οἴσομεν
1095 557 1156 609 ὥς
1195 555 1517 612 ἀναθήσοντες,

123 630 265 682 ἄλλως
291 645 337 674 τε
363 629 439 673 καὶ
465 628 519 673 τοὶ
549 633 639 673 τῶν
669 628 912 687 Ἑλλήνων,
951 628 1030 672 ἐάν
1064 643 1109 671 τι
1146 624 1255 683 ἡμῖν
1293 626 1402 709 μέλῃ
1443 628 1522 681 τῆς

121 699 236 755 πρὸς
270 697 376 750 τούς
406 695 569 751 ἄλλους
593 697 810 756 ’Ἕλληνας
840 695 1036 749 εὐνοίας·
1065 699 1236 780 μᾶλλον
1267 694 1313 739 δε
1334 694 1409 738 καὶ
1437 710 1523 750 φο-
1544 706 1620 741 470

121 766 373 826 βησόμεθα,
406 766 470 833 μή
504 779 549 817 τι
587 769 757 852 μίασμα
786 786 815 826 η
844 766 954 823 πρὸς
984 765 1106 822 ἱερὸν
1133 763 1187 809 τὰ
1217 766 1407 818 τοιαῦτα
1434 760 1520 806 ἀπὸ

123 841 215 882 τῶν
252 830 426 885 οἰκείων
461 836 614 894 φέρειν
633 871 645 891 ,
693 836 781 882 ἐοὶν
803 834 863 894 μή
894 853 936 880 τι
977 831 1031 892 δή
1064 832 1088 878 6
1118 833 1224 886 θεὸς
1264 829 1385 876 ἄλλο
1403 829 1523 889 λέγῃ.

119 893 394 966 Ὀρθότατα,
424 906 525 965 ἔφη.
579 908 631 951 Τί
654 906 723 958 δές
751 909 830 964 γῆς
862 921 908 950 τε
941 903 1136 962 τμήσεως
1165 906 1243 961 τῆς
1267 900 1526 957 Ἑλληνικῆς

127 1057 183 1091 nis
205 1052 388 1101 (εἰκόνος)
420 1066 488 1090 usu
511 1055 567 1090 111
580 1066 694 1101 prosa
716 1050 796 1090 ora—
853 1066 920 1090 non
943 1054 1053 1089 minus
1076 1053 1244 1099 probmn,
1278 1050 1340 1086 sed
1364 1054 1405 1085 ob
1431 1049 1525 1084 codi-

127 1104 248 1138 tione
269 1103 443 1137 disserens
489 1099 554 1136 hoc
607 1103 798 1147 exemphun
850 1109 912 1136 ces
972 1100 1217 1135 osthabendmn
1237 1101 1338 1141 fferat
1363 1101 1404 1131 ut
1428 1094 1527 1140 ω’φε-

126 1152 391 1185 conmemorat:
404 1146 497 1183 οἷον
502 1145 546 1184 τό
568 1145 608 1183 ἐν
624 1148 669 1194 τῇ
686 1150 797 1182 Πολι·
850 1149 1088 1205 ληθησονται
1113 1146 1160 1181 L.
1193 1143 1526 1190 1.pag.343.13.

126 1195 212 1242 τείᾳ
235 1194 282 1239 τῇ
300 1192 534 1249 Πλάτωνος,
561 1207 622 1229 οτι
647 1184 684 1229 οἱ
708 1204 800 1234 τους
853 1191 1053 1240 εὐλαβηθή
1057 1203 1187 1227 σονται
1213 1192 1260 1225 ·.L
1283 1191 1351 1225 111.
1385 1202 1420 1234 Ρ.
1448 1191 1528 1224 410.

128 1230 344 1280 τεθνεῶτας
382 1221 621 1296 σκυλειξὸντες
660 1238 802 1275 ἐοίκασι
854 1242 897 1276 -A.
932 1245 968 1274 et
1007 1240 1106 1274 huius
1143 1239 1224 1273 libri
1258 1249 1338 1282 pag.
1371 1238 1453 1271 467.
1486 1236 1530 1269 D.

129 1290 212 1327 τοῖς
242 1285 455 1331 Λκυνιδίοις,
490 1282 515 1321 ὁὶ
542 1285 640 1327 τούς
669 1287 802 1326 λίθους
858 1284 1137 1340 ἀχθεσθήσεται
1167 1285 1208 1318 L.
1235 1284 1278 1319 X.
1337 1284 1452 1318 60.3.
1486 1281 1530 1315 Ε.

126 1332 264 1382 ’δάκνει
279 1333 356 1367 τῶν
367 1331 582 1391 βαλλόντων
595 1330 664 1378 οὐχ
684 1331 800 1368 ‹imd—
858 1338 894 1367 et
910 1334 1021 1379 ipsum
1031 1329 1304 1378 φοβηθήσομαι
1309 1296 1417 1376 Apol.
1428 1339 1462 1373 p.
1474 1329 1531 1370 29.

127 1379 236 1425 μένα.
270 1388 398 1425 quem
389 1380 520 1414 locum
555 1381 802 1414 Stallbaumius
858 1381 901 1414 B.
926 1379 1017 1424 quod
1042 1379 1159 1412 nescio
1175 1389 1278 1423 quam
1296 1378 1338 1410 ob
1352 1387 1425 1410 rem
1438 1367 1533 1408 Bek-

125 1428 163 1462 in
186 1429 268 1461 nota
291 1427 434 1461 laudans
451 1427 637 1470 secundum
657 1426 801 1461 nonnul-
858 1426 963 1461 kerus
1002 1436 1044 1458 ex
1087 1424 1208 1479 paucis
1252 1423 1425 1457 codicibus
1467 1431 1534 1466 pro

126 1473 180 1508 los
216 1470 414 1519 βαλόντων
445 1472 576 1508 scribit.
638 1473 802 1506 Cetenun
858 1472 998 1515 vulgato
1010 1469 1381 1522 φοβήσομαιτεςρΡίῑ.
1403 1468 1536 1508 Quam-

126 1520 221 1565 quod
243 1519 375 1565 Toupii
407 1519 638 1553 coniecturam
670 1519 801 1554 emend.
860 1530 963 1563 quam
986 1522 1103 1551 nostro
1129 1517 1202 1550 loco
1234 1516 1361 1561 partim
1384 1524 1536 1547 meorum

127 1567 173 1601 in
189 1565 287 1600 Suid.
315 1575 357 1610 p
371 1567 462 1601 349.
496 1565 591 1610 Lips.
622 1576 688 1612 pro
724 1567 804 1604 τοῖς
861 1566 1027 1598 librorum
1051 1563 1160 1605 ratio,
1185 1562 1313 1607 partim
1337 1561 1427 1606 quod
1443 1560 1537 1592 Bek-

132 1612 256 1651 λίθοις
302 1611 567 1667 χαλεπαίνουσι
622 1611 807 1646 secundum
863 1611 970 1644 kerus
994 1610 1169 1654 vulgatam
1192 1610 1358 1643 intactam
1382 1605 1536 1651 reliquit,

130 1655 262 1692 Suidae
283 1656 417 1692 locum
419 1669 511 1698 τους
536 1652 670 1698 λίθους
706 1668 806 1701 περι-
865 1656 1016 1691 nonnihil
1054 1655 1279 1690 dubitationis
1313 1655 1355 1687 de
1388 1654 1469 1687 Par.
1494 1651 1536 1685 A.

130 1704 301 1749 χαίνουσι
342 1704 524 1738 scribentis
565 1705 722 1738 codices
742 1714 809 1737 non
866 1708 903 1738 et
926 1704 1004 1736 vat.
1030 1702 1106 1736 BH.
1132 1702 1273 1735 iniicere
1291 1703 1418 1745 potest.
1467 1698 1538 1731 Ce-

133 1751 406 1794 oonfinnamnt‚
453 1762 567 1796 neque
599 1751 722 1784 minun
756 1753 811 1783 est
868 1754 979 1784 terum
1005 1748 1040 1781 in
1064 1748 1270 1781 contiariam
1296 1757 1432 1792 quoque
1455 1756 1538 1789 par-

133 1807 246 1853 neque
270 1797 460 1830 dolendum.
867 1800 937 1830 tem
960 1794 1093 1828 librarii
1110 1804 1350 1838 nonnunquam
1368 1794 1539 1832 errarunt,

151 1854 153 1857 ’
180 1839 257 1887 οὐχ
283 1838 519 1888 απτόμεναι]
547 1854 611 1877 om.
637 1817 811 1876 Stobaeus
867 1846 907 1876 ut
931 1841 1102 1875 Phaedon.
1128 1853 1161 1884 Ρ.
1189 1840 1266 1876 115.
1298 1839 1339 1873 C.
1364 1838 1426 1872 ubi
1447 1848 1539 1880 προ-

137 1889 259 1924 Trinc.
867 1884 1118 1932 θυμηθησόμε
1110 1888 1189 1929 θα,
1215 1889 1252 1919 et
1271 1887 1389 1930 Symp.
1413 1896 1448 1930 p.
1456 1882 1539 1917 194.
1551 1896 1573 1907 ‘⁴

177 1934 251 1969 καὶ
277 1946 346 1974 τας
373 1934 451 1968 τῶν
484 1931 709 1979 ἄναιρέσεων
731 1928 811 1970 δια·
868 1937 909 1969 Β.
943 1935 1003 1968 111)1
1040 1913 1383 1979 θορνβήθήσεσθαι
1421 1934 1541 1964 tenen-

140 1977 341 2027 κωλυσεις]
376 1982 547 2017 victoriae
579 1994 726 2027 namque
751 1984 810 2016 ob-
868 1982 948 2016 dum
972 1980 1119 2014 videtur.

142 2034 222 2063 sunt
248 2028 325 2061 Fic.
350 2039 451 2074 quem
468 2028 664 2072 Stephanus
689 2029 725 2062 in
750 2040 810 2062 an·
912 2021 1012 2072 ῄ]ἢ
1040 2026 1138 2060 Vind.
1163 2025 1207 2059 F.

143 2078 215 2109 not.
230 2086 273 2119 -.p
289 2076 347 2109 21.
368 2085 458 2107 'vere
481 2074 613 2109 iudicat
630 2086 696 2108 non
720 2074 811 2109 aliud
915 2039 1041 2129 ἱερᾶν]
1077 2069 1122 2106 τό
1153 2071 1178 2106 ἶ.
1202 2071 1297 2105 Mon.
1314 2070 1354 2104 B.
1379 2068 1476 2103 Flor.
1493 2068 1540 2103 U.

143 2121 289 2165 legisse,
316 2120 382 2154 ised
407 2120 560 2154 Platonis
593 2130 729 2155 sensum
753 2133 811 2154 as—
912 2132 960 2154 τα
983 2119 1158 2164 τοιαῦτα]
1185 2117 1310 2152 ταῦτα
1330 2117 1416 2151 Lob.
1440 2115 1541 2152 Vind.

146 2170 300 2202 secutum
333 2177 400 2200 uon
441 2178 530 2201 esse.
576 2167 618 2201 In
650 2168 729 2201 Vat.
763 2167 808 2201 H.
867 2167 909 2201 B.
934 2168 1016 2202 V.at
1042 2165 1122 2199 ΒΜ.

146 2214 244 2246 Flor.
270 2213 344 2247 AV.
378 2224 482 2266 super
518 2211 695 2253 κωλύσεις
727 2213 814 2248 scri-
918 2210 1068 2257 φέρειν]
1101 2207 1220 2256 φέρον
1243 2209 1346 2247 Vind.
1371 2210 1412 2244 Β.
1446 2205 1544 2253 φέρη

147 2262 245 2304 ptum
269 2261 323 2291 est
341 2256 563 2299 σκυλεύσεις.
600 2260 771 2304 Signum
760 2270 816 2294 ln-
871 2259 952 2296 Vat.
979 2258 1028 2292 M.

146 2305 348 2348 terrogandi
363 2305 525 2339 Bekkero
541 2305 695 2348 debetur,
715 2316 817 2352 quem
918 2303 1029 2360 λέγῃ.
1048 2300 1292 2349 Ὀρθότατα]
1337 2299 1454 2346 λέγειε
1482 2297 1544 2346 ὄρ-

149 2351 268 2386 Astius
291 2351 388 2396 sequi
411 2351 540 2385 noluit.·
872 2349 1032 2387 θώτατα
1055 2350 1156 2386 Vind.
1181 2350 1226 2383 F.

182 2394 268 2452 {quq
276 2395 295 2441 'j
322 2399 404 2452 post
418 2393 464 2452 νή
485 2396 562 2431 Δία
583 2397 683 2438 Vind.
702 2397 775 2432 BD.
925 2397 971 2432 Τί
995 2394 1083 2441 δέ;]
1115 2396 1161 2430 Τί
1183 2395 1273 2436 δαί,-
1296 2394 1376 2428 Par.
1393 2393 1439 2429 A.
1455 2393 1548 2427 Bek-

182 2451 290 2486 προς
311 2455 359 2476 τα
372 2441 478 2498 ἱερα]
502 2445 540 2478 in
556 2445 722 2488 templum
737 2444 815 2479 Fic.
873 2445 991 2479 kerus.
1030 2443 1077 2478 Τί
1101 2442 1142 2476 δὲ
1170 2443 1244 2476 sine
1271 2441 1549 2484 interpunctione

195 2487 308 2535 μέλῃ]
334 2487 446 2535 μέλλῃ
468 2489 564 2525 Flor.
590 2490 698 2525 ACT.
727 2487 818 2533 με’λ-
875 2491 949 2525 Ald.
975 2491 1057 2524 Bas.
1083 2491 1136 2523 ab.
1162 2492 1199 2522 et
1220 2489 1256 2522 in
1277 2498 1345 2521 sec,
1367 2487 1420 2520 ed.
1442 2487 1550 2520 Stall-

141 2535 204 2574 λει
224 2536 307 2570 Par.
332 2535 376 2571 K.
413 2547 482 2570 sec.
507 2536 586 2582 ΒίΡ.
611 2536 698 2572 Lob.
723 2537 820 2573 Flor.
875 2537 1054 2578 baumius,
1079 2535 1138 2581 qui
1157 2539 1236 2582 post
1260 2530 1480 2586 ἐμπρήσεως
1503 2533 1551 2566 si-

148 2581 198 2616 U.
867 2595 982 2628 gnum
1014 2562 1249 2625 interrogandi
1282 2578 1387 2621 fecit,
1421 2577 1482 2613 ubi
1514 2579 1552 2615 in

197 2623 309 2673 τους]
336 2640 401 2662 om.
428 2627 509 2662 Par.
530 2628 579 2662 K.
659 2642 663 2645 ·
866 2630 948 2665 ·illis
990 2632 1026 2662 et
1066 2628 1110 2662 111
1145 2626 1289 2672 reliquis
1324 2637 1455 2660 comma
1487 2629 1551 2659 est.

87 2677 156 2714 470
201 2674 342 2717 μᾶλλον
369 2671 410 2709 δὲ
443 2673 529 2722 καὶ]
560 2675 715 2711 maxime
744 2687 827 2711 vero
867 2675 973 2712 lvii-hi
995 2685 1035 2708 τε
1058 2675 1149 2708 inter
1171 2673 1239 2718 γῆς
1254 2675 1310 2706 et
1314 2669 1481 2716 τμήσεως
1498 2671 1553 2718 in-

159 2719 239 2755 Fic.
883 2720 1087 2775 terpositum
1118 2723 1154 2754 et
1186 2717 1285 2769 haud
1295 2716 1403 2754 flubie
1429 2718 1472 2752 ad
1497 2730 1552 2752 se-

204 2764 487 2812 φοβησόμεθα]
529 2767 586 2801 Ita
628 2767 708 2802 Par.
751 2769 827 2803 ΑΚ.
885 2768 1027 2814 quentia
1056 2763 1216 2811 spectans
1260 2762 1445 2810 eorumque
1478 2775 1553 2798 mo-

157 2813 239 2848 vat.
265 2813 342 2847 ΒΗ.
365 2813 462 2847 Flor.
486 2813 626 2851 ACTV.
654 2814 828 2861 φοβηθη-
885 2825 968 2849 vens
987 2813 1281 2865 exspectationem
1294 2811 1415 2845 artiori
1434 2810 1552 2845 horum

160 2857 307 2904 σόμεθα
329 2859 453 2906 reliqui
486 2871 562 2895 cum
586 2859 706 2904 editis,
739 2861 830 2909 quod
886 2859 1113 2907 genitivorum
1130 2861 1166 2894 et
1183 2857 1416 2905 proximonnn
1432 2857 1471 2892 τί
1489 2854 1551 2899 δές
