1807 3219
283 175 342 216 44

284 283 383 340 δέῃ,
429 282 570 335 ἴσμεν]
594 274 660 323 ὅτι
699 277 1007 334 ἀνδρειοτέρου
1045 283 1113 324 δεῖ
1150 284 1228 325 τοῦ
1258 281 1425 335 ἰατροῦ.

732 165 1207 211 PLATONIS

1483 279 1643 338 ’Λληθῆ
1655 294 1664 304 ·

283 348 392 393 ἀλλά
422 348 531 404 πρὸς
559 350 601 392 τί
629 347 796 403 λέγειςς
829 347 954 402 Πρός
983 349 1104 402 τόδε,
1135 344 1191 405 ἦν
1222 348 1268 393 δ’
1300 348 1407 404 ἐγώ·
1439 354 1585 407 συχνῷ
1604 353 1666 408 τῷ

283 417 437 470 ψεύδει
466 409 540 461 siai.
565 413 794 473 ’τῇάπάτῃ
836 417 1083 461 κινδυνεύει
1119 416 1227 474 ἡμῖν
1266 415 1436 473 δεήσειν
1474 421 1666 473 χρῆσθαι

219 496 258 538 D
283 485 390 538 τοὺς
420 484 633 542 ἄρχοντας
670 483 738 527 ἐπ’
775 481 961 544 ὠφελείᾳ
991 490 1081 530 τῶν
1113 485 1379 542 ἀρχομένων.
1423 485 1588 542 ἔφαμεν
1618 487 1665 530 δέ

281 573 370 601 που
400 556 448 599 ἐν
478 553 721 612 φαρμάκου
753 555 854 597 εἰδει
883 554 1034 598 πάντα
1055 554 1107 598 τὰ
1126 558 1309 598 τοιαῦτα
1332 553 1535 621 χρήσιμα
1540 552 1662 599 εἶναι.

280 625 388 669 Καὶ
406 621 554 679 ὀρθῶς
580 636 661 689 γε,
695 622 793 679 ε’φη.

851 621 924 666 'Ev
951 628 1043 695 τοῖς
1080 623 1237 679 γάμοις
1270 625 1433 690 τοίνυν
1457 623 1549 666 καὶ
1563 635 1664 666 παι-

282 686 502 744 δοποιίαις
531 691 644 735 εὀικε
673 691 721 735 τὸ
746 686 895 746 ὀρθὸν
924 689 1056 735 τοῦτο
1079 693 1307 747 γίγνεσθαι
1327 685 1412 734 οὐκ
1429 690 1664 746 ελάχιστον.

286 765 392 812 Πῶς
423 759 498 816 δής
540 765 625 803 Δεῖ
651 775 752 816 μεν,
794 758 941 814 εἶπον,
983 777 1030 804 εκ
1059 776 1148 803 των
1184 758 1534 816 ὡμολογημένων
1561 759 1668 811 τούς

284 829 492 886 ἀρίστους
547 833 668 881 ταῖς·
702 827 900 885 ἀρίσταις
958 820 1268 886 συγγίγνεσθαι
1306 826 1365 879 ὥς
1405 825 1665 881 πλειστάκις,

283 954 407 1001 Neque
431 954 567 990 dubium
599 957 673 996 est,
708 956 790 1001 quin
823 954 947 1000 geniti-

281 1013 344 1036 vus
368 1013 431 1035 nec
454 1001 630 1035 masculini
661 1002 795 1046 generis
818 1003 863 1036 sit
885 1014 946 1035 ne-

281 1059 349 1092 que
373 1059 394 1081 a
419 1043 562 1090 σιόμασι
592 1049 752 1093 pendeat.
806 1048 947 1082 Minime

281 1105 364 1127 vero
388 1094 586 1135 mutandus,
622 1093 681 1127 sed
705 1105 766 1139 pro
790 1094 945 1128 absoluto

281 1139 455 1173 habendus
481 1145 585 1184 atque
609 1141 651 1173 ab
676 1141 793 1174 eadem
818 1152 946 1173 sermo-

281 1185 334 1218 nis
358 1186 545 1219 mobilitate
565 1186 769 1240 repet’endus
789 1191 852 1227 est,
862 1193 946 1240 qua

281 1242 387 1276 supra
409 1243 443 1276 p.
469 1232 548 1266 458.
574 1231 615 1264 D.
644 1228 945 1275 ἀναμεμιγμένων

280 1288 344 1322 pro
378 1277 602 1319 nominativ‚o
635 1278 719 1322 Leg.
754 1278 794 1311 L.
830 1277 942 1310 VIIH.

279 1334 337 1380 p.
351 1324 429 1357 855.
469 1324 517 1356 Α.
545 1323 580 1356 in
612 1324 726 1357 verbis
767 1323 873 1358 παισὶ
904 1321 944 1357 δὲ

277 1367 341 1402 καὶ
365 1366 481 1424 γένει,
519 1366 592 1403 ἐὰν
617 1367 762 1426 φύγωσι
793 1368 841 1403 τὰ
874 1381 945 1403 πα-

277 1427 380 1461 τρῳα
403 1395 504 1459 ἤθη,
540 1412 646 1454 κλέος
671 1414 760 1449 ἔστω
796 1414 858 1449 καὶ
885 1413 943 1449 λό-

276 1472 340 1505 γος
375 1458 520 1516 ἔντιμος
554 1460 753 1518 λεγόμενος
769 1488 778 1505 ,
818 1474 868 1501 ως
900 1461 940 1496 εὐ

277 1518 317 1541 τε
340 1506 403 1541 καὶ
428 1504 608 1551 ἀνδρείως
640 1508 692 1546 εἰς
729 1505 880 1551 ἀγαθὸν
905 1505 944 1541 ἐκ

277 1554 395 1587 κακοῦ
416 1551 721 1598 διαπεφευγότων
742 1555 806 1588 hoc
826 1559 944 1588 extre-

276 1611 366 1633 mum
389 1611 451 1643 pro
476 1600 615 1641 dativo,
651 1600 730 1633 alibi
761 1600 848 1634 idem
880 1612 943 1644 ge—

278 1646 403 1679 nitivus
450 1657 511 1690 pro
559 1646 752 1679 accusativo
793 1647 939 1691 ponitur.

277 1691 359 1725 Non
391 1691 498 1744 magis
530 1703 615 1736 opus
645 1695 699 1725 est
729 1692 838 1726 altera
861 1693 942 1725 Ste-

277 1737 382 1782 phani
405 1737 620 1779 coniectura,
646 1750 745 1782 quam
770 1739 885 1772 Astius
908 1739 943 1772 in

277 1788 358 1816 tert.
382 1783 433 1816 ed.
460 1790 555 1817 suam
577 1783 682 1825 fecit,
706 1796 806 1829 quum
828 1785 863 1818 in
887 1796 944 1818 se-

278 1830 390 1863 cunda
419 1829 592 1873 vulgatum
627 1826 722 1864 εἶναι
754 1836 848 1865 recte
882 1842 943 1864 ex-

278 1875 464 1930 plicuisset.
536 1883 539 1885 “

325 1919 581 1965 φαυλότερον]
609 1920 850 1967 φαυλοτέρων
868 1934 944 1958 cum

279 1978 323 2002 ov
346 1979 450 2023 super
470 1980 524 2001 ων
549 1969 649 2004 Vind.
674 1970 714 2003 F.

325 2011 415 2059 δέῃ]
442 2013 522 2048 δέοι
544 2014 638 2048 Flor
663 2016 706 2049 T.

326 2059 452 2103 ι’σμεν]
478 2071 588 2105 σημεν
614 2061 712 2106 Vind..
738 2061 779 2095 F.

326 2106 486 2151 ἰατροῦ.]
514 2107 657 2150 ἰατροῦ.
683 2107 707 2151 ἠ
734 2105 830 2152 γάρ,
853 2108 938 2152 Ang.

277 2152 320 2186 B.
345 2153 437 2186 Flor.
464 2153 539 2186 RT.
643 2175 645 2177 -
689 2183 694 2188 .

324 2197 420 2242 πρὸς
467 2199 535 2243 τί]
593 2199 630 2233 τί
675 2196 772 2243 πρὸς
818 2200 940 2234 ταῦτα

277 2244 377 2278 Vind.
405 2245 446 2277 D.

322 2288 553 2335 κινδυνεύει]
584 2288 812 2325 κινδυνεύειν
837 2291 936 2326 Vind.

275 2337 317 2371 B.
346 2337 422 2370 Vat.
448 2337 495 2370 M.
523 2337 595 2370 ΑΜ.
622 2339 702 2371 Bas.
728 2339 781 2371 ab

290 2382 479 2428 δεήσειν]
504 2381 627 2428 δεήσει
651 2384 737 2417 Lob.
758 2383 854 2418 Vind.
867 2384 938 2418 BD.

273 2401 354 2463 Vat.
364 2396 429 2462 η.Μ

321 2475 506 2519 χρῆσθαι]
541 2487 607 2509 om.
640 2475 727 2509 Lob.
771 2475 871 2509 Vind.
897 2477 939 2510 B.

273 2522 353 2556 Vat.
379 2521 426 2554 M.

325 2564 380 2601 ἐπ’
415 2564 597 2615 ω’φελείοι]
629 2564 834 2614 επωφελείᾳ
867 2567 942 2602 Ald.

275 2614 358 2648 Bas.
383 2613 438 2646 ab.

325 2656 364 2693 ἐν
389 2655 589 2702 φαρμάκου
615 2659 728 2703 εἴδει]
760 2660 943 2703 pharmaci

276 2706 532 2749 medicinaequc
556 2707 628 2740 loco
652 2705 724 2739 Fic.
750 2707 792 2739 V.
819 2705 859 2739 L.
874 2705 938 2739 111.

276 2762 310 2797 p.
336 2752 416 2787 389.
442 2751 482 2784 B.

322 2798 392 2841 γε]
441 2793 471 2840 γ’
512 2797 610 2831 Vind.
647 2798 687 2831 F.
735 2796 826 2830 Flor.
861 2797 937 2831 ΒΤ.

278 2843 371 2878 Idem
396 2842 574 2878 Bekkerus
597 2843 632 2877 in
657 2845 740 2878 Vat.
757 2842 805 2877 Μ.
830 2843 939 2878 aliove

1003 954 1118 989 codice
1141 954 1310 988 invenisse
1339 953 1488 988 videtur.
1537 954 1666 989 Scribit

1003 1001 1090 1034 enim
1133 1001 1166 1034 in
1199 1001 1468 1034 commentariis:
1506 998 1572 1045 „7²
1598 1014 1663 1036 om

1002 1048 1081 1080 Vat.
1108 1046 1184 1079 M.“
1208 1051 1244 1080 et
1265 1047 1299 1079 in
1321 1053 1419 1080 textu
1441 1059 1481 1091 γε
1503 1049 1618 1081 habet.

1049 1089 1143 1125 ἔοικε
1166 1090 1233 1149 τὸ]
1255 1090 1370 1126 εὀικεν
1394 1093 1477 1128 Lob.
1504 1094 1603 1127 Vind.
1622 1093 1662 1128 Β.

1001 1139 1081 1172 Vat.
1107 1138 1186 1172 ΒΜ.
1214 1136 1309 1172 ἔοικε
1332 1138 1395 1172 καὶ
1420 1137 1463 1173 τὸ
1491 1140 1576 1184 Ang.
1599 1140 1640 1173 Β.

1047 1185 1260 1239 γίγνεσθαι]
1295 1185 1466 1228 γίνεσθαι
1497 1187 1590 1220 Μοιι.
1622 1186 1662 1219 Β.

1001 1228 1177 1275 γενέσθαι
1216 1230 1300 1264 editi
1339 1236 1419 1265 ante
1459 1232 1662 1265 Bekkerurn.

1001 1277 1178 1319 „Omnino
1215 1288 1299 1320 opus
1332 1282 1386 1310 est
1418 1278 1585 1333 particula
1617 1273 1665 1311 ἂν

1001 1326 1080 1376 post
1111 1321 1305 1366 γενέσθαι,
1340 1329 1379 1356 ut
1408 1321 1584 1367 γενέσθαι
1616 1320 1666 1358 ἂν

1002 1368 1189 1422 accipiatur
1208 1381 1270 1413 pro
1287 1350 1518 1413 γενήσεσθαι.
1546 1382 1665 1414 quam—

1001 1415 1051 1449 vis
1091 1414 1229 1448 Ficinus
1270 1416 1516 1460 interpretetur
1554 1415 1664 1457 Fieri,
1699 1431 1710 1447 ι

1000 1461 1141 1506 perinde
1173 1461 1243 1494 acsi
1274 1461 1414 1506 legisset
1453 1462 1664 1506 γίνεσθαι.“

1001 1507 1121 1551 steph.
1147 1512 1260 1541 annot.
1283 1520 1317 1552 p.
1345 1510 1399 1543 21.
1461 1508 1529 1548 Qui
1553 1509 1582 1542 si
1606 1520 1664 1542 co-

1000 1553 1092 1586 dices
1138 1564 1300 1597 praesens
1358 1555 1484 1588 habere
1529 1555 1664 1610 scisset,

999 1599 1088 1632 haud
1113 1599 1215 1632 dubie
1247 1612 1287 1633 eo
1321 1605 1500 1634 contentus
1526 1596 1573 1634 ἂν
1597 1613 1663 1635 ιιοιι

999 1645 1237 1678 desiderasset.
1260 1646 1399 1680 Scilicet
1414 1659 1567 1691 magnam
1580 1659 1664 1693 par-

998 1696 1068 1724 tem
1102 1691 1231 1725 illorum
1264 1692 1533 1735 mendaciorum,
1573 1705 1662 1738 quae

998 1738 1246 1781 probaverant,
1279 1738 1387 1772 locum
1420 1739 1454 1772 in
1477 1739 1601 1784 nuptiis
1627 1743 1663 1773 et

997 1783 1179 1817 liberorum
1207 1785 1502 1839 procreationibus
1535 1786 1662 1820 habere

1000 1829 1163 1863 Socrates
1195 1830 1383 1874 existimat3
1427 1832 1523 1865 cuius
1554 1833 1661 1866 verba

999 1881 1095 1909 recte
1139 1875 1388 1921 interpretatur
1436 1878 1663 1912 Schleierma-

1002 1922 1146 1956 cherus·
1174 1924 1238 1956 Bes
1263 1925 1328 1957 den
1352 1925 1565 1958 Hochzet'ten
1591 1936 1661 1957 mm

999 1969 1071 2002 und
1095 1970 1155 2002 der
1174 1970 1508 2025 Kindererzeugung
1531 1972 1663 2005 scheint

1000 2015 1071 2048 dies
1095 2015 1246 2060 richtige
1269 2028 1338 2061 gar
1361 2017 1458 2050 m‘cht
1482 2019 1517 2050 in
1540 2018 1662 2063 gerin-

998 2072 1077 2106 gem
1102 2062 1223 2094 Maass
1244 2063 1514 2096 vorzukommen.

1045 2103 1260 2161 ἐλάχιστον]
1286 2104 1496 2162 ελάχιστον;
1521 2108 1599 2141 Bas.
1623 2109 1656 2141 b.

1044 2149 1355 2198 ωμολογημενων]
1379 2150 1661 2198 ὁμολογημένων

997 2198 1096 2231 Vind.
1118 2199 1160 2231 E.

1043 2245 1323 2289 συγγίγνεσθαι]
1348 2246 1539 2290 γίγνεσθαι
1571 2246 1657 2280 Lob.

997 2290 1097 2324 Vind.
1121 2292 1162 2325 B.
1202 2291 1372 2334 γίνεσθαι
1397 2294 1472 2326 Vat.
1497 2293 1545 2326 M.
1579 2298 1614 2326 et
1639 2305 1660 2326 a

997 2349 1039 2370 1n.
1065 2349 1117 2382 pr.
1144 2338 1183 2370 B.
1219 2338 1269 2381 (a
1294 2350 1336 2371 m.
1371 2350 1397 2372 5.
1430 2339 1659 2383 praepositio-

998 2394 1072 2416 nem
1097 2383 1223 2417 habere
1234 2384 1397 2421 videtur.)
1423 2385 1661 2429 συγγίνεσθαι

1000 2429 1097 2462 Vind.
1132 2430 1208 2463 DE.
1251 2430 1344 2464 Mon.
1378 2432 1419 2464 B.
1454 2431 1538 2464 editi
1579 2435 1658 2465 ante

997 2475 1140 2508 Astium.

1043 2521 1118 2554 τῶν
1141 2519 1228 2566 μὲν]
1255 2522 1321 2555 Pro
1345 2522 1422 2556 τῶν
1446 2522 1544 2556 Vind.
1569 2521 1610 2555 F.
1636 2533 1658 2556 a

997 2578 1039 2600 m.
1066 2579 1117 2612 pr.
1141 2566 1208 2602 τὸν
1232 2568 1390 2602 habebat.

1046 2633 1200 2681 ἔκγονα]
1226 2635 1357 2682 ἔγγονα
1381 2637 1464 2671 Ven.
1490 2637 1530 2670 C.
1557 2636 1656 2671 Vind.

997 2681 1071 2715 DF.
1121 2683 1175 2716 cf.
1204 2685 1276 2718 voi.
1301 2684 1330 2717 1.
1355 2696 1388 2729 p.
1417 2684 1493 2718 131.

1041 2749 1174 2796 μέλλει]
1194 2750 1317 2795 μέλλοι
1332 2752 1416 2786 Lob.
1438 2751 1651 2785 Vind.}3DE.
1665 2751 1700 2792 E

998 2798 1076 2830 Vat.
1101 2798 1144 2831 H.
1172 2799 1262 2832 Flor.
1287 2798 1362 2833 Ac.
1405 2796 1542 2842 μέλλει,
1578 2809 1651 2843 sup.

997 2854 1054 2886 οι,
1079 2844 1162 2878 Ven.
1187 2845 1227 2878 B.
