1807 3219
457 119 793 163 CIVITAS
836 120 1154 163 LIB.VI.493
1413 122 1495 163 193

111 235 156 278 οἱ
184 233 258 278 καὶ,
289 229 526 288 ἁπτόμενοι
555 230 759 288 μειράκια
788 231 896 276 ὄντα
926 232 1028 289 άρτι
1058 232 1107 277 ἐκ
1137 232 1308 275 παίδων
1337 230 1388 275 τὸ
1418 247 1494 287 με-
1517 243 1586 279 498

107 301 214 354 ταξύ
254 301 508 356 οἰκονομίας
546 301 620 344 καὶ
659 304 960 358 χρηματισμοῦ
995 298 1314 357 πλησιάσαντες
1357 296 1498 343 αὐτοῦ

106 374 169 430 τῷ
188 367 473 426 χαλεπωτάτῳ
493 367 864 422 άπαλλάττονται,
897 371 941 413 οἱ
960 367 1320 424 φιλοσοφώτατοι
1339 366 1496 411 ποιού-

104 452 254 494 μενοι·
298 437 409 494 λέγω
439 437 486 481 δὲ
514 435 820 493 χαλεπώτατον
858 437 908 481 τὸ
946 437 1047 493 περὶ
1083 436 1190 488 τούς
1219 436 1405 492 λόγους·
1448 435 1497 480 ἐν

104 506 151 550 δὲ
180 509 243 564 τῷ
272 504 445 558 ἔπειτα,
475 504 553 548 ἐάν
586 505 661 548 καὶ
692 504 838 549 ἄλλων
867 508 999 549 τοῦτο
1029 504 1315 559 πραττόντων
1344 519 1494 558 παρα-

103 573 371 630 καλούμενοι
391 573 604 617 ἐθέλωσιν
627 572 843 629 άκροαταὶ
859 575 1109 630 γίγνεσθαι,
1141 571 1304 629 μεγάλα
1327 571 1494 628 ἡγοῦν-

102 659 198 695 ται,
227 642 453 698 πάρεργον
479 641 677 698 οἰόμενοι
707 640 816 685 αὐτὸ
845 644 938 686 δεῖν
968 639 1195 695 πράττειν·
1225 639 1338 696 πρὸς
1367 641 1414 685 δὲ
1443 638 1493 684 τό

102 714 243 767 γῆρας
270 710 395 762 ἐκτὸς
425 710 479 768 δή
509 727 643 754 τινων
672 710 834 766 ὀλίγων
864 707 1217 766 ἀποσβέννυνται
1247 708 1361 753 πολὺ
1383 712 1494 765 μᾶλ-

103 783 187 823 λον
214 782 296 822 τοῦ
321 778 646 834 “Ηρακλειτείου
675 777 804 836 ἡλίου
821 811 832 831 ,
865 778 974 822 ὅσον
1003 774 1136 829 αὖθις
1165 777 1250 822 οὐκ
1281 777 1492 830 ἐξάπτον·
1517 775 1554 817 Β

103 863 186 892 ται.
245 852 330 891 Δεῖ
357 847 404 892 δὲ
432 846 542 900 πῶςς
574 848 671 905 ἔφη.
733 850 836 890 Πᾶν
865 846 1154 890 τούναντίον·
1184 845 1391 902 μειράκια
1417 847 1497 903 μὲν

105 914 214 959 ὄντα
243 916 318 959 καὶ
347 918 508 968 παῖδας
548 915 816 972 μειρακιώδη
858 915 1063 959 παιδείαν
1102 914 1175 958 καὶ
1221 916 1496 971 φιλοσοφίαν

104 984 474 1039 μεταχειρίζεσθαι
509 988 601 1029 τῶν
639 1001 684 1029 τε
728 983 973 1041 σωμάτων,
1021 983 1069 1027 ἐν
1108 977 1144 1042 ᾦ
1181 980 1415 1040 βλαστάνει
1449 999 1496 1026 τε

103 1051 182 1096 καὶ
210 1049 482 1107 ἀνδροῦται,
514 1048 564 1097 εὖ
593 1052 711 1109 μάλα
740 1053 1061 1110 ἐπιμελεῖσθαι,
1091 1050 1335 1108 ὑπηρεσίαν
1366 1055 1494 1109 φιλο-

150 1173 296 1221 αὐτοῦ]
321 1173 424 1211 αὐτῶ
450 1178 528 1212 Par.
540 1177 586 1212 K.
620 1179 661 1213 In
682 1178 768 1224 Ang.

103 1222 145 1257 B.
169 1223 198 1256 ὦ
224 1235 328 1267 super
353 1224 398 1257 οῦ
424 1225 587 1269 positum.

148 1266 410 1315 χαλεπωτάτῳ]
436 1271 513 1304 Hoc
536 1271 571 1304 in
588 1274 686 1304 textu
705 1282 768 1316 per

101 1315 334 1368 compendium
357 1315 519 1360 scriptum
542 1316 576 1349 in
605 1317 699 1350 Mon.
725 1318 765 1352 Β.

101 1361 219 1395 sedin
242 1373 286 1396 ιιι.
310 1361 482 1407 adscripto
499 1360 765 1406 χαλεπώτατον

101 1407 306 1462 explicatum
331 1413 396 1443 est.

149 1450 481 1499 απαλλάττονται]
538 1455 645 1499 paulo
685 1461 766 1500 post

100 1500 282 1534 discedunt
312 1500 386 1534 Fic.
439 1501 627 1546 Respicere
661 1502 766 1536 debe-

100 1546 162 1580 bat
183 1543 356 1589 μειράκια
380 1558 483 1581 οντα.

148 1591 186 1626 οἱ
205 1590 510 1647 φιλοσοφώτατοι
529 1590 765 1638 ποιούμενοι]

38 1666 39 1669 ,
101 1636 142 1672 οὶ
171 1636 460 1682 φιλοσοφωτατα
486 1651 563 1674 ποι.
598 1640 696 1673 Vind.
721 1641 765 1674 E.

100 1685 209 1719 etiam
226 1686 286 1729 qui
305 1687 499 1729 sapientiae
518 1687 674 1730 apprime
692 1693 767 1720 stu-

101 1731 193 1765 diosi
210 1733 294 1773 sore
313 1732 554 1766 existimantur
582 1732 655 1767 Fic.
701 1732 770 1766 Pro

101 1774 325 1820 ποιούμενοι
347 1778 465 1812 Astius
487 1778 523 1812 in
545 1789 614 1811 sec.
635 1776 769 1813 δοκού-

102 1833 210 1866 μενοι
235 1823 399 1867 coniecit,
429 1824 523 1858 cuius
546 1824 770 1867 significatio-

102 1880 181 1902 nem
202 1868 286 1902 illud
309 1870 342 1903 h.
367 1870 389 1903 l.
413 1874 453 1904 ut
475 1870 515 1903 L.
536 1870 614 1925 VII:
635 1882 670 1916 p.
689 1872 769 1906 538.

105 1914 146 1948 C.
172 1914 274 1958 (τῶν
298 1911 419 1950 ἄλλων
453 1914 685 1959 ποιουμένων
710 1917 768 1951 οἰ-

101 1959 232 2005 κείων)
257 1965 293 1995 et
317 1962 429 1995 VIIII.
449 1963 527 1997 573.
552 1962 591 1997 Β.
617 1960 768 2007 (ἐπιθυ-

100 2006 190 2050 μίας
200 2006 428 2051 ποιουμένας
446 2006 622 2053 χρηστὰς)
641 2010 769 2043 habere

100 2053 249 2088 videtur.
296 2055 385 2088 Nam
402 2056 489 2098 fieri
507 2053 768 2099 φιλοσοφώτα-

102 2111 186 2143 τοι,
219 2103 259 2133 ut
292 2101 537 2135 StaHbaumius
560 2101 768 2146 intelpreta-

100 2148 182 2186 tur,
207 2145 285 2179 dum
308 2147 541 2192 philosophiae
561 2148 767 2190 valedicunt,

101 2203 170 2227 nou
194 2192 336 2236 amplius
359 2197 511 2237 possunt

101 2237 151 2271 vii
172 2237 334 2271 lexicon
324 2250 360 2271 m
382 2241 503 2273 ποιεῖν
528 2241 575 2283 3,
601 2241 635 2274 b.

148 2281 262 2328 τοὺς]
288 2296 352 2318 om.
376 2284 470 2320 Mon.
496 2286 535 2318 Β.

148 2329 235 2374 καὶ]
261 2342 326 2364 om.
351 2330 422 2364 Fic.
458 2331 552 2365 Male
574 2331 768 2376 Stephanus

102 2377 140 2410 et
171 2376 288 2410 Astius
317 2376 351 2410 in
380 2388 440 2433 pr.
470 2382 505 2411 et
536 2389 604 2411 sec.
639 2389 768 2412 comma

101 2425 379 2467 anteposuerunt.
422 2419 490 2457 ἐὰν
505 2422 568 2458 καὶ
591 2420 768 2458 ἐθέλωσιν

101 2468 336 2513 coniungenda
358 2474 449 2503 sunt.

145 2514 362 2570 γίγνεσθαι]
386 2514 455 2570 yet‘v.
477 2513 579 2550 Vind.
606 2515 646 2549 Β.

147 2557 352 2604 ἡγοῦνται]
385 2558 587 2605 ἡγούμενοι
615 2563 700 2598 Ven.
725 2562 766 2595 B.

102 2606 196 2640 Flor.
223 2608 264 2643 V.
313 2607 500 2662 Cornprius
525 2608 587 2642 ecl.
626 2619 659 2653 Ρ.
688 2613 766 2644 109.

101 2648 286 2696 ἡγοῦνται
319 2653 354 2687 in
387 2650 586 2697 οἷγαίονται
619 2655 675 2688 vel
703 2651 767 2698 ἆρ-

100 2699 262 2734 νοῦνται
278 2700 474 2733 mutandum
486 2700 661 2741 censebat,
683 2712 767 2745 quas

102 2745 318 2780 coniecturas
341 2745 538 2792 Stephanus
562 2758 595 2792 p.
614 2725 671 2783 23.
695 2747 767 2780 iure

100 2789 281 2836 improbat.

177 2848 392 2909 Pm'roms·
415 2850 561 2892 0211

561 2194 617 2228 Cf.
642 2195 767 2229 Passu-

873 1174 1195 1222 ἀποσβέννυνται]
1217 1173 1494 1222 ἀποσβέννυται

826 1222 928 1257 Vind
956 1224 995 1257 F.
1021 1223 1115 1258 Flor.
1139 1223 1183 1256 R.

869 1266 965 1302 πολυ
995 1269 1136 1312 μᾶλλον
1164 1266 1234 1302 τοῦ
1252 1264 1493 1323 Ηρακλειτεί-

825 1315 884 1359 ου]
909 1315 1051 1358 μᾶλλον
1069 1312 1166 1349 πολὺ
1185 1313 1255 1347 τοῦ
1271 1310 1494 1358 ήρακλείτου

821 1361 923 1395 iidem
947 1365 983 1395 et
1004 1362 1091 1416 Ang.
1117 1362 1158 1395 B.
1183 1359 1299 1394 πολλὺ
1327 1359 1493 1394 etc.A1d.

869 1404 963 1462 ουκ]
991 1404 1058 1451 οὐχ
1082 1408 1162 1441 Bas.
1185 1418 1215 1440 a.

868 1450 930 1496 δὲ]
956 1465 1044 1509 ergo
1039 1420 1136 1487 7CFic.

870 1500 957 1533 Πᾶν
975 1496 1214 1544 τουναντίον]
1241 1509 1305 1532 um.
1331 1497 1431 1531 Vind.
1449 1497 1491 1531 B.

823 1546 901 1579 Vat.
934 1545 983 1579 M.
1030 1546 1212 1579 Bekkerus
1245 1548 1281 1578 et
1316 1544 1493 1577 Stallbau-

822 1592 910 1625 mius
943 1591 1219 1636 interpunctione
1261 1591 1397 1624 sublata
1434 1601 1491 1623 se-

822 1637 1004 1692 quentibus
1039 1638 1125 1671 haec
1159 1637 1324 1680 iungunt,
1355 1636 1411 1670 cui
1434 1647 1494 1669 ra-

826 1684 910 1718 tioni
947 1696 1014 1727 μεν
1048 1685 1266 1717 adversatur.
1315 1683 1393 1727 Ego
1430 1693 1494 1727 pro

825 1735 953 1775 puncto
982 1729 1133 1776 priorum
1163 1730 1259 1763 colon
1295 1740 1371 1762 cum
1393 1728 1492 1762 Astio

850 1788 932 1809 osui.

824 1788 1035 1902 Erramus]
1059 1821 1204 1865 παῖδες,
1229 1832 1304 1868 sup.
1326 1832 1384 1865 ας,
1408 1822 1493 1858 Ven.

872 1913 1123 1958 φιλοσοφίαν]
1160 1913 1299 1958 σοφίαν
1323 1912 1426 1949 Vind.
1448 1913 1491 1947 F

824 1960 874 1993 An
934 1961 975 1994 B.

869 1973 945 2040 τὲῶν
973 2016 1012 2040 τε
1042 2003 1246 2050 σωμάτων]
1280 2017 1359 2040 των
1386 2002 1426 2039 δὲ
1457 2015 1493 2038 σ.

824 2052 922 2088 Vind.
957 2053 998 2087 F.
1058 2053 1140 2086 Non
1181 2051 1283 2085 aliter
1327 2051 1494 2096 scriptum

824 2099 992 2133 videtur
983 2111 1018 2132 ιιι
1040 2098 1134 2132 Flor.
1153 2098 1195 2131 R.
1222 2098 1265 2131 de
1289 2109 1358 2142 quo
1382 2097 1491 2130 Stall-

823 2145 977 2178 baumius
1009 2145 1077 2178 ita:
1119 2144 1198 2178 τῶν
1224 2141 1264 2178 δὲ
1297 2140 1490 2188 σωμάτων]

824 2202 864 2225 τε
889 2191 980 2224 Flor.
1005 2191 1048 2224 R.

870 2233 1095 2281 ἀνδροῦται]
1129 2236 1185 2269 Ita
1218 2247 1334 2270 omnes
1359 2235 1493 2269 codices

822 2295 889 2317 uno
925 2283 1010 2317 Ven
1036 2284 1078 2316 B.
1112 2286 1278 2327 excepto,
1326 2281 1384 2327 qui
1417 2293 1492 2315 cum

822 2329 897 2363 Ald.
922 2329 1002 2364 Bas.
1027 2330 1081 2363 ab.
1114 2330 1235 2373 steph
1273 2327 1492 2371 (tacentibus

823 2375 921 2419 Bip.)
958 2372 1143 2423 ἁδροῦται
1182 2375 1308 2415 habet,
1357 2374 1447 2419 quod
1471 2385 1493 2407 a

823 2422 984 2456 Bekkero
1007 2426 1182 2456 servatum
1204 2420 1325 2456 Astius
1357 2431 1493 2465 quoque

820 2468 856 2502 in
880 2471 961 2500 te1t.
997 2468 1049 2502 ed.
1081 2471 1116 2501 et
1149 2466 1393 2500 Stallbaumius
1418 2477 1492 2500 ser-

825 2517 959 2548 varunt.
1017 2514 1131 2554 Quum
1171 2513 1257 2547 haec
1297 2511 1407 2545 omnia
1447 2512 1492 2545 ad

824 2571 951 2605 pueros
983 2563 1156 2615 spectent,
1192 2569 1343 2611 corpora
1374 2569 1492 2592 eorum

825 2606 1055 2644 adolescentia
1067 2603 1209 2648 οἷνδροῦ
1213 2605 1304 2639 σθαι
1313 2603 1379 2637 dici
1391 2615 1492 2648 posse

824 2652 1005 2694 videntur,
1027 2653 1060 2686 h.
1084 2663 1113 2686 e.
1137 2650 1252 2684 vi1iha
1275 2655 1311 2683 et
1328 2649 1417 2684 virili
1433 2661 1491 2682 ro-

824 2699 907 2732 bore
929 2698 1088 2743 praedita
1120 2696 1209 2731 fieri.
1256 2695 1382 2741 Neque
1407 2706 1491 2740 pro-

822 2748 965 2800 pterea,
998 2744 1090 2800 quod
1121 2742 1202 2777 alibi
1234 2743 1307 2776 fere
1339 2741 1491 2775 homines

823 2791 890 2835 ipsi
912 2787 1188 2837 ἄνδρούμενοι,
1213 2784 1488 2832 ἀνδρωθέντες,

1259 2847 1299 2888 Ν
