1807 3219
467 91 805 135 CIVITAS
846 92 968 135 LIB.
1000 93 1072 134 VI.
1104 98 1171 131 492

1428 91 1511 132 167

123 216 205 260 ”13
226 202 481 258 Ὑίννδῡθαι»
520 198 687 261 ἇσθενῆ
717 204 764 249 δὲ
795 203 936 262 φύσιν
963 203 1166 262 μεγάλων
1195 201 1297 248 οὔτε
1326 201 1513 260 ἀγαθῶν

124 270 226 316 οὔτε
256 273 406 314 κακῶν
433 272 579 315 αἰτίαν
605 273 710 318 ποτὲ
739 273 916 319 ἔσεσθαι
926 290 939 325 ;
993 271 1110 323 Οὔκ,
1149 267 1283 324 ἀλλὰ,
1311 265 1343 328 ἦ
1367 269 1417 316 δ’
1447 268 1511 323 ὃς,

122 339 277 391 οὕτως.

323 337 412 382 “Ha
446 341 603 385 τοίνυν
641 342 796 399 ἔθεμεν
834 345 916 386 τοῦ
955 338 1214 398 φιλοσόφου
1252 337 1415 396 φύσιν,
1455 336 1513 382 ἂν
1534 343 1603 380 492

123 409 225 466 μὲν,
264 405 422 464 οἶμαι,
467 407 701 466 μαθήσεως
735 408 1046 467 προσηκούσης
1081 408 1214 466 τύχῃ,
1265 410 1327 460 εἷς
1363 411 1513 452 πᾶσαν

124 476 284 535 ἀρετὴν
311 474 482 534 ἀνάγκη
511 476 815 536 αὐξανομένην
845 477 1156 532 ἀφικνεῖσθαι,
1188 475 1268 521 ἐὰν
1298 475 1345 520 δὲ
1375 473 1434 533 μὴ
1464 474 1514 519 ἐν

122 543 413 604 προσηκούσῃ
444 546 657 603 σπαρεῖσά
687 563 732 592 τε
767 547 841 592 καὶ
870 552 1143 603 φυτευθεῖσα
1177 543 1413 600 τρέφηται,
1452 542 1514 594 εἷς

122 614 267 660 πάντα
293 611 505 659 τάναντία
535 618 617 669 αὐ,
667 615 746 670 ξαν
784 614 845 674 μή
883 633 948 668 τις
988 615 1100 673 αὐτῇ
1136 610 1365 672 βοηθήσας
1392 613 1514 655 θεῶν

122 683 245 742 τύχῃ.
278 681 308 740 ἢ
335 683 410 728 καὶ
440 683 497 728 συ
526 681 634 742 ἡγῇ,
665 683 810 740 ὥσπερ
831 685 876 728 οἷ
896 685 1077 736 πολλοὶ,
1107 679 1515 739 διαφθειρομένους

120 753 246 805 τινας
273 749 388 797 εἶναι
415 750 505 797 ὑπό
541 756 769 808 σοφιστῶν
798 753 949 806 νέους,
1000 753 1344 810 διαφθείροντας
1373 749 1421 793 δέ
1451 765 1515 792 τι-

121 838 203 875 νας
230 821 445 879 σοφιστάς
468 821 742 874 ἰδιωτικούς,
774 819 842 866 ὅτι
861 822 936 866 καὶ
961 821 1085 875 α”ξιον
1114 820 1273 878 λόγου,
1308 814 1406 863 ἀλλ’
1431 815 1515 862 οὐκ

122 889 287 942 αὐτοὺς
325 889 433 942 τούς
471 894 609 935 ταῦτα
648 891 856 948 λέγοντας
893 891 1125 948 μεγίστους
1161 888 1242 946 μὲν
1282 885 1398 933 εἶναι
1435 897 1510 931 σο-
1533 891 1572 934 Β

170 1011 260 1051 οὔτε
279 1035 328 1042 -
347 1011 458 1060 οὔτε]
487 1017 594 1050 oel—
608 1019 663 1052 vel
685 1017 764 1052 Fic.

169 1060 408 1119 ἔσεσθαιι]
393 1061 557 1096 ἔσεσθαι.
580 1063 656 1097 Ald.

170 1105 276 1165 Ουκ,
304 1105 424 1164 ἄλλοι]
462 1105 532 1146 οὐκ
558 1106 651 1142 ἄλλα
686 1109 788 1145 Υιιιᾶ.

122 1155 166 1189 Ε.
199 1134 276 1189 οὐκ
297 1150 391 1188 ἄλλοι
422 1153 524 1192 hnd.
554 1155 598 1188 F.
647 1155 789 1190 Ficinns

121 1201 339 1236 Adimantum
363 1201 443 1235 Non
462 1205 555 1235 certe
580 1201 789 1247 responden-

122 1251 192 1281 tem
214 1248 309 1281 fecit.

159 1289 303 1349 “Ην]ἢ
307 1305 329 1327 ν
351 1292 453 1328 Vind.
477 1292 522 1328 E.

53 1351 122 1386 492
166 1337 257 1384 μὲν]
283 1337 334 1384 μὴ
357 1339 409 1377 L
411 1340 445 1374 b.
469 1340 550 1374 vat.
575 1339 624 1373 ιιι.
649 1343 789 1385 etpun-

122 1387 190 1420 ctis
206 1386 467 1441 circumpositis
492 1385 594 1420 Vind.
618 1385 660 1421 Β.

121 1478 154 1512 F
167 1429 290 1513 ‘23'le
307 1443 414 1512 ἶξίχω
427 1431 539 1511 ἔῖιοῖι,
552 1432 865 1512 ’ἰὲζῖωιζέὲῗ

122 1490 331 1606 ξιιζαρὸεῐτεὶηιῖ]
346 1489 499 1604 Augen}
513 1490 580 1567 μξν
603 1524 680 1560 Ald.
704 1525 785 1560 Bas.

121 1574 790 1698 ...ῖιῖέὖέςψιῡέιέθξξῗῗ

120 1710 255 1754 pontini
277 1712 414 1750 tacent,
440 1675 786 1744 Ven.c.x‘{1t.BM.

122 1755 224 1791 Vind.
247 1757 289 1790 B.
316 1755 408 1789 Mon.
431 1755 473 1789 B.
497 1756 585 1800 Aug.
597 1756 637 1788 B.
663 1756 788 1810 quibus

121 1803 289 1836 accedunt
312 1801 398 1836 Lob.
422 1806 458 1834 et
481 1786 786 1843 x1nd.F.a1350-

120 1846 237 1892 μένην
271 1848 374 1883 Vind.
405 1847 446 1880 E.
479 1852 515 1881 et
546 1851 710 1893 quantum
744 1860 787 1881 ex

121 1894 277 1929 Bekkeri
307 1898 344 1927 et
387 1894 605 1927 Stallbaumii
649 1894 786 1928 silentio

120 1941 291 1982 efficitur,
337 1941 423 1974 Ven.
446 1940 488 1973 B.
522 1941 602 1974 Vat.
628 1941 672 1974 H.
703 1941 736 1973 F
738 1941 789 1974 lo-

120 1987 315 2032 renfinique
337 1997 454 2020 omnes
483 1997 558 2019 cum
582 1986 685 2020 editis
710 1991 789 2020 ante

120 2033 324 2069 Bekkerum.
344 2043 477 2077 semper
486 2033 788 2077 proficiendoFic.

121 2079 228 2113 Immo
251 2080 333 2113 dum
356 2079 535 2113 adolescit.

167 2123 218 2169 μὴ
250 2122 314 2170 ἒν]
349 2121 389 2158 ἐν
421 2121 472 2168 μή
507 2125 676 2158 editiones
708 2128 789 2158 ante

121 2171 338 2213 fflkkerum,
362 2171 423 2216 qni
446 2171 630 2204 secundum
653 2171 790 2205 eosdem

123 2217 279 2260 codices,
311 2217 371 2272 qni
396 2213 663 2266 αὐξανομένην
687 2229 790 2262 praes

122 2264 290 2304 buerunt,
315 2260 366 2307 μή
389 2270 428 2296 εν
452 2263 609 2307 scripsit,
634 2264 678 2296 de
700 2265 786 2298 Ven.

122 2310 164 2344 B.
188 2311 268 2344 Vat.
293 2309 337 2343 H.
364 2309 488 2343 iterum
510 2309 596 2343 nihil
628 2310 788 2345 ostendit.

121 2352 172 2400 μή
195 2352 236 2390 ἒν
260 2356 326 2389 mei
357 2367 494 2400 quoque
527 2359 562 2388 et
594 2355 790 2391 Florentini

123 2413 240 2436 omnes
286 2402 415 2435 habent
460 2404 496 2435 et
535 2401 714 2446 Bipontini
746 2414 789 2436 ex

123 2447 202 2482 Par.
215 2448 260 2482 K.
278 2450 469 2482 enotarunt.
502 2447 558 2481 Cf.
583 2447 669 2504 Lfg.
688 2448 788 2484 1..11.

123 2505 157 2550 p.
183 2496 262 2530 671.
295 2494 349 2529 D:
381 2490 432 2537 μή
470 2490 564 2537 μετὰ
599 2490 790 2538 αρχόντων

124 2537 344 2596 ἀθορύβων.
400 2540 522 2596 Eur-ip.
545 2540 673 2574 Phoen.
698 2542 788 2576 536·

124 2583 194 2621 οὐκ
228 2590 269 2622 εὐ
299 2584 415 2630 λέγειν
439 2584 509 2630 χρή
541 2583 590 2629 μή
619 2583 676 2620 ’πὶ
710 2589 790 2627 τοῖς

124 2630 243 2677 ἔργοις
281 2635 420 2672 καλοῖς.
463 2636 498 2665 et
537 2632 606 2666 alia
637 2634 791 2678 exempla

123 2680 216 2714 inter
240 2691 304 2721 ea,
327 2690 417 2725 quae
435 2678 625 2713 Fischerus
649 2679 791 2714 contulit

125 2724 169 2760 ad
193 2726 326 2760 Criton.
342 2737 386 2781 p.
413 2726 492 2760 187.
503 2736 569 2782 sq.

171 2769 352 2816 σπαρεῖσά
378 2781 419 2806 τε
452 2770 516 2806 καὶ
545 2771 788 2816 φυτευθεῖσα]

845 1016 942 1050 Haec
965 1015 1082 1069 Astius
1114 1014 1150 1049 in
1183 1017 1263 1050 tert.
1286 1013 1383 1048 uncis
1403 1012 1513 1047 inclu-

847 1063 910 1104 sit,
937 1074 1040 1115 quun}
1063 1061 1099 1095 in
1123 1072 1176 1106 pr.
1201 1066 1236 1095 et
1259 1072 1329 1095 sec.
1354 1060 1428 1094 sine
1453 1070 1512 1092 no—

847 1112 883 1142 ta
908 1108 1125 1142 tramisisset.
1180 1107 1305 1153 Neque
1337 1117 1420 1140 vero
1450 1104 1514 1138 du-

848 1155 1024 1189 bitandum
1047 1158 1121 1196 est,
1157 1154 1239 1198 quin
1273 1154 1436 1187 Socrates
1461 1151 1514 1186 eis

846 1212 929 1235 usus
952 1201 1019 1239 sit,
1060 1204 1099 1233 nt
1122 1200 1239 1233 statim
1272 1199 1315 1233 ab
1339 1198 1436 1233 initio
1460 1197 1515 1231 τι·

847 1250 905 1280 tae
928 1246 1162 1280 educationem
1194 1246 1264 1280 vim
1296 1256 1392 1279 suam
1416 1255 1515 1278 exse-

849 1304 926 1327 rere
950 1293 1210 1326 demonstraret.
1235 1312 1281 1318 -—
1304 1291 1345 1325 In
1370 1292 1456 1327 Ven.
1471 1289 1513 1323 C.

847 1351 887 1373 τε
911 1339 1071 1372 omissum
1094 1350 1130 1372 es
1132 1342 1157 1372 t.

894 1382 990 1429 αὐτη
1012 1383 1209 1440 βοηθησας
1236 1383 1363 1427 θεῶν]
1391 1394 1452 1418 αν.
1470 1382 1511 1416 θ.

847 1430 881 1477 β.
906 1431 995 1465 Lob.
1019 1432 1060 1465 θ.
1083 1443 1144 1464 av.
1163 1431 1198 1476 β.
1224 1429 1364 1464 Vat..M
1388 1425 1511 1463 am}-

868 1477 963 1523 ω.β
993 1477 1095 1514 Vind.
1116 1478 1157 1512 Β.
1191 1473 1287 1520 αὐτῆ
1309 1475 1514 1530 βοηθείσας

844 1525 885 1565 (a
916 1535 959 1558 m.
979 1535 1006 1557 s.
1026 1523 1061 1557 id
1085 1528 1277 1557 correctum
1298 1523 1334 1556 in
1353 1519 1511 1566 -ήσας)

845 1570 948 1605 θεῶν
971 1571 1002 1604 Υ
1004 1570 1071 1604 ind.
1096 1570 1139 1603 F.

890 1614 958 1661 τύχ
936 1616 1004 1673 χῃς]
1030 1627 1137 1659 τυχοι
1159 1615 1245 1649 Lob.

890 1659 963 1718 ἢ]
964 1675 988 1706 η
1014 1663 1100 1696 Lob.
1125 1662 1226 1696 hnd.
1248 1661 1290 1695 B.

890 1709 987 1754 ⁷575]
1022 1705 1107 1753 ἡγεῖ
1127 1708 1230 1744 Σιιιᾶ.
1253 1708 1298 1741 F.
1332 1710 1369 1741 et
1391 1717 1513 1740 recen-

845 1756 964 1790 tiores

891 1798 1251 1844 διαφθειρομένους]
1276 1798 1310 1834 δ.
1329 1796 1398 1843 μέν
1418 1798 1512 1832 Μοιι.

843 1848 884 1882 Β.
908 1848 1005 1882 Flor.
1029 1848 1073 1881 U.
1097 1846 1221 1881 Stallb.
1245 1845 1312 1889 μὲν
1335 1856 1440 1890 saepe
1460 1845 1512 1878 in·

844 1894 1049 1939 terpolatum
1074 1896 1138 1927 est.
1174 1893 1230 1927 Cf.
1242 1892 1318 1927 Vol.
1332 1891 1362 1925 Ι.
1384 1903 1419 1937 p.
1434 1892 1515 1933 162,

846 1952 878 1974 3.
904 1952 936 1975 n.
960 1942 993 1975 7.
1020 1940 1110 1979 184,
1123 1947 1163 1973 3.
1187 1950 1220 1973 ιι.
1249 1941 1279 1973 1.

895 1999 953 2021 οτι
978 1985 1041 2020 καὶ
1082 1982 1190 2027 ἄξιον
1219 1982 1284 2029 λόγ
1288 1984 1367 2028 ov]
1415 1983 1514 2017 Haec

845 2034 952 2067 verba
975 2032 1119 2066 Ficinus
1152 2043 1219 2065 non
1243 2030 1418 2070 omisisse,
1452 2028 1513 2063 sed

846 2090 1028 2132 perperam
1097 2077 1307 2112 intellexisse
1363 2076 1511 2113 videtur.

847 2137 949 2171 qumn
971 2125 1021 2159 ita
1045 2125 1091 2158 sit
1113 2124 1377 2169 interpretatus:
1400 2124 1456 2156 An
1474 2127 1514 2156 tn

848 2183 977 2216 quoque
993 2176 1109 2215 putas,
1124 2170 1410 2215 quemadmodum
1424 2170 1512 2202 mul-

847 2219 894 2259 ti,
918 2229 1068 2251 verum
1101 2228 1196 2251 esse
1229 2216 1396 2249 σιιοεᾱαπι
1424 2216 1512 2248 ado-

847 2266 895 2298 les
898 2269 1008 2298 centes
1052 2276 1074 2298 a
1115 2263 1279 2307 sophistis
1327 2261 1512 2305 corrumpi,

848 2315 1061 2352 corruptores
1091 2321 1173 2343 vero
1197 2319 1311 2341 eorum
1339 2307 1513 2352 sophistas

849 2357 1016 2401 quosdam
1046 2367 1116 2390 esse
1147 2356 1331 2400 privatos.-
1376 2365 1418 2387 ac
1444 2365 1512 2386 non

848 2415 906 2437 eos
933 2403 1050 2447 potius
1070 2405 1137 2435 etc.
1184 2401 1280 2434 Inter
1302 2399 1514 2433 recentiores

845 2460 933 2483 unus
966 2448 1085 2482 Astius
1117 2448 1152 2481 ιιι
1185 2450 1267 2480 tert.
1291 2457 1411 2479 verum
1435 2456 1516 2479 sen-

847 2506 920 2529 snm
955 2497 1131 2528 assecutus
1163 2505 1200 2526 es
1202 2497 1236 2525 t.
1269 2510 1316 2517 —
1335 2497 1370 2526 et
1396 2503 1514 2525 corru-

844 2548 965 2587 ptores
1004 2552 1074 2575 esse
1122 2540 1294 2581 sophistas
1341 2550 1419 2582 pru
1412 2542 1512 2579 atos

848 2588 937 2622 adeo
956 2592 997 2621 ut
1015 2588 1062 2621 sit
1086 2587 1229 2631 dignum
1250 2585 1352 2629 quod
1368 2596 1514 2617 comme—

847 2638 1009 2667 moretur.
1057 2633 1200 2666 Scilicet
1221 2630 1412 2663 nonnullam
1437 2641 1513 2663 cor

849 2678 1025 2724 rumpendi
1053 2679 1123 2711 vim
1154 2677 1316 2722 sophistis
1348 2677 1512 2710 Socrates

849 2725 1026 2765 concedit,
1050 2724 1111 2758 sed
1134 2724 1201 2757 hoc
1224 2723 1335 2768 ipsum
1359 2733 1512 2755 corrum-

848 2782 932 2818 pere
963 2781 1035 2805 rem
1078 2770 1204 2805 nullius
1245 2768 1404 2803 momenti
1437 2779 1514 2802 esse
