1807 3219
289 224 347 265 34

735 216 1212 263 PLATONIS

286 336 381 384 ταῖς
426 330 652 389 γυναιξὶν,
710 330 740 388 ἢ
789 334 882 380 τοῖς
923 328 1111 384 οἷνδρᾶσι
1153 327 1305 372 δοτέον
1355 327 1430 371 διοὶ
1469 329 1548 386 τὴν
1592 335 1673 375 τοῦ

287 400 446 456 γένους
486 399 737 444 ἀσθένειαν.

798 398 821 443 ὁ
854 397 901 442 δὲ
938 402 1076 454 γελῶν
1117 396 1226 454 ἀνὴρ
1264 397 1333 440 ἐπὶ
1369 402 1555 452 γυμναῖς
1592 415 1674 454 γυ-

224 476 260 518 Β
286 468 402 519 ναιξὶ
441 471 524 510 τοῦ
571 468 796 524 βελτίστου
852 466 978 510 ἕνεκα
1029 466 1371 523 γυμναζομέναις
1415 463 1543 521 ἀτελῆ
1593 469 1674 510 τοῦ

284 537 461 592 γελοίου
492 537 652 592 σοφίας
680 535 852 617 δρέπων
881 552 1053 589 καρπον
1085 533 1215 578 οὐδὲν
1247 531 1386 585 οἶδεν,
1431 530 1490 584 aig
1520 533 1674 585 ἔοικεν,

285 603 353 659 ἐφ’
386 605 419 660 ᾧ
458 607 563 661 γελᾷ
605 601 704 648 οὐδ’
743 604 809 647 ὅτι
847 603 1035 659 πράττει.
1077 602 1283 647 κάλλιστα
1319 602 1403 658 γὰρ
1444 601 1497 658 δὴ
1538 605 1673 644 τοῦτο

285 672 360 716 καὶ
390 671 558 728 λέγεται
587 673 661 716 καὶ
690 674 897 726 λελέξεται
917 705 928 725 ,
967 671 1033 715 ὅτι
1069 671 1118 714 τὸ
1159 672 1238 728 μὲν
1267 669 1492 728 ὠφέλιμον
1521 669 1671 722 καλὸν,

286 821 322 855 in
346 832 412 866 quo
438 820 469 854 ω’
493 833 596 867 super
622 819 644 856 6
669 821 877 867 adscriptum
901 820 950 854 le-

286 868 398 924 gitur,
422 868 623 921 praelatum.
650 868 752 902 Nullo
776 881 857 902 vero
880 879 952 900 mo—

286 915 329 947 do
363 910 623 957 ἐμμετρώτατα
658 919 693 947 et
717 913 951 958 πικρεότατον

286 960 481 1004 probanda,
552 971 694 1006 quorum
740 961 821 994 illud
863 959 953 992 infia

285 1017 319 1050 p.
345 1006 425 1040 474.
454 1006 495 1038 D.
528 1006 593 1039 hoc
623 1006 736 1050 Epist.
762 1007 838 1039 VII.
870 1006 950 1040 336

284 1052 324 1085 Β.
350 1052 531 1085 Bekkerus
555 1057 594 1085 ut
624 1058 741 1085 nostro
774 1053 847 1086 loco
872 1049 950 1084 ἐλα-

286 1095 460 1141 φρώτερα
484 1103 519 1131 et
540 1098 629 1131 Tim.
644 1100 699 1133 56.
720 1098 758 1131 B.
786 1094 952 1141 ἐλαφρῶ-

285 1156 400 1177 τατον
449 1155 490 1177 ex
539 1143 735 1178 coniectura
787 1143 951 1184 exhibuit,

286 1201 386 1235 quam
411 1189 657 1223 Stallbaumius
692 1190 726 1223 in
763 1190 871 1224 altero
897 1201 952 1222 se·-

286 1240 384 1269 cutus
419 1240 493 1276 est,
538 1247 640 1280 quum
676 1237 763 1269 infra
788 1236 828 1269 L.
854 1235 948 1269 VIII.

284 1293 318 1327 Ρ.
346 1283 424 1317 569.
464 1281 504 1314 C.
553 1279 784 1325 πικροτάτην
831 1286 952 1315 neuter

286 1339 401 1361 eorum
427 1327 682 1361 attrectaverit.
728 1328 822 1361 Idem
847 1327 953 1361 Stall-

284 1374 440 1408 baumius
473 1373 508 1406 in
544 1373 596 1407 ed.
643 1385 711 1407 sec.
760 1373 953 1408 Bekkerum

283 1421 422 1454 brevem
445 1418 596 1453 vocalem
620 1419 655 1452 in
673 1419 861 1454 huiusmodi
881 1421 953 1453 for-

284 1465 346 1500 mis
371 1477 433 1511 per
460 1470 568 1499 totum
583 1465 760 1499 Platonem
784 1467 954 1511 expulisse

284 1512 423 1546 tradens
466 1511 665 1544 Buttmanni
701 1512 953 1545 annotationem

284 1568 390 1614 supra
416 1557 598 1591 indicatam
622 1569 689 1591 non
713 1557 807 1602 legit.
836 1559 953 1591 Etiam

286 1600 498 1647 οἷκρότατον
522 1603 612 1637 infra
637 1615 670 1649 p.
692 1604 771 1639 459
798 1604 841 1638 Ε.
867 1605 951 1648 Leg.

285 1650 328 1683 V.
355 1652 434 1685 730.
461 1650 504 1683 Ε.
531 1654 567 1683 et
590 1649 712 1684 similia
744 1650 874 1684 intacta
897 1662 954 1684 re-

285 1696 385 1743 liquit
408 1696 599 1732 Bekkerus.

331 1783 357 1831 ἢ
384 1805 432 1812 —
432 1784 633 1843 γυναιξὶ]
682 1799 749 1821 om.
793 1787 871 1821 vat.
909 1786 950 1820 B.

286 1834 403 1867 Verba
427 1827 451 1876 ἢ
477 1835 557 1872 τοῖς
582 1829 742 1876 ἄνδρασι
765 1844 874 1877 neque
891 1832 953 1865 Fi—

287 1879 383 1913 cinus
430 1878 605 1932 expressit
648 1890 759 1924 neque
804 1879 952 1922 scriptor

286 1925 354 1959 nisi
399 1936 461 1969 per
517 1924 758 1981 negligentiam
811 1924 953 1965 addidit,

310 1970 385 2004 uasi
417 1982 483 2004 non
523 1983 572 2004 τα
604 1968 859 2015 ἐλαφρότερα,
893 1950 954 2003 sed

286 1983 520 2060 ἓλαφρότερα
562 2016 716 2050 dixisset.
774 2017 842 2050 Pro
890 2013 954 2049 οἷν-

287 2062 399 2107 δράσι
424 2061 556 2096 δοτέον
581 2062 755 2097 Stobaeus
771 2059 955 2106 α’νδράσιν

287 2075 500 2143 α’ποδοτέον
524 2109 639 2142 habet.

335 2195 355 2235 ὁ
381 2197 421 2233 δε
445 2199 561 2243 γελῶν
588 2219 635 2224 —-
659 2199 746 2246 γελᾷ
778 2199 817 2232 Β.
834 2198 846 2242 ]
879 2197 955 2231 lau-

287 2246 371 2280 dant
393 2246 564 2279 Eusebius
591 2257 710 2291 praep.
731 2257 782 2279 ev.
803 2245 843 2278 L.
855 2243 952 2277 XIII.

346 2291 426 2327 413.
461 2296 497 2326 et
528 2292 768 2326 Theodoretus
800 2290 953 2334 Therap.

286 2304 330 2372 L.
354 2337 467 2371 VIIII
492 2350 526 2393 p.
546 2339 625 2373 937.
649 2338 714 2371 hac
737 2335 954 2394 praefatione

287 2395 393 2418 usus:
415 2381 590 2423 κελεύσας
612 2381 683 2438 γὰρ
707 2382 771 2417 καὶ
800 2380 869 2422 τὰς
891 2393 953 2425 γυ-

287 2432 440 2486 ναῖκας,
488 2442 534 2464 ου
578 2427 697 2473 μόνον
741 2426 812 2468 τὰς
851 2427 953 2471 νέας,

289 2473 382 2509 ἀλλὰ
422 2474 486 2509 και
516 2473 587 2515 τὰς
616 2474 858 2520 γεγηρακυίας
890 2486 952 2530 γυ-

287 2520 514 2566 μνάζεσθαι,
555 2519 635 2556 εἶτα
658 2521 841 2577 γελῶντας
862 2518 955 2559 τοὺς

287 2566 668 2623 προσδιαλεγομένους
692 2566 785 2602 ἰδών
811 2563 953 2602 υπολα-

289 2612 368 2659 βιὸν
393 2611 476 2658 §.qm

337 2700 457 2748 ανὴρ]
484 2717 548 2739 om.
573 2704 648 2740 Fic.

337 2791 397 2829 ἐπὶ
413 2797 568 2838 γυμναῖς
584 2794 744 2840 γυναιξὶ]
766 2808 830 2830 om.
850 2795 952 2829 Vind.

290 2842 331 2875 B.
365 2841 479 2884 (cuius
502 2841 577 2875 loco
606 2842 640 2875 in
663 2842 814 2875 Bekkeri
837 2853 953 2875 comm.

288 2898 470 2934 perperam
489 2887 565 2921 Vat-
577 2888 618 2922 Β.
641 2887 853 2933 significatus
871 2889 954 2932 est.)

1008 820 1087 855 vat.
1111 821 1159 854 M.
1185 818 1211 854 ε’.
1239 833 1270 864 γ.
1297 822 1380 859 ταῖς
1403 832 1479 864 γυν.
1504 819 1606 854 Vind.
1628 818 1673 852 D.

1007 867 1086 900 Vat.
1110 867 1156 901 H.
1184 868 1309 902 Euseb.
1334 866 1466 900 Theod.

1054 954 1188 1002 οἷτελῆ]
1215 954 1282 991 α’τε
1308 955 1352 1001 δὴ
1380 968 1499 1011 margo
1523 957 1603 991 Par.
1628 957 1671 990 A.

1006 1005 1187 1038 seeundum
1212 1004 1392 1037 Faehsium
1419 1004 1469 1046 (‚,
1475 999 1538 1036 α’τε
1563 1001 1608 1047 δὴ
1629 1015 1673 1047 γρ

1007 1053 1074 1084 Α.“
1107 1051 1326 1094 Bekkeius.)
1377 1050 1506 1083 Euseb.
1539 1050 1671 1082 Theod.

1010 1097 1104 1130 cuius
1129 1108 1170 1129 ex
1196 1096 1269 1131 cod
1281 1098 1480 1139 Augustano
1501 1095 1674 1141 antiquio-

1007 1154 1046 1176 re
1080 1142 1283 1187 Sylburgius
1316 1141 1360 1185 δὴ
1397 1142 1550 1186 recepit,
1583 1141 1674 1194 quod

1007 1189 1110 1244 vulgo
1135 1189 1263 1222 deerat.
1302 1189 1372 1222 Sed
1395 1188 1430 1222 in
1454 1188 1527 1221 cod.
1553 1186 1674 1221 Ursini

1008 1231 1119 1279 οἷτελῆ
1145 1239 1232 1269 erat.

1053 1325 1123 1360 τοῦ
1147 1325 1310 1370 γελοίου]
1335 1323 1398 1360 διὰ
1424 1338 1455 1359 τ.
1481 1337 1512 1368 γ.
1539 1323 1673 1358 Theod.

1009 1376 1152 1417 excepto
1177 1373 1251 1406 cod
1275 1372 1404 1406 Ursini.
1432 1373 1524 1405 εἰιοα
1543 1372 1675 1405 ridicu-

1009 1421 1062 1452 las
1089 1430 1205 1463 nugas
1232 1419 1305 1451 Fic.
1362 1419 1462 1462 Apud
1488 1418 1675 1451 Stobaeum

1009 1476 1107 1498 serm.
1133 1464 1330 1498 LXXVIII.
1361 1476 1393 1508 p.
1419 1465 1497 1499 465.
1546 1462 1676 1496 Pinda-

1008 1522 1067 1544 rus
1102 1511 1166 1544 hoc
1201 1510 1236 1543 in
1275 1510 1502 1566 phjsiologos
1546 1509 1676 1542 dixisse

1008 1557 1176 1590 traditur·
1220 1554 1312 1595 τοὺς
1354 1555 1676 1612 φνσιολογοῦντας

1011 1601 1081 1646 ε’φη
1119 1602 1321 1659 Πίνδαρος
1370 1599 1484 1646 οἷτελῆ
1541 1600 1679 1644 σοφίας

1008 1646 1157 1693 καρπὸν
1182 1646 1342 1692 δρέπειν.
1368 1648 1463 1682 Idem
1482 1647 1678 1681 Boeckhius

1008 1696 1052 1729 T.
1077 1695 1124 1728 II.
1149 1707 1183 1741 p.
1197 1699 1250 1730 10.
1275 1695 1366 1728 inter
1390 1694 1679 1746 apophthegmata

1008 1741 1149 1774 Pindari
1173 1753 1192 1774 e
1226 1740 1342 1774 codice
1367 1740 1508 1773 Vratisl.
1534 1738 1675 1773 retulit:

1007 1785 1098 1826 τοὺς
1123 1787 1442 1841 φυσιολογοῦντας
1455 1784 1536 1841 ε’φη
1561 1782 1675 1829 οἷτελῆ

1009 1833 1146 1877 σοφίας
1170 1830 1317 1886 δρέπειν
1340 1829 1498 1876 καρπόν.
1525 1835 1560 1865 et
1584 1831 1676 1864 eius-

1009 1880 1085 1912 dem
1105 1879 1187 1912 tomi
1206 1884 1306 1924 parte
1323 1880 1434 1912 altera
1457 1890 1490 1922 p.
1517 1879 1597 1913 669.
1621 1877 1677 1910 in-

1008 1925 1148 1970 geniose
1159 1925 1224 1959 hoc
1240 1937 1313 1958 cum
1325 1926 1434 1958 altero
1447 1924 1586 1958 Pindari
1602 1924 1675 1957 fra-

1008 1974 1144 2014 gmento
1169 1983 1189 2005 a
1211 1971 1355 2005 Platone
1378 1971 1524 2004 Theaet.
1546 1981 1581 2014 Ρ.
1595 1971 1674 2004 173.

1009 2018 1052 2051 D.
1077 2022 1214 2050 servato
1248 2017 1432 2050 coniumrit.
1479 2016 1551 2049 Sed
1583 2014 1675 2060 quod

1008 2063 1119 2108 priori
1150 2065 1224 2096 loco
1258 2062 1462 2096 Schneideri
1502 2061 1676 2096 coniectu-

1009 2120 1083 2142 ram
1121 2108 1258 2152 σοφίας
1298 2121 1318 2142 e
1354 2111 1470 2141 nostro
1508 2107 1675 2141 eiicientis

1010 2154 1130 2188 scitam
1154 2154 1258 2196 dicit,
1284 2166 1349 2187 non
1372 2153 1479 2198 magis
1503 2154 1535 2187 ei
1557 2165 1674 2186 assen-

1010 2201 1102 2241 tior,
1134 2212 1233 2245 quam
1266 2199 1510 2241 Stallbaumio,
1551 2198 1609 2243 qui
1639 2198 1675 2232 in

1010 2246 1063 2280 ed.
1090 2257 1158 2279 sec.
1197 2246 1265 2280 τοῦ
1295 2246 1442 2290 γελοίου
1477 2257 1519 2279 ex
1543 2246 1675 2300 glosse-

1009 2295 1100 2326 mate
1125 2292 1274 2325 additum
1299 2292 1502 2337 suspicatur.
1526 2288 1675 2335 καρπὸν

1010 2337 1148 2381 σοφίας
1178 2338 1277 2372 Plato
1306 2339 1454 2371 fructum
1482 2337 1675 2382 sapientiae

1011 2384 1118 2426 dicit,
1152 2396 1251 2438 quem
1286 2384 1373 2417 risor
1405 2384 1471 2418 iste
1507 2383 1605 2429 quasi
1632 2383 1676 2416 de

1011 2431 1134 2464 arbore
1158 2430 1348 2475 sapientiae
1372 2441 1454 2464 suae
1478 2430 1675 2483 decerpere,

1011 2477 1044 2510 h.
1071 2488 1101 2509 e.
1125 2476 1291 2521 sapientia
1322 2488 1384 2510 sua
1415 2475 1584 2509 invenisse
1607 2474 1676 2508 sibi

1010 2522 1166 2563 videtur,
1203 2522 1413 2567 eundemque
1435 2521 1504 2555 τοῦ
1529 2521 1676 2564 γελοίου

1008 2566 1155 2611 καρπὸν
1189 2568 1340 2613 appellat
1369 2571 1489 2613 utpote
1519 2567 1554 2600 in
1589 2567 1675 2600 ridi-

1011 2613 1085 2648 culo
1109 2614 1255 2658 positum
1280 2619 1316 2648 et
1337 2613 1465 2647 ridendi
1495 2613 1675 2646 materiam

1008 2660 1043 2693 in
1068 2671 1106 2693 se
1122 2659 1364 2694 continentem.
1392 2661 1448 2693 die
1471 2659 1674 2694 ll'eisheits-

1002 2707 1128 2749 frucht
1154 2707 1214 2740 des
1232 2706 1473 2741 ῑᾶοὴενῑίοῆεπ.

1056 2796 1228 2841 δρέπων]
1271 2795 1498 2840 δρεπόμενος
1539 2789 1672 2829 Theod.

1009 2849 1152 2888 excepto
1177 2844 1248 2876 cod.
1275 2843 1414 2884 Ursini,
1455 2841 1674 2886 quemadmo-

1009 2889 1087 2923 dum
1111 2889 1225 2923 Attico
1243 2889 1334 2935 apud
1351 2888 1536 2922 Eusebium
1552 2899 1670 2933 praep.
