1807 3219
475 162 813 208 CIVITAS
859 163 981 207 LIB.
1012 163 1065 205 V.
1096 166 1165 202 4791>

138 271 297 332 ἄμαχοι
339 272 395 318 ἂν
431 271 536 318 εἷεν·

137 341 222 386 ὅσα
253 341 310 386 ἂν
344 344 409 399 εἴη
448 340 620 398 αὐτοῖς,
661 342 770 400 ὁρῶ·

1470 169 1527 208 99

592 274 667 319 καὶ
707 279 825 322 ο’ίκοι
864 294 912 334 γε
952 273 981 320 ἃ
1019 275 1331 331 παραλείπεται
1361 274 1523 332 ἀγαθὰ,

822 344 917 390 ἀλλ’
955 344 1012 396 ὡς
1052 343 1161 399 ἐμοῦ
1199 342 1524 400 ὁμολογοῦντος
1549 353 1584 394 Ε

135 409 279 454 πάντα
304 415 442 455 ταῦτα
472 411 539 456 ὅτι
570 414 635 469 εἴη
665 411 743 467 ἂν,
773 415 847 458 καὶ
878 413 988 458 ἄλλα
1018 427 1065 468 γε
1094 414 1256 468 μυρία,
1288 415 1325 456 εἰ
1349 412 1523 470 γένοιτο

120 478 162 536 ἦ
195 480 390 523 πολιτεία
419 479 546 536 αὕτη,
586 480 737 536 μηκέτι
778 484 912 526 πλείω
951 481 1052 538 περὶ
1092 478 1227 538 αὐτῆς
1257 481 1376 538 λέγε,
1414 482 1524 527 ἄλλα

135 551 265 592 τοῦτο
305 546 412 592 αὐτὸ
454 547 538 606 ἤδη
576 548 831 606 πειρώμεθα
868 549 983 607 ἡμᾶς
1025 547 1190 601 αὐτούς
1231 551 1421 602 πείθειν,
1464 550 1524 603 ὥς

133 616 326 659 δυνατὸν
369 611 515 675 καῖᾗ
555 617 771 670 δυνατὸν,
832 620 886 663 τὰ
927 616 971 664 δ’
1015 617 1126 663 ἄλλα
1164 619 1333 675 χαίρειν
1372 618 1520 675 ἐῶμεν.

129 679 381 742 Ἑξαίφνηζ
416 702 464 742 γε
523 685 604 740 σύ,
662 682 719 745 ἦν
766 686 812 731 δ’

128 751 318 809 ἐποιήσω
365 753 435 798 ἐπὶ
481 753 574 804 τὸν,
598 754 733 813 λόγον
783 773 893 812 μου,

125 899 183 936 θα
205 903 298 938 nulla
322 903 594 950 interpunctione
620 913 702 939 usus
730 909 796 948 est,

127 949 163 984 in
182 953 295 984 annot.
318 962 353 995 p.
379 953 436 986 21.
462 951 592 986 mavult
619 953 716 997 quasi
734 964 798 997 per

125 997 347 1040 parenthesin
371 997 486 1042 posita
515 997 692 1042 accipere,
726 1010 795 1044 qua

124 1043 260 1076 ratione
292 1047 412 1078 contra
434 1044 616 1078 verbormn
643 1044 794 1079 ordinem

125 1085 257 1143 ἁγαθοὶ
285 1090 329 1123 ab
359 1085 384 1122 ἃ
417 1090 590 1124 divellitur
619 1091 793 1136 artiusque

125 1146 201 1168 cum
219 1131 291 1168 ὅσα
309 1136 538 1181 coniungitur.
585 1136 638 1170 Ad
656 1149 793 1171 sensum

124 1180 277 1236 quidem
301 1183 410 1216 verba
463 1183 512 1215 ita
565 1184 792 1217 construenda

120 1231 217 1261 sunt:
242 1223 354 1281 ὁρῶ,
390 1224 463 1262 ὅσα
488 1223 537 1261 ἂν
571 1227 628 1272 εἴη
661 1227 791 1269 αὐτοῖς

121 1269 253 1316 dyas&
293 1273 417 1317 οἴκοι,
456 1269 480 1307 ὁὶ
509 1275 787 1317 παραλείπεται.

120 1319 191 1353 Sed
211 1320 370 1364 quoniam
385 1320 467 1354 belli
483 1321 609 1354 mentio
629 1333 787 1366 praeces-

118 1366 186 1407 sit,
207 1365 306 1400 οἴκοι
321 1367 468 1411 primum
483 1366 594 1401 locum
614 1379 688 1401 cum
707 1380 787 1422 par-

119 1412 226 1446 ticula
252 1424 292 1456 γε
319 1413 478 1458 accepit,
502 1425 603 1458 quam
620 1414 787 1448 inversio·

118 1469 195 1492 110111
221 1458 403 1493 consimilis
427 1439 634 1504 reiiquorum
662 1461 787 1494 verbo

117 1516 191 1538 rum
212 1505 411 1539 transiectio
428 1509 548 1540 secuta
565 1510 638 1548 est,
661 1510 700 1540 ut
719 1507 788 1541 iam

118 1552 182 1585 hoc
213 1551 283 1585 dici
313 1552 492 1586 videatur:
535 1565 576 1586 ac
599 1554 788 1587 domestica

118 1609 248 1643 quoque
281 1599 529 1641 praetermissa
556 1611 579 1633 a
613 1604 648 1633 te
685 1601 786 1641 bona,

118 1648 251 1696 quanta
270 1645 318 1677 eis
330 1645 596 1699 contingerent,
616 1647 728 1681 video.

163 1684 258 1744 ὅσα]
285 1685 339 1724 ο’σ’
361 1690 461 1725 Vind.
483 1691 528 1725 F.
547 1692 635 1735 Aug.
655 1693 696 1725 B.

71 1748 105 1788 E
163 1747 292 1770 παντα
309 1736 450 1781 ταῦτα]
478 1737 534 1771 Ita
554 1738 633 1771 Par.
643 1738 684 1771 A.
698 1737 784 1773 Lob.

119 1781 220 1816 Vind.
242 1783 316 1816 BF.
341 1784 427 1817 Ven.
448 1782 488 1816 C.
523 1783 610 1826 Aug.
629 1785 669 1817 B.
703 1785 784 1818 Vat.

115 1828 164 1862 Μ.
189 1828 286 1861 Flor.
310 1828 353 1862 R.
390 1840 457 1863 om.
485 1829 564 1863 Par.
588 1830 665 1863 DK.
690 1829 783 1864 Mon.

114 1874 156 1907 B.
192 1874 316 1908 ταῦτα
337 1872 463 1908 πάντα
492 1875 616 1920 reliqui
648 1876 784 1910 codices

114 1920 265 1965 aditique
291 1924 372 1954 ante
396 1921 593 1956 Bekkerum
619 1925 655 1956 et
680 1922 724 1956 in·
719 1934 782 1968 -.pr

113 1967 167 2001 ed.
189 1966 444 2001 Stallbaumius.

157 2013 221 2068 γε]
249 2025 316 2049 om.
336 2014 416 2048 Par.
438 2013 483 2049 K.
514 2025 584 2048 sec.
602 2014 712 2048 Bekk.

155 2055 202 2103 ἦ]
221 2071 287 2094 om.
309 2060 410 2096 Vind.
424 2060 500 2094 DE.
520 2061 600 2096 vat.
620 2060 665 2094 H.
685 2061 781 2095 Flor.

111 2104 278 2232 ἓὲιῖτη]
312 2149 470 2197 τοιαύτη
497 2152 585 2197 Aug.
612 2153 653 2187 B.
685 2153 780 2188 Flor.

157 2240 277 2288 αὐτό]
304 2246 382 2285 post
408 2239 483 2301 ἤδη
505 2244 607 2280 Vind.
625 2246 669 2280 F.
689 2247 776 2291 Ang.

111 2289 153 2323 B.
177 2289 274 2323 Flor.
298 2290 342 2325 R.
376 2288 488 2325 αυτοὶ
522 2291 601 2326 Par.
630 2292 675 2326 K.
706 2304 776 2327 sec.

110 2336 223 2371 Bekk.

42 2389 111 2425 472
157 2377 303 2427 ὥσπερ]
329 2384 408 2427 post
431 2382 672 2429 καταδρομὴν
690 2384 777 2420 Lob.

110 2428 212 2464 Vind.
233 2430 274 2463 B.
300 2430 380 2464 vat.
401 2429 482 2463 ΒΜ.
507 2431 633 2465 iterum
657 2432 777 2476 (inva-

107 2476 206 2519 sisti)
225 2475 301 2509 Fic.

155 2518 436 2578 σνγγινώσκεις]
455 2519 654 2566 γινώσκεις,
675 2535 775 2569 prae·-

106 2568 220 2622 posito
238 2579 320 2602 am.
342 2579 370 2602 s.
388 2565 459 2612 συ,
485 2570 565 2603 Vat.
583 2570 624 2602 B.
657 2579 774 2613 σνγγι

106 2611 237 2653 νώκεις
255 2614 347 2648 Mon.
371 2615 411 2647 B.
433 2594 773 2659 συγγιγνώσκεινειῖ.

144 2657 462 2714 ,ξυγγιγνώσκεις
491 2661 618 2694 Astius.
655 2672 773 2707 συγγι·

105 2704 280 2749 γνώσκεις
321 2707 500 2740 Bekkerus
531 2714 567 2740 et
598 2708 773 2742 Stallbau-

105 2751 211 2794 mins,
247 2752 342 2786 cuius
367 2753 536 2787 silentium
555 2753 773 2788 Florentinos

107 2798 242 2832 codices
270 2809 384 2833 onmes
427 2811 502 2832 cum
534 2800 706 2844 Stephano
737 2803 773 2833 et

106 2843 277 2888 prioribus
294 2856 316 2888 γ
338 2848 416 2880 ante
436 2857 459 2878 ν
486 2846 642 2881 omittere
665 2846 772 2891 signi-

857 687 973 745 ἐγώ,
1033 686 1178 742 ὥσπερ
1237 687 1519 744 καταδρομήν
1541 697 1610 733 472

954 756 1028 801 καὶ
1088 752 1143 801 οὐ
1206 754 1520 812 ’συγγινώσκεις

854 905 960 948 ficat3
995 905 1083 940 solet
1110 905 1198 939 enim
1237 905 1346 950 magis
1371 905 1518 940 Atticam

851 951 953 985 huius
973 951 1068 985 verbi
1096 951 1300 996 scripturam
1319 952 1518 987 exhibentes

850 997 1044 1042 singulatim
1063 997 1228 1040 indicare,
1247 1000 1285 1032 ut
1301 998 1415 1050 paullo
1437 1002 1517 1032 ante

876 1044 983 1079 .471.
1003 1044 1044 1078 D.
1072 1041 1334 1088 γιγνώσκοντες
1357 1044 1392 1078 111
1418 1044 1516 1078 Flor.

884 1091 1069 1136 ,scriptum
1087 1102 1163 1124 esse
1182 1093 1329 1124 testatus
1342 1094 1404 1124 est.
1422 1091 1515 1123 Bek-

848 1135 954 1170 kerus
987 1136 1215 1190 negligentior
1241 1137 1278 1171 iu
1300 1136 1364 1170 hac
1394 1148 1431 1170 re
1451 1137 1517 1171 fuit

847 1193 911 1216 nec
940 1182 1059 1224 aliter,
1092 1182 1156 1217 nisi
1169 1194 1237 1235 'per
1255 1182 1423 1226 gravioris
1445 1183 1514 1216 dis-

847 1229 1044 1273 crepantiae
1064 1229 1277 1262 occasionem
1295 1229 1512 1273 praetermis-

845 1286 920 1309 sum
936 1275 970 1309 in
990 1274 1062 1309 suis
1081 1275 1256 1309 codicibus
1269 1275 1379 1318 yillud
1399 1278 1513 1308 osten·

844 1321 916 1363 dit,
939 1325 978 1355 ut
998 1321 1062 1355 hoc
1086 1321 1163 1366 ipso
1191 1321 1267 1355 loco
1290 1321 1331 1354 de
1350 1320 1449 1356 Vind.
1469 1321 1512 1354 B.

844 1367 937 1401 Mon.
962 1369 1003 1401 B.
1036 1367 1115 1402 Par.
1147 1367 1190 1401 K.
1225 1371 1342 1401 tacens
1373 1367 1512 1402 Vatica-

845 1424 924 1446 num
942 1413 982 1447 B.
1011 1426 1081 1457 γ·ιν.
1112 1413 1240 1447 habere
1266 1412 1406 1446 fortuito
1434 1425 1512 1458 pro-

845 1459 942 1493 didit.
991 1459 1157 1494 Similiter
1181 1460 1316 1493 Menon.
1336 1471 1371 1504 p.
1391 1460 1446 1494 71.
1469 1460 1511 1493 B.

845 1506 946 1550 (326,
970 1507 1043 1550 17.)
1063 1506 1236 1550 vulgatam
1254 1503 1433 1551 γιγνώσκῃ
1450 1517 1513 1550 per

845 1552 980 1586 codices
1000 1552 1214 1586 retinendam
1233 1563 1298 1586 non
1322 1551 1429 1585 fuisse
1452 1551 1510 1585 de-

844 1598 1035 1632 claraturus
1071 1595 1263 1653 γιγνώσκει
1296 1597 1331 1631 111
1363 1597 1512 1642 quinque

842 1656 999 1686 suorum,
1024 1654 1194 1688 γινωσκει
1219 1655 1252 1678 111
1277 1645 1408 1697 septem
1435 1655 1511 1678 esse

843 1692 962 1724 refent.
1011 1690 1082 1724 Iam
1100 1702 1202 1735 quum
1220 1690 1294 1735 ipse
1319 1689 1443 1734 ubique
1458 1702 1509 1734 γι-

842 1734 992 1780 γνώσκω
1022 1736 1171 1778 scribat,
1201 1747 1276 1770 eam
1306 1735 1510 1780 scripturam

842 1782 1078 1827 videiipotest
1096 1782 1243 1816 saltem
1234 1794 1269 1816 111
1287 1794 1353 1815 11110
1364 1782 1508 1816 011111111111

842 1829 967 1873 optimo
995 1832 1193 1863 constantei
1217 1831 1386 1862 servatam
1413 1828 1507 1862 inve-

841 1876 943 1909 nisse.
991 1876 1118 1910 Verum
1149 1878 1262 1908 tamen
1288 1874 1320 1907 in
1343 1874 1445 1908 simili
1469 1886 1509 1908 re

841 1921 1110 1955 animadversam
1130 1921 1250 1965 optimi
1281 1921 1510 1957 constantiam

839 1967 973 2002 silentio
994 1979 1062 2002 non
1082 1967 1264 2013 praeteriit
1284 1970 1319 2000 et
1336 1967 1507 2000 Parisien-

840 2026 911 2048 sem
936 2014 977 2048 A.
1006 2025 1140 2059 semper
1171 2013 1342 2057 γίγνομαι
1377 2013 1506 2046 habere

839 2060 882 2094 ad
901 2060 976 2094 Civ.
996 2060 1037 2095 L.
1057 2060 1236 2105 1.p.329.
1253 2059 1294 2093 D.
1316 2059 1503 2093 adnotavit.

840 2106 942 2146 Quod
961 2118 1063 2151 quum
1087 2072 1339 2139 memorandum
1361 2108 1503 2159 putave-

837 2152 905 2195 rit,
924 2154 1078 2197 profecto
1098 2151 1195 2185 verbi
1213 2148 1398 2205 γιγνώσκω
1419 2151 1504 2186 scri-

836 2202 961 2243 pturae
981 2202 1076 2232 certe
1095 2209 1160 2232 non
1178 2199 1286 2232 minus
1307 2201 1503 2232 coutrovei-

836 2257 896 2279 sae
925 2248 1055 2280 tantam
1075 2244 1315 2278 auctoritatem
1335 2242 1503 2280 detraxis-

834 2303 872 2325 se
894 2303 960 2326 non
984 2291 1131 2326 videtur.
1164 2290 1244 2324 Iure
1261 2290 1379 2334 igitur,
1401 2300 1503 2334 quum

833 2349 999 2391 nusquam
1035 2336 1244 2371 contrarium
1291 2336 1502 2370 demonstra-

834 2388 906 2418 tum
930 2383 995 2426 sit,
1018 2395 1152 2418 sumere
1179 2381 1314 2423 licebit,
1337 2381 1502 2426 quemad-

833 2431 967 2464 modum
1001 2430 1206 2463 Clarkianus
1238 2428 1429 2468 interdum,
1463 2430 1501 2461 ut

833 2476 971 2511 Menon.
998 2476 1020 2511 l.
1051 2488 1080 2510 c.
1116 2474 1286 2508 Phaedon.
1319 2485 1354 2518 p.
1381 2475 1436 2508 60.
1457 2473 1498 2510 A.

836 2525 913 2559 116.
945 2523 987 2556 C.
1023 2523 1055 2556 8.
1087 2523 1144 2556 82.
1170 2521 1213 2555 D.
1244 2523 1321 2556 100.
1345 2519 1386 2553 C.
1418 2519 1499 2563 (bis

833 2568 992 2603 duobus'
983 2580 1015 2601 111
1034 2568 1117 2601 locis
1138 2566 1247 2600 altero
1268 2579 1289 2610 γ
1309 2566 1497 2610 superscri—

830 2616 910 2661 pto)
952 2612 1118 2658 γινώσκω
1146 2613 1311 2652 exhibet,
1349 2612 1439 2645 idem
1465 2611 1501 2644 in

830 2663 910 2696 Par.
934 2662 975 2695 A.
995 2670 1230 2704 nonnunquam
1251 2657 1331 2703 legi,
1354 2657 1500 2701 ideoque

830 2719 892 2751 per
915 2706 1050 2740 codices
1079 2717 1144 2739 non
1169 2705 1296 2750 ubique
1325 2715 1388 2737 nec
1418 2702 1498 2742 sim-

829 2753 991 2797 pliciter,
1020 2755 1059 2785 ut
1082 2751 1253 2796 γίνομαι,
1278 2750 1498 2784 reiiciendum

827 2803 962 2843 putare.
1013 2799 1091 2832 Nou
1120 2797 1228 2841 magis
1256 2795 1496 2841 grammatico-

828 2857 904 2879 rum
939 2856 1063 2879 caussa
1098 2843 1318 2878 reiiciendum
1349 2842 1496 2877 videtur.

1228 2897 1300 2940 Ge
