1807 3219
301 161 387 202 122
764 155 1243 202 PLATONIS

299 269 419 325 ὕπαρ
449 267 478 326 ἢ
507 265 619 323 ὄναρ
648 261 710 311 αὖ
737 266 813 311 καὶ
857 262 989 321 οὗτος
1028 271 1151 315 δοκεῖ
1184 283 1257 314 σοι
1287 273 1391 328 ζῇν,
1439 269 1529 313 Καὶ
1558 268 1687 326 μάλα,

298 339 408 396 ἔφη,
437 336 570 391 ὕπαρ.
631 334 809 380 Οὐκοῦν
847 335 1011 382 τούτου
1051 339 1131 395 μὲν
1167 338 1247 395 τὴν
1285 336 1511 382 διάνοιαν
1531 336 1590 389 (ὃς
1618 356 1686 394 γι-

296 405 578 464 γνώσκοντος
615 402 797 460 γνώμην
842 403 898 449 ἂν
937 405 1091 462 ὀρθῶς
1132 411 1294 463 φαῖμεν
1332 404 1467 458 εἶναι,
1519 410 1602 450 τοῦ
1640 405 1686 449 δὲ

298 473 432 527 δόξαν
476 471 535 525 ὦς
574 470 863 524 δοξαζοντοςς
921 474 1053 520 Πάνυ
1094 475 1175 532 μὲν
1214 477 1310 519 οὐν.
1375 476 1427 517 Τί
1467 467 1570 525 οὖν,
1610 472 1688 517 ἐαν

294 543 401 600 ἡμῖν
428 542 667 598 χαλεπαίνῃ
698 535 854 595 οὗτος,
887 540 940 586 ὅν
971 560 1119 600 φαμεν
1153 542 1375 598 δοξάζειν,
1415 540 1505 586 ἀλλ’
1535 539 1589 585 οὐ
1620 559 1687 597 γι-

294 609 535 667 γνώσκειν,
595 610 670 653 καὶ
714 607 998 668 ἀμφισβητῇ,
1059 610 1119 663 ὥς
1164 612 1247 656 οὐκ
1296 610 1443 667 ἀληθῆ
1482 610 1687 666 λέγομεν,

231 682 267 723 Ε
298 678 450 735 ἕξομέν
479 695 520 722 τι
549 684 913 734 παραμυθεῖσθαι
952 679 1090 724 αὐτὸν
1118 681 1194 724 καὶ
1222 681 1393 723 πείθειν
1421 677 1563 735 η’ρέμα
1594 678 1687 722 ἐπι-

232 2554 269 2596 Ε

294 745 626 804 κρυπτόμενοι,
677 747 746 791 ὅτι
785 747 866 804 οὐχ
904 746 1114 804 ’ὑγιαίνεις
1170 753 1253 793 Δεῖ
1285 748 1335 804 γέ
1372 764 1441 791 τοι
1480 746 1556 803 δή,
1587 747 1686 802 ἔφη.

280 815 373 860 ’Ίθι
405 814 483 872 δὴ,
514 814 690 868 σκόπει,
730 817 772 863 τί
809 816 1000 873 ἐροῦμεν
1029 816 1143 872 πρὸς
1174 815 1325 861 αὐτόν.
1364 816 1392 872 ἢ
1422 813 1573 873 βούλει
1605 809 1689 857 ὧδε

293 883 630 942 πυνθανώμεθα
664 884 766 942 παρ’
808 883 973 939 αὐτοῦ,
1022 886 1244 943 λέγοντες,
1296 885 1357 937 ὠς
1393 885 1434 928 εἴ
1472 899 1514 927 τι
1554 881 1688 935 οἶδεν,

343 1027 396 1069 αὖ
414 1034 478 1070 καὶ
500 1027 633 1079 οὗτος]
660 1047 725 1070 om.
750 1034 824 1069 Fic.

340 1079 465 1126 μάλα]
501 1079 592 1125 μάλ’
618 1082 703 1115 Lob.
731 1082 830 1115 Vind.
855 1080 960 1115 BDF.

295 1129 385 1172 Ang.
410 1129 451 1162 B.
477 1129 558 1163 Vat.
585 1128 634 1162 M.
661 1128 754 1162 Flor.
779 1128 822 1161 R.

294 1172 964 1264 νῑέἒῗνέῗᾝτῖἶ,ἔχοιῖἒζίῖῗῖἷῗιῗτῗὲ

295 1267 375 1304 Vat.
399 1267 449 1301 Μ.
487 1233 729 1311 γινῖοσκοντες
761 1279 836 1301 cum
861 1278 880 1301 ο
906 1278 963 1300 su-

294 1325 359 1360 per
384 1325 401 1348 ε
426 1313 524 1347 Vind.
550 1314 592 1346 D.

343 1357 504 1404 γνώμην]
530 1360 585 1393 Ita
608 1358 709 1392 Vind.
731 1358 772 1391 F.
798 1371 818 1393 a
842 1371 884 1393 m.
910 1370 963 1404 pr.

294 1407 430 1451 γνῶσιν
455 1408 540 1450 Ang.
565 1406 606 1439 B.
631 1405 725 1439 Flor.
750 1405 793 1439 T.
821 1411 857 1440 et
880 1417 964 1439 am.

294 1465 366 1488 rec.
392 1453 494 1486 Vind.
517 1452 558 1487 F.

341 1499 410 1534 τοῦ
430 1496 491 1543 δὲ]
519 1497 633 1533 τοῦδε
658 1497 757 1531 Vind.
786 1497 829 1531 F.

344 1544 594 1590 δοξάζοντος]
636 1542 820 1587 δόξαντος
861 1543 961 1580 Vind.

349 1637 395 1673 Τί
414 1630 507 1681 οὖν]
532 1649 597 1671 om.
621 1636 694 1671 Fic.

343 1684 558 1729 χαλεπαίνῃ]
575 1681 762 1729 χαλεπήνῃ
783 1683 867 1717 editi
884 1688 965 1717 ante

296 1732 513 1772 Bekkerum,
546 1730 606 1774 qui
631 1741 792 1774 praesens
816 1741 859 1763 ex
882 1730 963 1763 Par.

294 1777 404 1812 ADK.
436 1777 516 1812 vat.
540 1777 580 1810 B.
607 1778 693 1811 Ven.
721 1777 761 1809 C.
795 1776 896 1812 V³nd.
923 1777 961 1810 B.

294 1825 389 1859 Mon.
415 1824 456 1858 B.
483 1824 570 1867 Aug.
596 1822 634 1855 B.
659 1822 822 1856 restituit.
870 1823 965 1856 Idem

295 1870 408 1905 estin
432 1869 534 1904 Vind.
560 1869 633 1902 DF.
667 1869 762 1902 Flor.
786 1868 865 1902 RU.
901 1880 964 1912 χα-

295 1915 484 1952 λεπαίνειν
519 1916 646 1948 habent
683 1915 768 1948 Lob.
807 1916 888 1950 vat.
915 1914 964 1948 Μ.

295 1959 488 2007 χαλεπήνῃ
515 1962 617 1996 Vind.
641 1961 685 1994 Ε.
713 1966 770 2003 et,
807 1965 846 1994 ut
870 1961 968 1995 vide-

296 2015 374 2049 tur,
400 2009 487 2043 Ven.
513 2008 555 2041 B.
591 2007 669 2040 Vat.
696 2007 742 2041 Η.
778 2006 820 2040 de
845 2007 967 2052 quibus

295 2056 476 2090 Bekkerus
499 2053 579 2087 nihil
599 2053 759 2095 ostendit,
785 2065 859 2087 cum
845 2020 963 2087 q.Flor

295 2101 438 2137 ACTV.

295 2144 579 2229 Ὲιγιγνὲόὸκιεῧι]
624 2157 694 2190 γιν.
743 2144 844 2179 Vind.
888 2144 965 2178 ΒΕ.

342 2206 391 2227 or.
549 2218 559 2226 .

345 2237 415 2274 οὐκ
443 2235 594 2282 ἀληθῆ]
632 2233 701 2271 οὐκ
730 2231 849 2276 ἄλλως
882 2236 963 2270 Bas.

295 2288 331 2321 b.
358 2283 404 2320 οὕ
422 2285 545 2323 καλῶς
569 2284 655 2317 Lob.
681 2285 761 2319 Vat.
787 2283 837 2317 M.
864 2282 963 2317 Vind.

296 2333 370 2368 BD.
398 2332 471 2375 (hic
495 2327 648 2374 αληθῶς
671 2329 706 2363 in
729 2330 791 2374 m.)

343 2376 515 2423 λέγομεν,
531 2378 543 2431 ]
588 2377 699 2421 Vulgo
741 2387 870 2409 comma
911 2375 964 2408 fa-

292 2425 411 2467 -ciunt‚
446 2434 530 2477 quas
533 2422 544 2456 i
575 2422 658 2456 illud
687 2421 733 2456 Τί
763 2434 835 2456 ουν
863 2421 967 2455 etiam

295 2472 342 2507 ad
347 2469 548 2527 sequentia
571 2469 754 2524 pertineat.

344 2513 517 2560 ἕξομέν]
525 2510 653 2571 ἕξομέν
677 2514 752 2548 Ald.

343 2562 407 2597 καὶ
427 2562 575 2596 πείθειν
601 2557 721 2606 η’ρέμα
746 2556 966 2604 ἐπικρυπτό-

262 2610 426 2654 μενοι]
454 2609 642 2652 sensimque
670 2613 704 2641 et
735 2609 859 2641 blande
886 2618 966 2662 per-

298 2655 516 2690 suadebimus
545 2653 620 2687 Fic.
667 2653 708 2687 In
732 2653 829 2686 Vind.
856 2653 899 2686 F.
924 2648 966 2696 ή-

298 2699 395 2746 ρέμα
433 2699 598 2745 scriptum
629 2703 692 2734 est.
744 2699 799 2733 cf.
832 2699 910 2735 Vol.
938 2698 968 2732 I.

299 2759 336 2795 p.
365 2748 447 2788 350,
470 2747 505 2780 b.

340 2790 531 2850 ὑγιαίνει]
567 2787 734 2848 υγιαίνοι
766 2791 868 2826 Vind.
893 2791 965 2826 BD.

340 2836 418 2875 Ἴθι
435 2836 507 2883 δὴ]
537 2836 584 2883 δὴ
610 2850 677 2874 om.
700 2839 780 2873 Par.
806 2837 849 2872 K.

1067 1033 1219 1080 σκόπει]
1255 1033 1453 1078 σκοποῖμεν
1476 1033 1562 1067 Lob.
1585 1031 1686 1068 Vind.

1019 1082 1093 1116 BD.
1129 1082 1210 1126 (hic
1241 1094 1317 1116 cum
1355 1081 1448 1125 vulg.
1483 1080 1545 1113 int.
1578 1079 1690 1122 vers.)

1020 1128 1114 1162 Mon.
1139 1129 1180 1162 Β.
1207 1128 1288 1161 Vat.
1314 1128 1394 1161 ΒΜ.
1421 1127 1517 1160 Flor.
1533 1126 1578 1159 U.
1605 1135 1687 1158 σκο-

1020 1175 1166 1231 ποῦμεν
1191 1175 1277 1208 Ven.
1305 1175 1346 1208 C.
1372 1174 1451 1207 Par.
1474 1172 1550 1206 DK.

1067 1216 1090 1265 ἢ
1113 1217 1261 1275 βούλει]
1286 1222 1316 1254 si
1334 1221 1385 1254 vis
1405 1219 1483 1253 Fic.

1066 1264 1376 1311 πυνθανώμεθα]
1412 1261 1691 1308 πυνθανόμεθα

1022 1313 1108 1348 Ven.
1134 1314 1175 1346 Β.

1068 1357 1243 1415 φθόνος]
1270 1355 1429 1415 φθόνως
1453 1356 1554 1390 Vind.
1580 1356 1624 1389 Ε.

1069 1403 1152 1438 ἄλλ’
1179 1416 1333 1448 ασμενοι
1357 1417 1406 1438 αν
1430 1403 1575 1446 ἴδοιμεν
1592 1398 1689 1435 εἰδό-

1021 1463 1069 1485 τα
1089 1451 1149 1495 τι]
1186 1453 1247 1485 sed
1272 1457 1417 1497 gratum
1442 1451 1508 1483 erit
1536 1449 1632 1482 nobis
1659 1453 1693 1482 et

1021 1499 1132 1552 ipsum
1151 1499 1237 1531 scire
1262 1498 1396 1542 aliquid
1416 1502 1463 1541 et,
1489 1497 1572 1541 quid
1589 1495 1692 1536 sciat,

1021 1545 1156 1578 novisse
1176 1544 1250 1577 Fic.

1066 1586 1179 1646 ἡμῖν]
1206 1586 1297 1632 ὑμῖν
1320 1590 1402 1623 Bas.
1428 1589 1482 1622 ab.

1069 1633 1173 1680 εἰπε]
1201 1639 1279 1669 εἰπε
1304 1635 1404 1669 Vind.
1423 1635 1471 1671 D.
1521 1633 1563 1667 In
1587 1632 1690 1668 Vind.

1021 1683 1062 1716 B.
1089 1687 1166 1727 post
1199 1679 1278 1715 εἰπὲ
1316 1693 1466 1723 comma,
1498 1684 1578 1725 post
1601 1677 1691 1714 τόδε

1020 1740 1103 1763 vero
1134 1733 1174 1762 ut
1207 1727 1243 1761 in
1273 1727 1349 1761 Ald.
1394 1727 1473 1762 Bas.
1509 1727 1564 1761 ab.
1599 1726 1691 1760 nulla

1020 1774 1251 1830 interpunctio
1276 1778 1340 1807 est

1072 1818 1092 1855 ὁ
1113 1818 1337 1864 γιγνώσκων]
1366 1815 1385 1853 6
1406 1830 1474 1863 γιν.
1498 1817 1602 1852 Vind.
1612 1817 1689 1851 DE.

1024 1865 1073 1901 ον’
1098 1867 1183 1900 Lob.
1220 1867 1320 1902 Vind.
1345 1867 1386 1900 B.
1421 1866 1515 1899 Mon.
1540 1866 1580 1898 B.
1608 1865 1688 1898 vat.

1022 1913 1104 1947 ΒΜ.
1133 1914 1218 1946 Ven.
1247 1913 1287 1946 C.
1314 1913 1392 1945 Par.
1418 1912 1496 1945 ΒΚ.
1526 1911 1619 1944 Flor.
1644 1910 1690 1944 U.

1023 2005 1063 2038 Β
1069 1956 1692 2056 mmmm

1023 2063 1092 2086 sec.
1117 2052 1249 2095 Bekk.)
1273 2050 1349 2084 Ald.
1373 2051 1454 2083 Bas.
1478 2051 1533 2083 ab.
1563 2046 1691 2092 γιγνώ-

1024 2108 1122 2132 σκειν
1156 2098 1242 2130 Lob.
1285 2096 1384 2130 Vind.
1416 2096 1456 2129 B.
1502 2096 1582 2131 Vat.
1607 2095 1688 2128 ΒΜ.

1022 2141 1232 2188 γιγνώσκων
1265 2154 1340 2176 cum
1374 2153 1405 2175 ει
1447 2148 1551 2186 super
1583 2141 1693 2174 aiteio

1025 2203 1053 2224 ω
1088 2191 1174 2224 Ven.
1211 2189 1251 2223 C.
1299 2189 1379 2222 Par.
1416 2188 1460 2221 D.
1509 2188 1692 2231 Vulgatam

1023 2240 1140 2271 tuetur
1164 2235 1336 2270 Proclus'
1328 2247 1363 2268 ln
1381 2234 1456 2267 Civ.
1476 2246 1509 2279 p.
1526 2234 1606 2276 424,
1627 2233 1692 2268 24:

1024 2279 1152 2325 ἐπειδὴ
1184 2278 1224 2315 δε
1260 2278 1467 2335 (ἐρχόμενος
1501 2280 1571 2314 τοῦ
1609 2277 1694 2322 περὶ

1024 2326 1153 2363 αὐτῶν
1172 2326 1393 2384 σκέμματος.
1405 2323 1476 2360 δύο
1494 2325 1696 2383 πεποίηται

1023 2373 1217 2430 ἐρωτήσεις
1238 2399 1247 2429 ‚
1286 2367 1396 2416 ἄξιόν
1432 2385 1469 2406 τι
1504 2370 1569 2406 καὶ
1608 2369 1694 2416 περὶ

1021 2419 1169 2456 τούτων
1191 2417 1323 2473 φάναι.
1345 2417 1415 2464 τὴν
1435 2430 1501 2462 μεν
1521 2430 1591 2452 ουν
1601 2429 1693 2462 προ

1023 2465 1146 2522 πέραν,
1170 2464 1350 2521 τοιαύτην
1389 2464 1617 2518 πεποίηται,
1661 2462 1697 2498 εἰ

1023 2514 1099 2553 πᾶς
1127 2509 1146 2547 ὁ
1180 2509 1388 2570 γιγνώσκων
1419 2510 1456 2545 τὶ
1488 2507 1692 2567 γιγνώσκει

1024 2556 1046 2604 ἢ
1077 2556 1202 2594 ουδέν.
1233 2555 1436 2614 ἀντίφασις
1465 2568 1537 2613 γαρ
1568 2554 1611 2590 τὸ
1636 2554 1693 2595 τὶς

1025 2605 1087 2640 καὶ
1120 2603 1163 2640 τὸ
1196 2602 1342 2648 ουδεὶς,
1376 2615 1428 2643 ως
1448 2601 1491 2637 τὸ
1519 2602 1596 2642 πᾶς
1627 2601 1691 2636 καὶ

1023 2651 1067 2687 τὸ
1100 2649 1148 2687 ου’
1176 2652 1262 2690 πᾶς.
1283 2648 1422 2705 λαβὼν
1452 2646 1515 2704 δε,
1552 2644 1611 2683 ὅτι
1638 2660 1692 2704 γι-

1023 2709 1176 2753 γνωσκει
1193 2696 1229 2731 τὶ
1249 2709 1325 2737 πας
1346 2693 1366 2730 ὁ
1387 2674 1619 2752 γιγνώσκων,
1644 2690 1688 2738 η’-

1025 2755 1166 2789 ρωτησε
1197 2741 1310 2778 παλιν
1346 2739 1525 2797 δευτέραν
1555 2738 1688 2794 ἐρώτη-

1025 2801 1095 2834 σιν,
1122 2790 1158 2824 εἰ
1174 2787 1192 2824 6
1217 2789 1253 2824 τὶ
1273 2786 1503 2845 γιγνώᾘσκων
1501 2800 1546 2822 ον
1561 2799 1688 2841 γιγνω-

1024 2848 1122 2881 σκει,
1155 2832 1177 2881 ἢ
1206 2834 1270 2871 καὶ
1294 2832 1346 2880 μὴ
1374 2830 1440 2869 ὄν
1474 2830 1526 2874 ὥς
1557 2830 1687 2878 διαφέ-
