1807 3219
272 131 359 172 320

736 124 1216 169 PLATONIS

274 239 421 298 φωτὸς
435 238 495 291 ὥς
510 236 622 293 πρὸς
642 235 770 294 ἥλιον
786 237 952 291 κρίνειν
964 235 1354 293 ἆποσκιαζομένας,
1374 238 1494 279 πᾶσα
1510 234 1619 292 αὕτη
1633 235 1662 291 ἦ

274 309 548 365 πραγματεία
578 309 668 349 τῶν
697 309 884 361 τεχνῶν,
916 305 967 357 ἃς
987 305 1248 362 διήλθομεν,
1276 303 1442 361 ταύτην
1471 305 1554 361 ἔχει
1582 303 1664 361 τήν

275 377 469 432 δύναμιν
506 374 580 420 καὶ
616 372 903 430 ἐπαναγωγήν
943 377 1026 417 τοῦ
1063 375 1288 431 βελτίστου
1330 373 1378 417 ἐν
1408 377 1527 430 ψυχῇ
1556 372 1666 428 πρὸς

274 445 357 502 τὴν
389 448 472 488 τοῦ
513 443 698 499 ἀρίστου
737 443 783 486 ἐν
820 447 912 493 τοῖς
953 437 1055 486 οὖσι
1095 441 1207 486 θέαν
1231 475 1244 495 ,
1283 440 1428 496 ὥσπερ
1459 440 1556 485 τότε
1583 444 1667 485 τοῦ

278 511 558 569 σαφεστάτου
589 512 637 556 ἐν
676 511 844 567 σώματι
874 509 986 564 πρὸς
1021 509 1102 566 τὴν
1130 514 1212 554 τοῦ
1243 509 1500 566 φανοτάτου
1527 510 1576 554 ἓν
1604 513 1666 566 τῷ

207 585 247 626 D
276 583 564 636 σωματοειδεῖ
589 597 635 624 τε
663 580 737 623 καὶ
768 578 913 635 ὁρατῷ
947 578 1081 637 τόπῳ.

277 651 457 706 δέχομαι
503 648 633 692 οὕτω.

1136 577 1246 635 Ἐγώ
1277 579 1384 635 μὲν,
1415 579 1524 635 ἔφη,
1557 577 1668 624 dno-

690 649 834 691 καίτοι
872 645 1125 690 παντάπασί
1162 647 1209 703 γέ
1249 665 1323 704 μοι
1354 650 1475 692 δοκεῖ
1502 647 1668 704 χαλεποὶ

276 719 359 776 μὲν
389 717 681 773 ἀποδέχεσθαι
717 714 849 760 εἶναι.
892 715 1025 758 ἄλλον
1057 713 1104 759 δ’
1132 711 1189 759 αὗ
1220 717 1385 770 τρόπον
1415 716 1578 773 χαλεποὶ
1608 715 1668 772 μὴ

278 785 588 842 ἀποδέχεσθαι.
620 784 740 841 ὅμως
770 784 815 827 δὲ
847 782 923 837 (οὐ
953 783 1036 839 γὰρ
1078 783 1126 827 ἓν
1164 787 1225 841 τῷ
1254 788 1337 827 νῦν
1370 786 1556 839 παρόντι
1585 784 1668 840 μό*

281 873 363 899 νον
390 854 627 906 ἀκουστέα,
661 852 768 897 ἄλλα
793 853 866 897 καὶ
890 848 1022 904 αὖθις
1042 852 1252 903 πολλάκις
1272 852 1516 909 ἐπανιτέον)
1532 858 1669 897 ταῦτα

280 924 435 976 θέντες
467 925 576 981 ἔχειν
610 921 670 976 ὥς
701 926 786 968 νῦν
819 922 987 978 λέγεται
1009 954 1020 975 ,
1068 919 1130 965 ἐπ’
1163 920 1299 965 αὐτὸν
1333 921 1385 979 δὴ
1415 922 1494 967 τόν
1525 921 1668 980 νόμον

281 1095 395 1151 repeti
428 1095 555 1130 debere
594 1094 742 1129 sentiens
779 1098 950 1129 retracta-

283 1147 463 1231 νῄσκιὰς]
512 1187 619 1227 σκιᾶς
655 1187 758 1224 Vind.
792 1188 837 1223 F.
869 1188 950 1222 item

281 1235 444 1290 paullop
449 1237 513 1268 ost.

329 1277 376 1315 δι
399 1246 546 1324 ἐτέρου]
574 1280 662 1314 διετ.
686 1280 787 1315 Vind.
814 1281 857 1315 E.

320 1324 663 1382 ἄποσκιαζομέναςξ,
675 1328 686 1370 ]
725 1323 949 1368 α’ποσκιαζο-

281 1371 416 1417 μέναςε
434 1373 533 1406 Vind.
548 1373 589 1406 Ε.
621 1370 950 1417 ἄποσκιαζομένας.

281 1421 363 1454 Bas.
391 1421 446 1453 ab.
472 1420 594 1463 Steph.

333 1461 450 1510 ας]ἡ
454 1477 475 1498 ν
500 1465 585 1498 Lob.
611 1466 691 1501 Vat.
717 1465 766 1500 Μ.

333 1478 450 1569 ἔχει]η
458 1509 519 1555 ἔχη
544 1511 638 1545 Mlon
664 1513 705 1545 B.

331 1556 598 1614 ἐπαναγωγὴν]
635 1555 831 1602 ἐπαγωγὴν
864 1559 895 1594 V
897 1570 950 1595 en.

283 1605 325 1638 B.
349 1601 403 1638 ἐπ’
424 1601 620 1661 ἀναγωγὴν
643 1605 719 1639 Ald.
742 1606 824 1638 Bas.
849 1606 904 1640 ab.

328 1650 519 1696 βελτίστου
551 1647 590 1684 ἐν
627 1651 729 1696 ψυχῇ
748 1649 852 1708 Ηπρὸς
881 1647 952 1695 τὴν

283 1697 382 1740 τοῦ]
411 1709 475 1730 om.
501 1698 590 1741 Ang.
614 1697 656 1732 Β.

286 1743 381 1778 Μοη.
408 1743 450 1778 C.

331 1786 443 1833 θέαν]
468 1790 574 1829 θεοις
598 1800 674 1822 cum
698 1801 746 1824 αν
769 1801 872 1838 super
897 1801 954 1830 οις

284 1837 367 1872 Vat.
391 1836 432 1870 B.

333 1878 478 1935 ω’σπερ]
507 1876 607 1924 [ὅπερ
632 1881 753 1927 steph.

331 1925 441 1971 τότε]
466 1925 523 1969 τό,
543 1938 583 1961 τε
608 1927 707 1962 Vind.
733 1928 778 1962 E.

331 1971 371 2008 ἐν
389 1993 436 1998 -
457 1971 695 2019 φανοτάτου]
724 1987 789 2008 om.
814 1974 894 2008 vat.
909 1975 951 2010 B.

286 2113 386 2148 Vind.
411 2113 452 2148 Β.
476 2113 563 2156 Aug.
587 2113 628 2147 B.
655 2115 732 2148 vat.
758 2114 802 2148 H.

335 2156 578 2203 φανοτάτου]
627 2159 682 2192 Ita
723 2159 802 2194 Par.
842 2160 951 2196 ΑΒΚ.

286 2217 356 2240 sec.
405 2205 513 2238 Bekk.
560 2205 646 2239 Lob.
694 2206 793 2240 Vind.
843 2207 951 2241 BEF.

287 2252 381 2294 Mon.
401 2252 443 2286 Β.
469 2253 553 2286 Ven.
578 2251 651 2285 BC.
677 2252 755 2287 vat.
769 2253 853 2286 HM.
877 2254 954 2288 Ald.

286 2298 368 2331 Bas.
406 2299 461 2332 ab.
509 2295 736 2341 φανωτοὲτου
784 2299 874 2332 Mon.
912 2300 954 2334 C.

289 2343 512 2387 (morentini,
537 2345 622 2388 Ang.
647 2345 708 2388 Β.)
734 2344 856 2390 Steph.
879 2346 954 2381 Ast.

313 2401 339 2423 r.
367 2401 435 2423 sec.

288 2401 310 2435 p
333 2436 412 2482 τῷ]
447 2448 512 2469 om.
553 2435 654 2469 Vind.
686 2435 729 2469 B.
776 2436 869 2471 Mon.
913 2437 955 2473 C.

287 2481 363 2516 Ald.
388 2483 470 2516 Bas.
497 2494 526 2515 a.
553 2482 674 2526 Steph.

335 2528 590 2572 σωματοειδεῖ]
611 2528 841 2572 σωματοειδῆ
854 2528 954 2564 Vind.

680 1694 778 1731 -ἐν
796 1698 897 1743 τῇψ.
906 1715 953 1724 -

1007 1107 1048 1130 ex
1075 1099 1177 1130 antro
1214 1096 1262 1129 ad
1288 1095 1368 1129 solis
1395 1096 1508 1129 lumen
1546 1096 1668 1137 exitus,

1007 1143 1119 1187 ibique
1152 1143 1361 1176 ‘animalium
1394 1148 1428 1176 ct
1465 1144 1668 1185 plantarum

1006 1189 1174 1232 inspectio
1203 1190 1370 1233 solisque,
1396 1193 1430 1222 et
1458 1189 1606 1222 siderum
1631 1189 1668 1222 in

1008 1247 1101 1279 aqua
1119 1240 1266 1280 propter
1292 1235 1562 1269 imbecillitatem
1588 1247 1668 1268 ocu-

1008 1283 1117 1315 lorum
1144 1282 1310 1321 intuitus,
1343 1282 1480 1325 ipsum,
1515 1282 1604 1325 quod
1632 1281 1670 1314 in

1008 1329 1204 1372 corporibus
1226 1333 1274 1361 est
1297 1328 1543 1368 clarissimum,
1568 1328 1671 1361 adid

1009 1379 1230 1414 convertunt,
1257 1375 1346 1418 quocl
1365 1379 1414 1406 est
1434 1375 1469 1407 in
1498 1373 1672 1417 corporale¹

1007 1426 1042 1454 et
1060 1421 1187 1453 visibili
1204 1421 1346 1465 regione
1365 1420 1512 1453 omnium
1523 1422 1673 1466 fulgen-

1006 1467 1194 1501 tissimum.-
1228 1467 1282 1500 ita
1307 1467 1454 1499 omnium
1483 1478 1590 1511 supra
1617 1467 1672 1499 di-

1008 1518 1142 1546 ctarum
1178 1513 1307 1545 artium
1345 1513 1496 1546 studium
1533 1513 1674 1547 deducit

1009 1560 1159 1592 animum
1184 1570 1249 1603 per
1268 1560 1405 1592 umbras
1435 1571 1504 1593 non
1530 1559 1676 1592 simula-

1010 1617 1162 1646 crorum,
1198 1605 1259 1638 sed
1281 1617 1396 1638 eorum
1417 1606 1554 1649 potius,
1588 1616 1675 1649 quac

1009 1663 1088 1685 vere
1107 1656 1206 1684 sunt.-
1230 1651 1450 1696 iudicareque
1478 1663 1538 1684 eas
1564 1652 1692 1694 efficit'

1010 1702 1219 1741 apparentes
1240 1698 1288 1731 ad
1314 1699 1412 1731 aliud
1432 1698 1605 1742 quoddam
1621 1699 1675 1730 lu-

1010 1755 1086 1777 men
1099 1769 1108 1784 ,
1132 1748 1300 1787 tanquam
1319 1744 1366 1777 ad
1386 1745 1512 1784 solcm3
1552 1744 1674 1777 habet-

1010 1802 1074 1835 que
1102 1791 1171 1823 vim
1204 1791 1380 1833 quandam
1409 1790 1594 1824 extollendi
1622 1790 1674 1831 id,

1010 1837 1101 1880 quod
1128 1841 1178 1869 cst
1203 1837 1240 1868 in
1269 1837 1384 1869 animo
1410 1835 1674 1880 praestantissi-

1008 1894 1120 1922 mum,
1154 1883 1202 1915 ad
1232 1883 1554 1926 contemplationem
1591 1882 1675 1924 cius,

1009 1929 1125 1978 quod'
1113 1941 1148 1962 ιη
1167 1928 1286 1961 ordine
1297 1940 1410 1962 rerum
1428 1933 1479 1963 est
1499 1928 1674 1981 optimum.

1055 1977 1207 2008 ειναι-
1218 1970 1484 2019 ἀποδέχεσθαι]
1504 1974 1558 2009 bis
1577 1973 1674 2008 dein-

1007 2031 1088 2065 ceps
1112 2021 1227 2075 posuit
1249 2020 1351 2054 Vind.
1375 2021 1419 2055 F.

1053 2064 1253 2121 πολλάκις]
1281 2079 1345 2100 om.
1370 2067 1451 2101 Vat.
1475 2066 1525 2102 Μ.

1054 2110 1208 2178 θέντες]
1238 2111 1414 2155 ,,θε’ντας
1440 2114 1496 2158 (ut
1515 2113 1672 2159 videtur)

1008 2158 1095 2239 Ὺὲῐι.
1119 2160 1188 2193 B.‘
1233 2159 1328 2193 Idem
1352 2160 1456 2193 habet
1479 2159 1554 2195 Ald.
1589 2161 1672 2196 Bas.

1011 2217 1031 2239 a
1058 2231 1066 2238 .

1057 2251 1144 2295 νῦν]
1166 2251 1237 2286 νῦν
1256 2250 1301 2297 δὴ
1327 2253 1407 2287 Par.
1418 2252 1462 2287 K.
1488 2254 1673 2288 secundum

1011 2297 1213 2332 Bekkerum.

1058 2342 1278 2389 διέλθωμεν]
1293 2343 1458 2389 ἔλθωμεν
1477 2346 1556 2380 Par.
1565 2346 1673 2381 ΑΒΚ.

1011 2401 1080 2425 sec.
1106 2391 1181 2435 Bip.
1209 2391 1307 2424 Vind.
1318 2392 1392 2427 ΒΕ.
1419 2392 1512 2426 Mon.
1524 2393 1564 2426 C.
1585 2394 1674 2428 Ven.

1013 2436 1223 2471 C.Vat..H
1258 2437 1672 2484 cf....‚.V011p356a

1058 2479 1204 2528 οὕτως]
1229 2496 1295 2519 om.
1318 2485 1416 2520 Vind.
1442 2484 1483 2517 F.
1508 2485 1605 2520 Flor.
1630 2486 1673 2519 R.

1059 2549 1131 2595 δὴ]
1155 2564 1220 2586 om.
1252 2552 1337 2587 Lob.
1371 2553 1448 2588 Vat.
1483 2554 1564 2589 ΒΜ.
1595 2557 1717 2601 postE

1013 2597 1094 2641 είδη
1120 2598 1218 2632 Vind.
1244 2599 1284 2632 F.
1313 2600 1401 2644 Ang.
1425 2600 1467 2634 Β.

1058 2643 1161 2689 εἴδη]
1188 2640 1260 2689 ἤδη
1285 2646 1362 2680 vat.
1387 2646 1433 2680 H.

1059 2707 1134 2758 av]
1160 2712 1200 2747 αὶ
1223 2714 1309 2749 Lob.
1331 2714 1412 2750 vat.
1435 2713 1484 2749 Μ.
1509 2726 1573 2750 om.
1597 2715 1672 2750 Fic.

1013 2758 1075 2815 (et.
1076 2772 1173 2816 quae
1191 2761 1271 2794 viae
1290 2761 1365 2794 sint
1373 2760 1391 2803 )

1059 2801 1133 2851 ἂν]
1158 2819 1224 2844 οπι.
1248 2807 1328 2843 Vat.
1351 2806 1398 2843 Η.

224 2638 265 2681 D
338 2620 402 2664 τε]
429 2631 492 2653 om.
519 2620 600 2654 Bas.
626 2620 681 2654 ab.
713 2619 850 2653 Ficinus
867 2620 956 2654 hanc

293 2666 447 2701 Socratis
476 2664 582 2710 ῥῆσιν
616 2666 667 2700 ita
710 2665 957 2711 interpretatus

293 2716 365 2747 est:
391 2713 498 2757 Atqui
526 2713 810 2756 quemadmodum
831 2715 955 2747 solutio

295 2761 360 2794 illa
392 2771 415 2792 a
445 2759 610 2799 vinculis,
651 2760 888 2803 conversioque
913 2761 956 2794 ab

296 2805 423 2841 umbris
441 2805 491 2839 ad
508 2805 695 2839 simulacra
715 2817 757 2840 ao
775 2805 900 2848 lumen,
921 2810 957 2841 et
