1807 3219
406 163 748 210 CIVITAS
791 163 915 206 LIB.
943 162 998 205 V.
1028 163 1097 203 466

1402 171 1459 212 77

73 276 111 320 εἰ
140 275 284 330 οὕτως,
309 274 333 320 ὁ
364 275 508 333 φύλαξ
538 276 796 334 ἐπιχειρήσει
825 273 1048 332 εὐδαίμων
1073 276 1318 332 γίγνεσθαι,
1349 277 1458 323 ὥστε

74 346 183 402 μηδὲ
221 345 364 401 φύλαξ
403 344 534 397 εἶναι,
583 343 689 403 μηδ’
724 343 897 399 ἀρκέσει
934 343 1055 404 αὐτῷ
1097 346 1195 401 βίος
1235 346 1352 391 οὕτω
1382 348 1459 404 μέ-

72 431 194 470 τριος
222 415 296 458 καὶ
324 414 501 471 βέβαιος
528 415 625 467 καὶ,
666 411 725 464 ὥς
753 412 877 469 ἡμεῖς
907 412 1075 469 φαμὲν,
1117 413 1318 469 ἄριστος,
1365 415 1456 462 ἀλλ’

73 480 260 539 ἀνόητός
298 498 342 526 τε
380 483 454 526 καὶ
489 480 782 538 μειρακιώδης
817 479 922 533 δόξα
961 481 1210 537 ἐμπεσοῦσα
1248 483 1458 543 εὐδαιμο-

72 553 170 602 νίας
200 550 297 605 πέρι
327 548 508 607 ὁρμήσει
537 550 674 594 αὐτόν
705 548 777 593 δια
810 548 1000 604 δυναμιν
1031 550 1098 593 ἐπὶ
1127 550 1176 594 vd
1209 551 1381 597 ἅπαντα
1401 554 1457 599 τοὶ
1487 560 1521 603 G

71 618 119 663 ἐν
148 623 201 676 τῇ
230 619 351 663 πόλει
381 621 680 670 οἰκειοῦσθαι,
710 617 925 674 γνώσεται
953 617 1032 662 τὸν
1058 619 1313 663 τἨσίοδον
1296 620 1364 665 ότι
1393 639 1453 683 τῳ

72 685 168 730 ὄντι
207 681 264 744 ἦν
302 687 445 744 σοφός
483 687 621 744 λέγων
659 687 795 730 πλέον
834 683 948 729 εἷναί
982 703 1075 738 πως
1111 687 1247 744 ἥμισυ
1278 690 1454 744 παντός.

68 754 186 811 Ἐμοὶ
217 755 316 811 μὲν,
357 756 462 813 ἔφη,
510 756 742 813 ξυμβούλῳ
788 754 1013 811 χριόμενος
1049 761 1172 811 μενεῖ
1204 755 1275 800 ἐπὶ
1313 758 1457 818 τούτῳ

69 828 130 881 τῷ
168 827 266 883 βίῳ.
325 828 579 881 Συγχωρεῖς
610 823 720 878 ἄρα,
760 817 816 881 ἦν
855 821 897 867 δ’
928 822 1034 879 ἐγώ,
1075 824 1156 880 τήν
1186 829 1274 869 τῶν
1302 845 1458 884 γυναι-

68 896 162 936 κῶν
191 895 430 938 κοινωνίαν
469 898 564 946 τοῖς
603 890 842 950 ἀνδράσιν,
879 890 937 949 ἢν
967 891 1310 951 διεληλύθαμεν,
1355 912 1458 942 παι-

67 1054 174 1076 unam
202 1044 378 1087 quandam
399 1043 472 1078 εἰπε
489 1049 649 1089 partem,
671 1045 732 1079 sed

69 1090 118 1122 ad
147 1094 258 1123 totam
286 1091 505 1135 respicientes
540 1092 732 1125 beatitudi-

67 1146 143 1168 nem
161 1136 258 1169 illam
277 1138 464 1191 exquirere.
497 1152 501 1155 ¹

112 1177 338 1236 Μέμνημαι]
354 1179 557 1261 ῃμέμνησαι
582 1182 661 1216 Vat.
687 1182 730 1216 H.

112 1226 160 1260 Τί
183 1226 273 1260 ούν·
263 1228 352 1271 ,]ο
390 1228 496 1262 .Fic.
543 1229 583 1261 In
608 1229 733 1262 editio-

62 1272 163 1306 nibus
180 1278 261 1307 ante
282 1273 477 1307 Bekkerum
504 1274 549 1308 Τι’
571 1273 640 1307 οὐν
658 1275 730 1308 νῦν

63 1324 130 1352 etc.
168 1319 240 1353 sine
287 1320 505 1353 distinctione
551 1320 729 1364 scriptum,

63 1364 185 1398 deinde
209 1370 288 1410 post
310 1365 423 1410 βίος
413 1378 448 1399 1n
459 1366 535 1400 Ald.
555 1371 730 1411 punctum,

60 1410 96 1444 in
117 1411 196 1445 Bas.
214 1411 269 1445 ab.
293 1411 426 1456 signum
449 1411 730 1457 interrogationis

58 1457 227 1502 positum,
263 1458 353 1503 quod
387 1459 582 1513 Stephanus
624 1464 659 1492 et
689 1459 726 1492 in

59 1514 128 1538 sec.
155 1503 270 1593 A]stius
299 1509 378 1538 ante
405 1515 471 1583 ‘LV
481 1517 532 1548 πη
557 1506 725 1539 fecerunt.

103 1549 187 1593 νῦν]
214 1555 292 1595 post
316 1546 406 1594 ἡμῖν
463 1550 528 1583 ind.
543 1551 619 1586 ΒΕ.
638 1551 724 1585 Ven.

58 1594 100 1630 B.
125 1596 206 1629 Vat.
214 1561 276 1629 p.H
303 1563 394 1630 Fylor.
419 1596 560 1633 ACTV.

105 1637 154 1685 ὁ]
181 1654 200 1676 ο
227 1642 306 1676 Bas.
330 1643 362 1676 b.

107 1687 232 1732 ει’περ]
273 1689 329 1722 Ita
354 1688 435 1722 Par
458 1688 498 1723 A.
524 1687 624 1723 Vind.
649 1688 723 1722 EF.

59 1737 97 1767 et
119 1733 178 1767 int.
203 1745 296 1768 vers.
320 1735 362 1768 D.
394 1735 479 1778 Ang.
506 1734 544 1768 B.
571 1735 656 1789 vati,
678 1735 723 1769 H.

59 1779 152 1813 Flor.
191 1780 299 1814 RTV.
344 1747 480 1825 quandgo
512 1781 583 1814 Fic.
631 1776 725 1825 ὅπερ

60 1825 145 1860 Ven.
172 1825 212 1859 C.
238 1821 362 1870 (ἕσπερ
386 1827 466 1860 Par.
490 1826 535 1860 K.
562 1826 655 1860 Flor.
679 1827 725 1860 U.

59 1871 139 1905 Bas.
166 1872 220 1905 ab.
255 1868 368 1916 ὅσπερ
394 1872 493 1906 Vind.
519 1873 560 1906 D.
586 1877 622 1906 et
645 1873 726 1906 reli-

59 1917 120 1962 qui
153 1917 307 1958 codices,
338 1918 415 1952 Ald.
453 1919 573 1963 steph.
608 1922 644 1952 et
667 1931 726 1952 re-

60 1963 240 1998 centiores.
285 1964 356 1998 Sed
379 1964 413 1998 in
448 1964 536 1999 Lob.
560 1976 629 2009 περ
660 1965 723 1999 int.

58 2020 149 2043 vers·
175 2014 238 2043 est.

105 2055 192 2111 τοῦ]
215 2067 284 2089 τον
307 2056 399 2089 Flor.
413 2056 458 2091 U.
483 2056 599 2090 τοῦτο
624 2057 724 2091 Vind.

57 2100 99 2136 F.
126 2095 239 2141 ουτός
264 2102 363 2135 Vind.
387 2102 430 2136 E.
456 2114 520 2137 om.
545 2103 625 2138 Par.
645 2103 689 2138 K.

102 2149 165 2203 γε]
191 2151 270 2193 post
293 2148 369 2182 τῶν
392 2148 471 2182 Par.
491 2149 536 2182 K.

115 2193 419 2238 Ολυμπιονικων]
450 2192 723 2237 ὀλυμπιονίκων

56 2237 158 2272 Vind.
169 2239 274 2273 DEF.
301 2240 397 2274 Flor.
414 2241 586 2275 ACRTV.
612 2239 722 2285 ὀλυμ-

55 2285 238 2318 πιονικῶν
262 2285 359 2319 editi.

101 2331 163 2374 τε]
187 2342 227 2374 γε
251 2331 350 2364 Vind.
373 2331 414 2365 F.
450 2332 536 2376 Ang.
561 2332 601 2368 B.
625 2332 721 2368 Flor.

53 2375 97 2409 R.
123 2388 162 2410 τε
186 2375 248 2410 καὶ
272 2376 373 2411 Vind.
398 2377 441 2412 Ε.
465 2378 550 2411 Ven.
575 2379 616 2413 B.
640 2380 720 2413 Vat.

54 2422 101 2455 H.
134 2422 227 2457 Flor.
253 2422 395 2458 ACTV.
442 2434 482 2468 γε
515 2423 580 2459 καὶ
612 2425 721 2460 Stall-

53 2468 221 2502 baumius.

98 2512 150 2560 μή
169 2534 217 2540 -
237 2514 414 2559 φαίνεται
436 2515 492 2561 Β.]
527 2529 593 2552 om.
618 2516 719 2552 Vind.

104 2607 178 2650 πη]
202 2618 263 2640 τοι
285 2606 370 2651 Ang.
393 2606 432 2641 B.
455 2606 551 2642 Flor.
568 2608 611 2643 R.
637 2609 720 2654 (hu-

57 2651 112 2686 ius
146 2653 232 2686 enim
268 2652 400 2697 signum
436 2664 499 2697 pro
524 2659 606 2689 nota
628 2655 721 2690 Flor.

57 2698 103 2732 T.
127 2697 162 2732 in
186 2699 401 2733 Stallbaumii
424 2699 464 2733 V.
489 2699 530 2734 L.
555 2712 722 2746 reponen-

58 2743 136 2777 dum
159 2744 325 2788 videtur.)
361 2756 428 2780 ποι
458 2746 543 2781 Ven.
567 2747 607 2780 B.
640 2748 722 2783 Vat.

57 2789 104 2823 H.
137 2790 230 2825 Flor.
263 2791 404 2825 ACTV.
459 2792 509 2827 Et
543 2793 643 2828 Vind.
678 2794 722 2828 D.

60 2846 97 2870 οι
118 2847 222 2882 super
237 2849 262 2882 η
285 2838 400 2872 habet.

835 1040 930 1101 τὸν]
956 1057 1021 1079 om.
1046 1044 1144 1081 Vind.
1164 1046 1208 1082 D.

834 1086 859 1135 ἢ
884 1088 974 1136 τὸν]
1000 1087 1024 1135 ἢ
1050 1092 1132 1127 Par.
1155 1093 1200 1128 K.
1234 1088 1258 1138 ἢ
1283 1092 1328 1129 τὸ
1355 1094 1454 1130 Vind.

836 1180 971 1227 ἔλεγον]
999 1181 1164 1228 ἐλέγομεν
1188 1184 1286 1220 Vind.
1299 1186 1340 1221 F.
1369 1188 1457 1234 Ang.

787 1229 826 1263 Β.
853 1229 946 1262 Flor.
972 1231 1045 1263 AR.

833 1274 896 1308 καὶ
922 1272 1116 1321 ἐνταῦθα]
1142 1273 1343 1313 κάνταῦθα
1366 1279 1453 1315 Lob.

788 1321 888 1355 Vind.
913 1322 951 1355 B.
987 1323 1064 1357 Vat
1102 1324 1181 1357 ΒΜ.
1215 1325 1395 1360 Bekkerus
1419 1330 1458 1361 et

785 1367 820 1401 in
860 1373 941 1401 tert.
976 1368 1047 1402 As
1041 1381 1102 1403 1us
1159 1370 1288 1404 Confer
1324 1372 1398 1406 vol.
1424 1373 1455 1407 Ι.

786 1424 820 1459 p.
849 1424 937 1447 1.v11.
963 1425 1014 1460 sq.

833 1458 889 1502 εἰ]
924 1472 991 1494 om.
1026 1460 1124 1496 Vind.
1152 1461 1194 1496 D.
1226 1465 1372 1498 etam.
1398 1476 1453 1510 pr.

783 1505 868 1539 Ven.
895 1505 934 1538 B.

828 1548 942 1607 μηδὲ]
967 1550 1016 1596 μὴ
1043 1552 1136 1587 Flor.
1161 1554 1206 1587 Τ.
1241 1567 1310 1589 non
1331 1555 1407 1590 Fic.

827 1594 919 1653 μηδ’
933 1599 944 1641 ]
969 1597 1020 1643 μὴ
1051 1597 1090 1632 δε
1115 1600 1194 1633 Bas.
1220 1601 1274 1634 ab.

830 1640 995 1689 ἀρκέσει]
1033 1642 1057 1678 οἷ
1060 1643 1168 1690 ρκέση
1197 1647 1278 1681 Ven.
1304 1647 1347 1683 B.
1372 1648 1454 1683 Vat.

782 1689 827 1724 H.
853 1690 950 1724 Flor.
977 1692 1084 1726 ACV.

829 1755 966 1803 φαμεν]
992 1759 1048 1793 Ita
1072 1760 1153 1794 Par.
1167 1761 1206 1794 A.
1232 1761 1334 1796 Vind.
1344 1762 1450 1798 DEF.

781 1804 870 1848 Ang.
896 1805 936 1838 B.
975 1806 1053 1839 Vat.
1077 1807 1122 1840 H.
1157 1807 1250 1842 Flor.
1277 1808 1450 1842 ACRTV.

783 1852 965 1884 asserimus
993 1851 1068 1885 Fic.
1102 1850 1243 1896 ἔφαμεν
1267 1854 1391 1900 reliqui
1415 1859 1454 1889 et

783 1896 950 1930 editiones
975 1903 1055 1931 ante
1079 1898 1282 1935 Bekkerum.

830 1939 907 1976 ἄλλ’
920 1945 933 1987 ]
960 1940 1052 1977 ἀλλὰ
1081 1945 1178 1978 Vind.
1204 1946 1244 1980 F.

827 1987 892 2022 καὶ
924 1987 1192 2036 μειρακιώδης]
1240 1995 1321 2038 post
1355 1989 1453 2036 δόξα

782 2034 876 2069 Flor.
901 2034 945 2069 T.

827 2078 913 2125 πέρι
945 2077 1126 2137 ὁρμησει]
1163 2083 1260 2138 περί.
1298 2080 1454 2129 ὁρμήσει

781 2126 883 2161 Vind.
906 2128 947 2161 Β.
995 2126 1080 2172 πέρι
1106 2125 1252 2173 ὁρμήση
1285 2131 1382 2164 Vind.
1408 2131 1451 2165 D.

778 2171 1018 2217 περιορμήσει
1036 2174 1121 2207 Lob.
1145 2176 1221 2209 V.at
1235 2176 1282 2209 M.
1294 2182 1333 2209 ut
1351 2177 1452 2212 etiam

777 2219 920 2253 Ficinus
943 2219 1069 2264 legisse
1086 2220 1244 2255 videtur.
1269 2224 1329 2256 sed
1350 2224 1448 2257 insa-

777 2277 826 2299 na
860 2271 894 2300 et
926 2267 1070 2310 puerilis
1104 2273 1226 2303 exorta
1257 2270 1450 2312 felicitatis

778 2312 895 2366 opinio
907 2313 1037 2367 rapiat
1060 2325 1148 2347 eum.

812 2354 959 2437 ὁκύτὸν]
986 2356 1107 2403 αὐτὴν
1131 2358 1233 2395 Vind.
1251 2359 1329 2395 DE.
1353 2360 1449 2396 Flor.

1484 1055 1522 1098 B

823 2471 1084 2528 οἰκειοῦσθαι]
1104 2473 1344 2508 οἱκοιοῦσθαι
1359 2474 1448 2510 Lob.
1480 2477 1514 2520 C

822 2519 875 2566 τῷ
915 2515 1019 2564 ὄντι]
1067 2517 1204 2554 τωόντι
1236 2521 1334 2555 Vind.
1369 2522 1447 2556 ΒΕ.

777 2576 843 2599 om
880 2565 960 2601 Vat.
982 2567 1028 2600 H.
1060 2585 1107 2592 —-
1154 2566 1268 2601 Locus
1300 2567 1447 2602 Hesiodi

779 2616 833 2645 est
848 2606 946 2655 ”Εργ
983 2613 1039 2647 40.

825 2624 1034 2704 ξυμβούλῳ]
1059 2657 1167 2704 συμβ.
1190 2657 1284 2693 Mon.
1301 2658 1341 2693 B.
1365 2659 1446 2694 Par.

778 2702 855 2736 DK.
905 2704 999 2738 Flor.
1034 2704 1112 2738 RU.
1160 2704 1236 2738 Ald.
1285 2705 1366 2740 Bas.
1391 2707 1448 2741 ab.

779 2749 900 2793 steph.

780 2840 807 2875 Α
824 2795 948 2875 μενὲἴ]
982 2793 1085 2839 μένει
1117 2794 1220 2834 Vind.
1252 2797 1295 2832 F.
1341 2795 1449 2842 μένοι

810 2852 856 2886 ng
