1807 3219
341 148 424 188 242

804 141 1279 186 PLATONIS

278 264 311 304 E
344 255 419 299 καὶ
446 248 580 297 τᾶλλα
612 251 775 305 οὕτως,
808 251 922 297 αὐτοὶ
949 253 1030 309 μὲν
1059 259 1221 307 ταῦτα,
1253 253 1281 298 ἃ
1309 252 1550 297 πλάττουσί
1583 267 1628 296 τε
1649 252 1725 295 καὶ

340 322 615 379 γράφουσιν,
655 322 719 364 ὠν
756 321 829 364 καὶ
870 323 989 365 σκιαὶ
1025 324 1101 367 καὶ
1137 323 1185 366 ἐν
1222 322 1383 367 ὕδασιν
1424 319 1588 371 εἰκόνες
1628 321 1723 373 εἰσὶ,

341 390 518 441 τούτοις
549 390 628 446 μὲν
659 406 719 440 ως
749 387 913 435 εἰκόσιν
942 385 1002 434 αὖ
1035 390 1252 447 χρώμενοι
1283 388 1508 447 ζητοῦντές
1537 405 1581 432 τε
1613 387 1726 432 αὐτὰ

251 466 317 499 511
344 459 486 502 ἐκεῖνα
516 460 644 510 ἰδεῖν,
688 456 718 500 ἄ
748 456 832 501 οὐκ
869 455 928 501 ἂν
968 457 1108 510 ἄλλως
1145 461 1236 503 ἴδοι
1263 475 1350 510 τις,
1393 457 1424 514 ἢ
1452 461 1506 514 τῇ
1536 458 1727 514 διανοίᾳ.

275 877 309 918 Ε

334 525 494 583 Ἀληθῆ
507 559 517 578 ,
549 526 632 582 ἔφη
645 559 654 576 ,
685 525 833 582 λέγεις.

898 529 1040 571 Τοῦτο
1070 529 1224 583 τοίνυν
1262 525 1424 583 νοητὸν
1466 527 1546 582 μὲν
1578 525 1627 570 τὸ
1658 523 1729 569 εἶ-

339 597 415 646 δος
444 595 615 651 ἔλεγον,
647 593 886 638 ὑποθέσεσι
915 592 958 639 δ’
991 593 1349 652 ἀναγκαζομένην
1371 593 1517 651 ψυχὴν
1535 598 1729 651 χρῆσθαι

383 735 520 785 τᾶλλα]
553 736 670 797 τξιλλα
703 741 795 776 Μοιι.
827 740 866 774 Β.
904 741 1002 776 Vind.

341 789 382 822 B.
408 788 528 833 steph
553 784 585 822 τ’
611 783 688 821 ἄλλ’
715 787 813 821 Vind.
840 787 883 821 Ε.
907 792 1004 849 utro-

337 835 374 869 bi
399 846 454 868 ue.

377 847 487 935 ἶὲν]
511 890 582 924 μεν
601 874 650 913 ὃὶν
684 879 782 913 Vind.
807 879 849 914 Ε.
873 879 1002 913 utrobi-

338 938 417 972 que.
449 924 515 969 μὲν
535 925 604 960 οὐν
627 926 714 960 Lob.
739 926 838 961 Vind.
857 927 898 961 Β.
923 926 1002 960 Vat.

339 974 418 1007 ΒΜ.
445 973 523 1006 Bas.
546 973 581 1006 b.

384 1018 529 1073 ταῦτα]
555 1030 619 1053 om.
644 1018 731 1062 Ang.
756 1017 796 1052 Β.
820 1017 916 1050 Flor.
926 1017 1002 1051 RT.

366 1065 460 1121 τόν]
495 1066 547 1098 aiv
573 1061 690 1097 τᾶλλα
720 1060 860 1106 ου’τως,
904 1059 1003 1096 αὐτὰ

338 1123 405 1155 μεν
420 1111 542 1145 ταῦτα
566 1122 642 1143 cmn
665 1110 751 1143 linea
773 1111 836 1143 sub
856 1109 1006 1155 quinque

339 1157 602 1214 supervacaneis
626 1156 719 1191 Mon
742 1156 784 1212 Β.

385 1202 448 1237 καὶ
471 1201 568 1237 σκιαὶ
588 1201 693 1259 καὶ]
698 1200 762 1235 καὶ
783 1200 881 1235 σκιαὶ
904 1200 1006 1236 Vind.

337 1249 382 1284 Ε.
407 1250 486 1284 Vat.
510 1249 555 1283 Η.
599 1246 698 1282 σκιαὶ
724 1246 788 1282 καὶ
811 1248 909 1282 Flor.
931 1247 1005 1282 AC.

339 1296 497 1340 Corpora
522 1299 557 1329 et
587 1295 739 1338 figuras,
773 1294 898 1339 quibus
929 1305 1005 1327 ma-

337 1341 511 1376 thematici
535 1344 697 1382 utuntur,
735 1345 770 1374 et
793 1341 930 1374 umbras
952 1341 1005 1373 fa-

339 1400 419 1422 cere
443 1391 479 1420 et
502 1387 536 1420 in
571 1386 670 1432 aquis
693 1386 856 1430 imagines
879 1386 1007 1419 habere

339 1435 505 1468 Socrates
529 1433 607 1466 ideo
632 1435 882 1473 commemorat,
904 1434 944 1465 ut
962 1431 1006 1465 ad

342 1480 552 1525 superiorem
587 1479 724 1523 generis
756 1458 902 1512 visibilis
925 1489 1006 1523 par-

339 1529 408 1560 tem
431 1525 613 1562 referenda
636 1536 713 1558 esse
737 1524 881 1567 doceat,
906 1536 1007 1569 quam

340 1571 479 1618 quidem
502 1575 637 1625 partem
666 1571 702 1604 in
727 1570 1007 1605 antecedentibus

340 1619 420 1663 (A.)
445 1619 494 1652 ita
518 1617 771 1662 descripserat,
806 1622 846 1650 ut
870 1616 1008 1650 dubium

342 1676 420 1699 esse
443 1667 576 1710 posset,
600 1669 716 1697 utrum
740 1663 905 1707 figurae·
895 1675 931 1697 m
954 1674 1008 1705 ea,

346 1722 389 1745 an
407 1711 441 1744 in
465 1710 574 1744 altera
597 1709 860 1744 continerentur.

388 1753 539 1796 τούτοις
559 1754 640 1801 μὲν]
666 1756 760 1789 Lene
783 1755 1009 1789 anacoluthon

342 1803 516 1847 multoque
540 1803 648 1835 minus
668 1801 866 1839 offensionis
878 1802 1009 1835 habens

342 1849 422 1890 illo,
448 1849 538 1893 quod
562 1848 779 1881 Heindorfius
802 1848 880 1881 huic
903 1847 1009 1880 simil-

344 1895 457 1928 limum
481 1895 677 1937 statuebat,
702 1894 855 1950 Eufhyd‘
881 1905 913 1938 p.
927 1895 1006 1928 281.

343 1941 394 1975 D:
435 1937 473 1974 ἒν
504 1940 693 1985 κεφαλαίῳ
720 1937 761 1973 δ’
766 1965 775 1982 ,
820 1937 943 1994 ε’φην,
977 1939 1006 1972 (ὁ

343 1987 516 2042 Κλεινία,
558 1975 767 2020 κινδυνεύει
800 1984 1007 2042 σύμπαντα,

352 2028 377 2066 ἃ
403 2031 446 2067 τὸ
465 2033 614 2087 πρῶτον
637 2030 778 2086 ε’φαμεν
793 2029 929 2087 οέγαθά
960 2035 1008 2065 εἱ-

346 2091 428 2122 ναι,
453 2076 499 2113 ού
519 2077 602 2122 περὶ
621 2076 760 2114 τούτου
782 2075 801 2112 ὁ
816 2076 924 2133 λόγος
942 2074 1009 2112 αύ-

346 2128 426 2164 τοῖς
456 2122 573 2168 εἶναι,
610 2120 712 2163 ὅπως
735 2120 835 2157 αύτοὲ
861 2136 900 2168 γε
921 2120 1009 2157 καθ’

346 2169 448 2205 αὐτὰ
459 2169 624 2225 πέφυκεν
643 2168 771 2226 αγαθὰ
793 2167 900 2213 εἶναι,
919 2166 1010 2212 αλλ’,

347 2229 400 2257 ως
428 2215 565 2260 ἔοικεν,
592 2210 658 2250 ωδ’
679 2216 715 2260 ἐχ
718 2228 767 2250 ει·
817 2217 872 2251 Cf.
897 2216 1012 2274 potius

347 2264 434 2319 Leg.
458 2263 499 2298 L.
516 2263 598 2297 XII.
622 2265 752 2307 p.949.
776 2263 826 2296 A:
853 2263 917 2297 καὶ
935 2274 1011 2306 κρι-

347 2307 418 2353 τὴν
438 2309 487 2343 αὑ
504 2275 644 2353 χορῶνΡ
652 2309 773 2363 (δρᾷν
793 2308 853 2342 δεῖ
873 2307 916 2343 τὸ
937 2320 1012 2342 τοι-

348 2356 485 2398 οῦτον)
519 2354 582 2389 καὶ
606 2352 730 2410 πάσης
754 2356 932 2411 μουσικῆς
966 2373 1013 2379 —

349 2401 516 2458 βραβέας
555 2400 618 2434 καὶ
650 2398 848 2444 απάντων,
890 2397 1014 2435 ὁπόσα

350 2447 398 2492 μὴ
433 2445 528 2493 φέρῃ
559 2445 692 2491 κέρδος
717 2445 813 2480 κατὰ
844 2445 916 2492 τὴν
950 2443 1013 2480 ἅν-

350 2494 546 2538 θρωπίνην
577 2492 692 2535 δόξαν
713 2494 764 2539 τῷ
797 2490 1015 2547 ἐπιορκοῦν-

352 2552 404 2573 τι·
437 2540 515 2573 τῶν
545 2537 585 2573 δὲ
622 2528 749 2573 ὁπόσα
773 2536 1016 2594 ἐξαρνηθέντι

352 2584 415 2620 καὶ
425 2582 684 2640 ἐξομοσαμένῳ
695 2583 825 2629 κέρδος
834 2583 928 2641 μέγα
943 2597 1014 2640 φα-

353 2630 464 2674 νερὸν
483 2635 578 2665 εἰναι
600 2632 724 2675 δοκεῖ,
749 2631 873 2665 ταῦτα
895 2629 933 2666 δε
951 2628 1014 2664 δια

354 2678 466 2712 δικῶν
506 2674 628 2721 ὅρκων
665 2676 776 2734 χωρὶς
824 2678 1018 2722 κρίνεσθαι

353 2721 570 2779 ξύμπαντας
612 2722 703 2764 τοὺς
747 2721 1016 2764 ἐπικαλοῦντας

355 2767 536 2825 ἀλλήλοις.

404 2814 540 2851 εικόσιν
575 2815 648 2860 ccv]
694 2813 810 2850 εἰκόσι
845 2815 941 2849 Vind.
973 2815 1014 2848 F.

1059 743 1145 778 Ven.
1169 743 1209 778 B.
1227 743 1329 796 ..Ang
1361 743 1403 777 B.
1434 741 1530 776 Flor.
1564 742 1607 775 R.
1656 741 1725 784 Ea,

1059 800 1206 844 quorum
1226 789 1388 833 imagines
1413 794 1514 830 sunt,
1539 799 1630 822 nunc
1653 800 1728 822 mu-

1059 841 1140 869 tata
1170 837 1244 869 vice
1287 835 1361 880 ipsa
1402 834 1622 879 imaginum
1619 834 1730 867 instar

1059 881 1239 916 habentur.
1264 881 1380 916 Etiam
1403 881 1545 915 Ficinus
1570 879 1619 914 αὐ
1643 879 1730 914 omi-

1060 927 1116 960 sit.

1106 970 1302 1016 ζητοῦντές
1333 972 1406 1016 τε]
1457 971 1654 1015 ζητοῦντες
1687 968 1730 1005 δὲ

1060 1019 1161 1053 Vind.
1192 1019 1237 1052 F.
1271 1021 1359 1062 Ang.
1384 1018 1423 1051 B.
1459 1018 1550 1051 Flor.
1574 1018 1618 1052 R.
1651 1018 1728 1051 Ast.

1061 1077 1130 1144 {eu
1155 1069 1235 1099 tert.
1260 1065 1382 1098 Stallb.
1423 1064 1618 1108 ζητοῦντες
1643 1063 1728 1096 Ven.

1061 1112 1103 1145 Β.
1129 1113 1336 1154 affectantes
1358 1111 1434 1145 Fic.
1458 1110 1607 1152 „Quum
1626 1121 1730 1154 prae-

1063 1157 1165 1190 cedat
1179 1155 1338 1195 τούτοις
1356 1156 1422 1200 μὲν
1441 1153 1633 1200 χρώμενοι,
1660 1167 1730 1189 non

1062 1203 1179 1237 dubito
1203 1203 1283 1248 quin
1306 1203 1402 1248 sequi
1426 1204 1551 1236 debeat
1575 1201 1730 1245 ζητοῦν-

1062 1261 1122 1289 τες
1143 1247 1195 1282 δέ.
1200 1251 1224 1268 “
1250 1249 1446 1304 Stephanus
1471 1260 1503 1305 p.
1529 1248 1586 1282 24.
1619 1248 1727 1281 Immo

1062 1307 1166 1340 quum
1184 1295 1375 1350 praecedat
1389 1292 1489 1328 αύτὰ
1508 1291 1574 1337 μὲν
1595 1294 1728 1328 ταῦτα.

1062 1341 1153 1375 Nam
1179 1343 1257 1386 ipsa
1280 1341 1359 1382 issa,
1395 1353 1484 1386 quae
1517 1340 1652 1385 fingunt
1687 1351 1730 1374 ac

1063 1387 1284 1428 describunt,
1332 1387 1450 1421 dicens
1485 1388 1650 1421 Socrates
1687 1386 1732 1420 de

1064 1433 1138 1467 aliis
1184 1434 1228 1467 ab
1268 1413 1319 1467 liis
1359 1432 1505 1467 diversis
1545 1432 1732 1477 cogitabat,

1063 1491 1152 1533 qnae
1173 1479 1305 1513 illorum
1323 1491 1388 1524 ope
1408 1479 1605 1532 quaerenda
1624 1490 1734 1532 oppo-

1064 1526 1194 1560 siturus
1236 1525 1286 1559 eis
1326 1529 1421 1567 erat,
1473 1529 1509 1558 et
1540 1523 1734 1579 huiusmpdi

1063 1573 1139 1606 fere
1177 1571 1365 1605 orationem
1406 1572 1572 1625 parabat.
1629 1567 1730 1604 αὐτὰ

1063 1629 1134 1672 μεν
1151 1617 1294 1661 ταῦτα,
1329 1613 1354 1650 ὁὶ
1376 1615 1580 1650 πλάττουσί
1606 1628 1645 1673 ’ξε
1668 1614 1733 1650 καὶ

1063 1643 1294 1719 γράφουσιν,
1328 1663 1544 1717 εἰσορῶντες
1565 1689 1575 1706 ,
1609 1659 1734 1696 ἐκεῖνα

1065 1708 1105 1744 δὲ
1136 1710 1230 1743 ιδεῖν
1257 1710 1475 1753 ζητοῦντες,
1501 1705 1525 1742 οὶ
1547 1715 1613 1743 etc.
1661 1708 1733 1742 Sed

1063 1756 1265 1799 imaginum,
1303 1767 1389 1801 quas
1427 1756 1544 1789 eadem
1577 1754 1637 1788 illa
1670 1756 1733 1788 ha—

1064 1803 1171 1844 bent,
1207 1802 1377 1836 mentione
1400 1801 1578 1835 interiecta
1601 1802 1730 1835 factum

1066 1852 1138 1890 est,
1170 1853 1210 1882 ut
1232 1848 1312 1902 ipsa
1331 1860 1394 1892 pro
1416 1848 1628 1893 imaginibus
1647 1858 1731 1888 csse,

1064 1906 1166 1940 quam
1190 1895 1312 1938 inspici
1335 1894 1448 1927 dicere
1470 1893 1605 1934 mallet,
1629 1893 1728 1926 ideo-

1065 1951 1131 1985 que
1155 1944 1282 1974 mutato
1307 1951 1370 1995 per
1399 1939 1626 1974 anacoluthon
1650 1949 1732 1972 casu

1064 1986 1266 2031 particulam
1286 1984 1352 2029 μὲν
1375 1985 1631 2030 perspicuitatis
1651 1996 1732 2030 gra-

1064 2032 1113 2067 tia
1137 2044 1178 2066 ex
1210 2032 1318 2077 priori
1348 2032 1510 2065 orationis
1540 2032 1651 2065 forma
1672 2042 1731 2064 re-

1066 2084 1187 2123 petens
1210 2078 1312 2120 illud,
1346 2078 1436 2122 quod
1470 2089 1532 2122 per
1557 2074 1597 2110 δὲ
1621 2088 1730 2130 oppo-

1067 2125 1194 2158 siturus
1226 2125 1356 2165 fuerat,
1390 2123 1547 2168 quoniam
1581 2123 1672 2156 aliud
1695 2121 1731 2156 in

1066 2170 1179 2204 verbis
1214 2182 1265 2209 ως
1303 2167 1440 2203 εἰκόσιν
1469 2169 1517 2202 αὑ
1551 2166 1732 2212 χρώμενοι

1067 2216 1250 2261 opposuit.
1273 2216 1350 2249 huic
1374 2227 1437 2260 per
1460 2226 1499 2249 τε
1522 2214 1643 2259 iungit,
1666 2215 1731 2248 hoc

1068 2274 1187 2296 sensu:
1223 2263 1302 2306 ipsa
1328 2263 1463 2306 quidem
1500 2262 1607 2302 haec,
1643 2272 1732 2305 quae

1061 2310 1208 2354 fingunt
1228 2321 1269 2342 ac
1296 2309 1510 2348 describunt,
1537 2318 1679 2351 quorum
1697 2311 1732 2341 et

1069 2357 1209 2388 umbrae
1226 2360 1260 2388 et
1276 2355 1313 2388 in
1332 2355 1430 2398 aquis
1451 2354 1622 2397 imagines
1638 2356 1732 2393 sunt,

1070 2401 1377 2445 (contemplantes,
1402 2399 1489 2442 sed)
1523 2399 1576 2432 his
1597 2399 1732 2443 quidem

1070 2448 1263 2492 imaginum
1277 2447 1350 2480 vice
1367 2450 1501 2479 utentes
1519 2450 1553 2479 et
1570 2445 1647 2489 ipsa
1668 2445 1731 2478 illa

1071 2493 1199 2527 intueri
1222 2497 1405 2533 conantes,
1429 2502 1517 2535 quae
1543 2495 1609 2523 etc.
1656 2489 1732 2522 Ita-

1070 2551 1138 2584 que
1164 2549 1203 2572 τε
1230 2537 1362 2572 retinui.
1418 2536 1529 2578 „Non
1552 2539 1646 2569 recte
1668 2547 1732 2569 au-

1070 2590 1138 2618 tem
1163 2584 1306 2625 dixeris,
1338 2582 1550 2636 respondere
1577 2581 1641 2615 sibi
1664 2578 1734 2623 μέν

1074 2635 1109 2664 et
1144 2629 1204 2674 τέ,
1247 2610 1307 2663 sed
1341 2635 1395 2663 est
1427 2629 1492 2662 hoc
1527 2624 1732 2661 ανακόλου-

1072 2679 1172 2711 θονέ
1177 2679 1186 2696 ‘
1222 2677 1433 2711 Hermannus
1467 2674 1510 2708 ad
1535 2674 1643 2707 locum
1667 2674 1734 2706 So-

1072 2723 1200 2768 phoclis
1232 2727 1311 2756 Ant.
1346 2722 1446 2756 1148.
1480 2720 1644 2754 hactenus
1672 2730 1735 2754 no-

1072 2773 1144 2802 stro
1167 2768 1320 2802 similem.

1121 2810 1170 2859 ἃ]
1195 2812 1239 2849 αἳ
1260 2813 1362 2849 vind.
1387 2812 1427 2846 F.
