1807 3219
231 1053 269 1096 D

288 124 372 165 1⁰4

731 118 1208 163 PLATONIS

288 232 625 290 ἀποβλέποντες,
677 227 767 274 οἷοι
799 247 858 274 αν
885 229 992 288 ἡμῖν
1029 233 1275 298 φαίνωνται
1314 229 1593 285 εὐδαιμονίας
1622 245 1699 291 τεν

286 303 386 355 πέρι
424 299 498 344 καὶ
531 303 611 344 τοῦ
640 298 869 351 ἐναντίου,
922 296 1268 357 ἀναγκαζώμεθα
1303 298 1378 343 καὶ
1409 298 1507 353 περὶ
1521 296 1670 378 ,ἡμῶν

226 374 264 417 D
293 370 440 414 αὐτῶν
470 366 722 424 ὁμολογεῖν,
754 366 822 419 ὃς.
832 367 888 411 ἂν
917 368 1099 421 ἐκείνοις
1128 368 1196 413 ὅτι
1223 366 1481 425 ὁμοιότατος
1508 360 1563 424 ᾑ,
1591 365 1670 423 τὴν

286 438 452 494 ἐκείνης
478 442 642 493 μοῖραν
672 435 932 494 ὁμοιοτάτην
961 438 1088 491 ἕξειν,
1127 434 1226 480 ἀλλ’
1260 435 1314 480 οὐ
1345 433 1506 479 τούτου
1530 434 1670 488 ἕνεκα,

287 505 341 550 ἵν’
373 504 690 561 ἀποδείξωμεν,
736 503 796 556 ὥς
836 504 1003 549 δυνατοὶ
1044 508 1184 549 ταῦτα
1222 506 1465 561 γίγνεσθαι.

287 574 388 631 μὲν,
419 573 527 631 ἔφη,
575 572 736 629 ἀληθὲς
764 571 909 629 λέγεις.

1526 505 1671 546 Τοῦτο

971 575 1064 618 Οἴει
1104 571 1161 618 ἂν
1205 566 1289 616 οὖν
1325 566 1458 629 ἧττόν
1487 587 1528 614 τι
1558 568 1673 626 ἀγα-

286 643 376 687 θὸν
417 640 651 698 ζωγράφον
691 638 804 684 εἶναι
843 640 892 693 ὃς
935 640 990 685 ἂν
1021 640 1196 699 γράψας
1235 640 1532 697 παράδειγμα,
1573 636 1673 683 οἷον

292 709 350 756 ἂν
381 712 446 768 εἴη
484 708 508 755 ὁ
539 707 765 761 κάλλιστος
794 707 1050 766 ἅνθρωπος,
1085 710 1159 755 καὶ
1190 708 1331 754 πάντα
1367 710 1427 762 είς
1455 708 1504 753 τὸ
1533 706 1674 766 γράμ-

333 859 565 906 φαίνωνται]
592 859 793 904 φαίνονται
815 859 897 894 Bas.
917 859 950 893 b.

336 926 646 974 ἀναγκαζώμεθα]
664 925 953 973 ἀναγκαζόμεθα

290 976 389 1010 Vind.
418 976 459 1010 F.
484 975 561 1010 Ald.
588 975 667 1010 Bas.
692 976 747 1010 ab.

294 1051 423 1137 Bgn]
449 1068 515 1091 om.
541 1054 627 1092 Lob.
651 1054 752 1090 Vind.
776 1054 850 1090 BD.
875 1054 954 1091 vat.

326 1118 338 1137 1.
365 1128 373 1136 -

337 1179 497 1227 ἐκείνης]
533 1180 590 1215 Ita
622 1181 703 1215 Par.
729 1180 834 1214 ΑΒΚ.
869 1179 956 1214 Lob

290 1227 392 1263 ‘Vind.
417 1230 493 1263 EF.
517 1228 596 1261 vat.
622 1227 662 1261 Β.
687 1227 773 1261 Ven.
798 1227 838 1260 C.
863 1226 956 1260 Flor.

290 1275 395 1310 Acv.
421 1275 496 1309 Ald.
514 1273 593 1308 Bas.
621 1275 675 1308 ab.
701 1270 855 1312 ἐκείνοις
879 1273 959 1306 reli-

291 1322 350 1367 qui
374 1321 508 1354 codices
531 1331 608 1353 cum
640 1321 818 1373 Stephano
844 1321 880 1352 et
902 1330 959 1352 re-

292 1368 510 1402 centioribus.
557 1367 607 1400 Et
638 1365 675 1400 in
708 1366 794 1399 Lob.
821 1376 877 1404 οις
900 1376 960 1398 511-

292 1425 355 1459 per
384 1425 429 1457 ης
461 1412 670 1457 adscriptum
702 1416 765 1446 est.
813 1407 957 1464 ὅμοιος,

293 1463 332 1493 ut
354 1458 554 1493 Latinormn
577 1459 717 1499 similis,
752 1469 828 1491 cum
862 1457 960 1501 geni-

293 1506 364 1540 tivo
390 1505 541 1539 construi
563 1516 666 1549 posse
689 1515 794 1549 quum
816 1503 904 1537 ratio
924 1505 959 1536 et

295 1550 451 1595 analogia
485 1551 694 1595 persuadet,
738 1553 810 1582 tuni
845 1561 959 1593 gram-

295 1598 497 1631 maticorum
515 1597 706 1630 testimonia
723 1595 856 1630 docent.
882 1595 960 1628 Pri-

296 1644 430 1678 scianus
463 1642 508 1676 T.
533 1642 579 1676 ΙΙ.
612 1653 721 1698 pag.
728 1643 804 1676 182.
840 1641 958 1674 Krehl.

297 1690 355 1724 11ίί
387 1689 533 1744 φίλος
565 1687 721 1721 αυτοῦ
758 1685 843 1720 καὶ
887 1683 961 1720 αὐ-

296 1735 361 1782 τῷ
379 1760 390 1778 ,
439 1730 608 1778 ὅμοιος
626 1759 636 1777 ,
684 1730 961 1789 προσήκων,

298 1770 466 1824 ξένος,
493 1777 738 1836 συγγενὴς,
767 1776 962 1823 ἄδελφι·

299 1827 422 1867 δοῦς
452 1825 533 1860 καὶ
574 1824 630 1860 τὰ
675 1823 839 1869 ὅμοια.
891 1826 965 1860 Nos

298 1885 430 1919 quoque
453 1873 576 1906 similis
603 1872 697 1907 illius
718 1877 752 1906 et
778 1873 853 1913 illi,
880 1873 964 1915 affi-

298 1921 375 1961 m's,
411 1924 599 1964 cognatus,
635 1919 773 1962 hospes,
808 1929 965 1952 necessa-

299 1967 392 2009 rius,
415 1965 584 2009 patruelis
603 1969 637 1998 et
658 1965 798 1997 similia.
831 1964 870 1996 In
887 1963 965 2008 qui·

299 2013 362 2046 bus
387 2023 475 2066 quae
498 2011 620 2044 Aldina
651 2013 688 2043 et
714 2010 786 2043 eius
810 2010 964 2043 asseclae

299 2062 379 2114 post
403 2053 515 2100 όμοια
538 2056 655 2090 addita
686 2055 814 2089 habent
836 2052 965 2098 ὅμοιος

299 2104 376 2147 εἰμι’
400 2114 460 2137 σοι
481 2101 545 2137 καὶ
568 2098 698 2145 ὅμοιος
718 2101 788 2136 τοῦ
806 2100 964 2144 πατρὸς,

299 2161 418 2184 00111111
451 2149 595 2184 alterum
629 2148 743 2182 nescio
767 2159 810 2181 an
835 2159 877 2181 ex
901 2149 968 2181 So-

300 2197 432 2242 phoclis
466 2196 572 2229 Aiace
610 2194 689 2230 546.
701 2194 888 2249 petitiun
900 2193 966 2227 sit·

303 2243 333 2276 ω’
355 2244 436 2283 παῖ,
446 2239 584 2298 γένοιο
593 2237 739 2297 πατρὸς
758 2236 967 2283 εὐτυχέστε-

303 2301 388 2332 ρος,
413 2286 461 2322 τὰ
489 2284 530 2322 δ’
560 2282 637 2321 ἄλλ’
670 2284 812 2329 ὅμοιος.
858 2290 970 2320 Acce-

304 2335 356 2368 dit
378 2335 529 2369 Thomas
559 2333 653 2377 Mag.
686 2343 721 2377 Ρ.
747 2333 825 2367 649.
852 2336 887 2365 et
911 2331 970 2384 qui

304 2379 392 2425 περὶ
417 2377 621 2421 συντάξεως
648 2378 788 2433 scripsit
819 2377 972 2412 Bekkeri

306 2427 425 2461 anecd.
449 2439 482 2480 p.
510 2428 587 2467 161,
611 2428 642 2460 1.
665 2424 724 2470 qui
750 2421 972 2467 ὁμοιότατος

307 2473 422 2507 dativo
461 2472 612 2507 iunctum
654 2483 696 2504 ex
736 2470 973 2504 Demosthenis

308 2530 357 2553 or.
381 2519 416 2552 in
440 2519 582 2553 Androt.
609 2517 642 2560 ἓ.
667 2518 723 2552 32.
747 2517 858 2550 Bekk.
884 2517 972 2550 affe-

310 2576 390 2599 rens
413 2565 500 2598 haud
525 2564 628 2598 dubie
651 2563 790 2597 alterius
818 2566 974 2596 constru-

311 2610 433 2645 ctionis
479 2620 606 2654 gnarus
652 2613 688 2643 et
733 2619 861 2642 memor
893 2609 970 2642 fuit.

310 2655 478 2700 Exenqna
509 2655 645 2701 quidem
688 2665 770 2689 rara
819 2658 898 2689 sunt
938 2659 974 2688 et

311 2715 401 2754 quae
441 2702 540 2736 citari
579 2702 690 2735 solent
722 2712 786 2734 nec
817 2700 973 2735 lectionis

314 2748 427 2783 omnia
454 2759 517 2781 1100
559 2747 853 2790 interpretationis
886 2747 973 2781 satis

312 2798 450 2837 certae,
497 2793 589 2827 velut
634 2793 801 2828 Herodoti
843 2793 916 2828 loco
953 2806 973 2827 a

1008 859 1142 895 Thema
1165 857 1305 893 laudato
1329 858 1369 892 L
1394 857 1512 892 1]1.c
1533 858 1589 893 37.
1615 856 1676 891 ubi

1009 905 1053 939 de
1077 905 1283 939 Cabirorum
1312 904 1434 938 statuis
1467 915 1577 937 sermo
1610 907 1676 944 est,

1010 953 1161 987 Thomas
1186 949 1262 985 ε’στι
1277 948 1316 985 δὲ
1337 949 1401 984 καὶ
1421 949 1544 983 ταῦτα
1557 945 1677 993 ὅμοια

1011 999 1081 1032 τοῦ
1110 994 1317 1041 Ἡφαίστου
1342 1007 1418 1029 011111
1448 999 1550 1048 parte
1584 995 1680 1029 codi-

1012 1055 1090 1078 cum
1120 1047 1314 1077 nostrortun
1340 1042 1453 1097 legit
1496 1041 1554 1076 alii
1585 1041 1679 1086 iique

1011 1090 1165 1136 potiores
1196 1091 1294 1122 τοῖσι
1326 1092 1418 1141 post
1437 1084 1550 1132 ὅμοια
1587 1087 1680 1121 11150-

1012 1140 1113 1177 runt,
1155 1135 1246 1180 quod
1287 1133 1421 1169 etiamsi
1468 1134 1627 1168 omissum
1658 1145 1680 1167 a

1013 1161 1184 1235 scriptore
1207 1181 1331 1223 fuerit,
1363 1180 1467 1214 nihilo
1485 1180 1594 1214 minus
1617 1191 1680 1224 ge·-

1014 1228 1141 1262 nitivus
1176 1238 1243 1260 non
1275 1227 1318 1260 ab
1351 1226 1542 1268 adiectivo,
1575 1226 1635 1259 sed
1660 1236 1682 1259 3

1014 1273 1202 1318 repetendo
1227 1284 1269 1307 ex
1293 1273 1526 1325 superioribus
1548 1275 1682 1305 statua-

1014 1331 1090 1354 rum
1113 1319 1246 1353 nomine
1264 1319 1339 1363 regi
1355 1318 1502 1353 videtur.
1525 1317 1682 1372 Xenoph.

1014 1367 1124 1400 Anab.
1148 1365 1189 1399 L.
1212 1364 1297 1399 IIII.
1331 1376 1360 1398 c.
1387 1367 1416 1399 1.
1450 1366 1483 1406 δ.
1508 1366 1562 1400 17.
1589 1359 1683 1397 ὥστε

1015 1407 1038 1456 ἦ
1067 1411 1201 1454 πορεία
1237 1407 1351 1466 ὁμοία
1383 1410 1503 1454 φυγῆς
1542 1408 1682 1454 ἐγίνετο

1015 1461 1095 1498 τοῖς
1116 1454 1398 1501 ὀπισθοφύλαξι
1412 1457 1551 1501 vulgata
1568 1456 1681 1498 lectio,

1015 1505 1076 1538 sed
1106 1504 1144 1539 in
1174 1504 1306 1537 duobus
1339 1503 1474 1548 optimis
1509 1502 1683 1536 codicibus

1017 1550 1115 1595 φυγῇ
1156 1561 1218 1594 pro
1259 1549 1379 1594 φυγῆς
1414 1549 1580 1593 scriptiun
1618 1551 1683 1581 est.

1016 1597 1192 1641 Aristoph.
1225 1596 1306 1630 Pac.
1331 1597 1409 1630 519.
1435 1596 1551 1638 (531.)
1583 1605 1684 1639 quem

1016 1641 1127 1677 locum
1143 1653 1212 1676 una
1229 1653 1305 1675 cum
1316 1641 1563 1686 Xenophonteo
1572 1641 1684 1674 Bern-

1017 1688 1126 1732 hardy
1151 1691 1241 1742 synt.
1275 1699 1310 1732 p.
1346 1688 1424 1722 140.
1454 1687 1521 1721 11110
1553 1686 1685 1728 retunt,

1017 1735 1098 1778 μῶν
1120 1733 1190 1768 ούν
1210 1730 1342 1778 ὅμοιον
1361 1732 1424 1767 καὶ
1436 1732 1562 1777 γνλίου
1577 1742 1685 1776 στρα·

1019 1780 1218 1820 mart-cnosi,⁶
1265 1780 1320 1814 vel
1350 1780 1588 1824 interpositum
1622 1777 1687 1812 καὶ

1018 1827 1149 1863 indicat
1182 1825 1311 1870 γνλίου
1341 1827 1493 1871 pendere
1524 1837 1546 1859 3
1580 1826 1686 1859 verbo

1020 1876 1108 1907 πνεῖ
1137 1883 1180 1906 ex
1219 1873 1497 1906 antecedentibus
1531 1868 1612 1906 οἷον
1646 1867 1686 1904 δὲ

1021 1921 1148 1961 πνεῖς,
1175 1914 1226 1957 (ὃς
1253 1915 1326 1962 ἡδὺ
1355 1916 1450 1952 κατὰ
1473 1918 1539 1962 τῆς
1560 1916 1686 1973 καρδί·

1022 1977 1085 2007 ας,
1111 1962 1362 2019 γλυκύτατον,
1397 1961 1519 2008 ὥσπερ
1553 1960 1686 2007 ἄστρα·

1022 2011 1124 2051 τείας
1151 2009 1214 2044 καὶ
1243 2008 1365 2055 μύρου
1389 2011 1491 2044 facile
1517 2010 1688 2044 asciscen-

1023 2057 1076 2091 do.
1124 2056 1223 2090 Unus
1247 2061 1302 2091 est
1333 2057 1442 2090 adhuc
1467 2059 1566 2089 extra
1589 2055 1689 2090 dubi-

1023 2103 1187 2137 tationem
1209 2103 1341 2147 positus
1365 2102 1499 2136 Aeliani
1526 2102 1619 2136 locus
1645 2102 1688 2135 ab

1024 2149 1267 2194 Oudendorpio
1301 2149 1344 2182 ad
1367 2149 1535 2182 Thomam
1557 2148 1690 2182 adbibi-

1024 2198 1080 2228 tus
1114 2195 1160 2228 Η
1192 2199 1233 2228 A.
1270 2195 1567 2229 L.VH1.c.1.
1602 2197 1688 2227 extr.

1024 2238 1205 2296 τέτταρας
1227 2237 1380 2284 ὁμοίους
1412 2238 1552 2275 ἐκείνου
1571 2237 1689 2279 κύνας

1026 2284 1162 2321 ἔδωκέν
1187 2285 1233 2321 οἱ.
1255 2288 1349 2321 cuius
1374 2290 1488 2321 tamen
1510 2286 1690 2331 scriptoris

1027 2333 1213 2368 auctoritas
1244 2345 1311 2367 non
1340 2345 1381 2369 ea
1415 2336 1487 2374 est,
1520 2345 1588 2378 qua
1611 2333 1690 2367 Pla-

1026 2379 1131 2413 tonici
1154 2379 1221 2413 loci
1243 2380 1414 2425 scriptura
1436 2379 1540 2413 dubia
1563 2379 1690 2413 confir-

1027 2426 1115 2459 mari
1137 2426 1256 2471 possit.
1305 2427 1375 2460 Sed
1399 2425 1556 2470 analogia
1579 2425 1692 2470 respi—

1029 2471 1150 2505 cienda
1173 2476 1209 2506 et
1227 2472 1379 2507 codicmn
1396 2472 1543 2516 dignitas
1562 2472 1622 2505 et
1614 2482 1691 2516 ipsa

1029 2518 1171 2561 genitivi
1189 2518 1396 2561 difficultas,
1419 2518 1478 2563 qui
1500 2521 1578 2563 post
1594 2517 1690 2562 prius

1029 2562 1181 2603 ἐκείνοις
1213 2565 1362 2599 librariis
1393 2564 1495 2598 facile
1527 2574 1603 2597 cum
1626 2564 1690 2597 hoc

1026 2611 1288 2655 permutandus,
1320 2614 1438 2645 contra
1469 2609 1540 2643 eius
1572 2610 1608 2644 in
1638 2609 1691 2643 lo-

1028 2666 1104 2689 cum
1136 2657 1178 2690 de
1210 2657 1406 2691 coniectura
1437 2655 1691 2690 substituendus

1027 2701 1151 2736 nemini
1192 2703 1302 2737 videri
1340 2705 1487 2756 poterat.
1552 2702 1616 2736 His
1647 2701 1690 2735 de

1029 2748 1158 2782 caussis
1182 2745 1348 2793 ἐκείνης
1339 2761 1373 2783 111
1393 2748 1543 2783 ordinem
1563 2747 1689 2793 recepi.

1077 2790 1144 2838 ἵν’]
1175 2794 1236 2828 ινα
1263 2795 1344 2829 Lob.
1372 2793 1470 2829 Vind.
1494 2794 1565 2828 BF.
