1807 3219
472 168 812 230 CIVITAS
856 170 1092 212 LIBJH.
1118 176 1186 210 535

1463 171 1548 211 3323

165 280 361 337 α’ῤῥατον
396 282 472 325 καὶ
507 280 650 337 πάντη
681 281 930 337 φιλόπονον
961 284 1173 340 ζητητέον.
1223 281 1253 336 ἢ
1281 282 1368 324 τίνι
1400 279 1549 338 τρόπῳ
1581 284 1613 325 C

165 353 248 395 οἴει
283 348 337 394 τά
373 366 420 394 τε
459 354 540 394 τοῦ
579 349 781 406 σώματος
819 350 1041 409 ἐθελήσειν
1080 350 1178 395 τινὰ
1209 353 1437 394 διαπονεῖν
1477 350 1551 393 καὶ

163 417 381 476 τοσαύτην
409 417 607 475 μάθησίν
633 435 677 463 τε
709 420 784 463 καὶ
817 420 998 477 μελέτην
1027 420 1257 470 ἐπιτελεῖν,
1297 416 1494 468 Οὐδένα,
1524 412 1553 474 ἦ

163 487 207 533 δ’
238 485 311 540 ὃς,
350 486 428 530 ἐοὶν
455 504 515 543 μη
545 487 798 532 παντάπασί
825 487 869 545 γ’
901 492 928 546 ᾐ
961 486 1142 544 εὐφυής.

474 558 531 612 ἡν
568 555 611 600 δ’
647 555 758 613 ἐγώ,
820 558 894 601 καὶ
940 576 967 614 η
1010 556 1161 612 οἷτιμία
1201 557 1445 613 φιλοσοφίᾳ
1477 555 1549 599 διοὶ

163 555 415 614 ἁμάρτημα,

1209 486 1268 531 Τὸ
1308 492 1423 543 γοῦν
1465 490 1551 531 νῦν

161 629 300 670 ταῦτα
338 624 710 679 προσπέπτωκεν,
759 624 784 670 ὃ
813 626 887 669 καὶ
927 623 1144 681 πρότερον
1185 622 1342 677 εἶπον,
1385 625 1452 668 ὅτι
1497 622 1552 668 οὔ

161 694 253 740 κατ’
293 692 418 746 ἀξίαν
454 691 588 749 αὐτῆς
625 693 861 738 ἅπτονται·
904 693 958 738 οὐ
989 693 1075 751 γάρ
1106 692 1274 744 νόθους
1304 694 1390 737 ἔδει
1421 692 1549 736 ἅπτε-

162 770 269 810 σθαι
280 796 292 815 ,
326 762 436 806 cmo}
466 764 685 818 γνησίους,

751 767 876 816 Πῶςὲ
908 764 1004 820 ἔφη·
1055 765 1245 816 Πρῶτον
1275 763 1376 818 μὲν,
1408 760 1547 814 εἷπον,

161 833 401 890 φιλοπονίᾳ
433 828 488 874 οὔ
522 831 665 887 χωλὸν
695 833 764 876 δεῖ
803 830 915 876 εἶναι
958 831 1037 876 τὸν
1080 829 1326 886 ἁψόμενον,
1375 828 1428 872 τὰ
1467 828 1547 883 μὲν
1573 830 1611 869 D

91 900 329 959 489ἡμίσεα
360 898 625 957 φιλόπονον,
656 900 708 944 τὰ
742 901 787 945 δὲ
817 901 974 958 ἡμίσεα
1005 898 1186 943 ἄπονον.
1221 899 1310 942 ἔστι
1332 897 1377 942 δὲ
1404 901 1550 948 τοῦτο,

158 1052 328 1097 pertinet,
375 1051 418 1085 de
453 1062 521 1096 qua
553 1050 717 1085 dubitatio
749 1063 825 1085 esse

159 1098 297 1143 nequit,
322 1097 352 1131 si
376 1109 493 1131 verum
518 1101 590 1139 est,
615 1098 705 1143 quod
725 1097 825 1131 scho-

158 1144 276 1178 liastes
309 1144 524 1179 Victonianus
560 1144 601 1177 ad
636 1145 675 1177 ΙΙ.
701 1144 820 1178 XIIII.

159 1192 215 1226 56.
239 1190 367 1232 tradit,
380 1202 462 1245 pro
488 1186 676 1239 ἄρ’ῥῃκτον
701 1190 822 1234 (νηῶν

159 1248 200 1271 τε
237 1236 300 1270 καὶ
338 1232 468 1270 αὐτῶν
511 1233 610 1280 εἶλαρ
653 1234 821 1281 ἔσεσθαι)

158 1283 243 1317 alios
266 1282 390 1327 legisse
415 1279 592 1326 ἅῤῥατον.

94 1340 127 1384 C
204 1327 351 1373 πάντη]
384 1329 424 1362 In
449 1330 513 1362 hoc
545 1339 660 1362 omnes
684 1340 704 1361 a
728 1328 822 1361 Bek-

157 1375 242 1410 kero
267 1374 380 1409 collati
404 1375 535 1409 codices
559 1375 677 1418 (etiam
688 1374 821 1409 Par.K.

157 1422 202 1456 de
228 1434 294 1467 quo
311 1421 483 1466 Bipontini
498 1422 632 1465 tacent)
658 1432 723 1454 uno
741 1421 821 1455 Par.

156 1469 198 1502 A.
230 1469 378 1502 fortasse
405 1472 572 1512 excepto,
603 1467 697 1501 cuius
730 1468 822 1501 Bek-

156 1514 261 1548 kerus
283 1514 489 1547 mentionem
515 1525 581 1547 non
606 1513 708 1555 facit,
741 1525 822 1547 con-

157 1560 328 1603 sentiunt,
361 1559 443 1594 item
473 1560 537 1593 mei
560 1563 698 1604 praeter
724 1559 822 1593 Vind.

157 1607 199 1641 F.
223 1606 294 1652 qui
305 1604 418 1640 παντὶ
438 1606 553 1648 habet,
578 1610 614 1639 et
636 1606 825 1639 Florentini

157 1664 234 1687 cum
266 1653 346 1686 Bas.
367 1653 402 1686 b.
427 1652 464 1686 in
497 1664 565 1697 qua
596 1657 650 1685 est
685 1649 819 1696 πάντῃ.

158 1699 234 1733 Ald.
262 1699 344 1732 Bas.
368 1710 399 1732 a.
425 1698 545 1743 steph.
570 1698 644 1732 Ast.
669 1710 721 1744 pr.
751 1710 820 1732 sec.

157 1742 283 1779 πάντα
330 1745 515 1787 exhibent,
570 1744 660 1790 quod
706 1744 820 1790 paullo

156 1791 313 1848 asperius
339 1791 486 1825 videtur.

202 1833 227 1882 ἢ
252 1837 350 1882 τίνι]
383 1833 408 1881 ἥ
436 1849 509 1870 τινι
532 1837 621 1871 Lob.
652 1836 752 1870 Vind.
778 1836 819 1869 F.

157 1884 238 1918 Bas.
251 1885 284 1917 b.
315 1884 355 1917 Id
380 1884 540 1917 sufficere
564 1886 702 1927 poterat
721 1883 821 1916 Prin-

156 1930 321 1972 stererio‚
356 1941 456 1975 quem
486 1929 733 1964 Stallbaumius
764 1941 821 1962 re

156 1977 227 2010 fert
259 1976 464 2030 Prosopogr.
497 1988 532 2021 p.
563 1978 643 2010 209.
679 1981 821 2020 propter

156 2022 232 2057 τίνι
252 2019 380 2068 τρόπῳ
404 2023 439 2056 in
464 2022 684 2080 sequentibus
711 2022 821 2054 Glau—

157 2069 252 2103 conis
284 2069 399 2102 verbis
432 2065 562 2103 οὕδενι
592 2080 656 2113 pro
681 2064 847 2102 ου’δένα·

156 2115 337 2159 legendmn
370 2115 552 2150 censuisse.
599 2114 669 2148 Sed
692 2114 750 2147 ille
773 2114 822 2147 ita

157 2161 365 2206 respondet,
400 2164 440 2194 ut
463 2161 492 2195 si
515 2161 600 2195 τίνα
624 2160 694 2195 οἴει
717 2160 822 2193 inter—

157 2210 300 2253 rogatus
335 2207 469 2240 fuisset.
542 2208 642 2241 Conf.
685 2206 822 2240 Charm.

158 2264 193 2298 p.
221 2255 299 2289 167.
331 2253 381 2286 A·
421 2253 499 2309 ἀρα
525 2251 648 2287 ταῦτα’
670 2250 767 2287 ἐστιν
797 2249 821 2286 ἃ

158 2296 294 2356 λέγεις,-
299 2294 443 2356 ”Εγωγ’,
466 2298 549 2344 ἔφη.
574 2301 683 2344 Gorg.
692 2310 730 2357 p.
742 2299 823 2334 467.

158 2345 212 2401 Εε
241 2340 308 2401 αρ’
330 2345 400 2379 οὐν
428 2343 504 2379 ε’στι
529 2358 566 2380 τι
591 2358 668 2380 των
688 2343 821 2387 ὄντων,

161 2386 184 2426 ὃ
205 2387 288 2447 ον’χὶ
309 2387 406 2447 ᾕτοι
434 2388 592 2448 ἀγαθόν
611 2389 643 2436 γ’
674 2388 772 2426 ἐστὶν
797 2389 821 2436 ἢ

158 2435 276 2472 κακὸν
304 2433 327 2482 ἢ
356 2436 493 2493 μεταξὺ
521 2435 667 2472 τούτων
689 2464 698 2480 ,
736 2434 822 2474 οὔτε

157 2480 309 2539 ἄγαθρν
330 2480 416 2517 ου’τε
427 2482 562 2526 κακόν,-
575 2482 698 2529 Πολλή
710 2481 821 2529 ανάγ-

157 2542 224 2575 κη,
251 2530 280 2564 ω’
301 2527 509 2587 Σώκρατες.

204 2574 419 2621 ἐθελήσειν]
445 2573 614 2621 ἐθελήσει
633 2576 733 2612 Vind.
756 2575 798 2610 F.

204 2643 406 2690 ἐπιτελεῖν]
431 2645 614 2679 διατελεῖν
636 2646 715 2681 Vat.
738 2645 789 2680 M.

206 2711 426 2749 πανταπασί
451 2710 481 2758 γ’
504 2707 561 2769 ᾗ]
603 2710 822 2748 παντάπασι

157 2760 205 2805 γῆ
229 2761 329 2795 Vind.
354 2761 394 2795 F.
437 2758 675 2794 παντάπασιν
692 2756 716 2804 ἢ
741 2760 820 2794 Bas.

158 2808 193 2841 b.
228 2805 467 2841 παντάπασιν
497 2819 520 2852 η
556 2806 710 2850 reliquae
742 2809 822 2840 ante

159 2853 354 2888 Bekkerum
387 2865 462 2888 cum
494 2842 595 2889 Vind.
617 2852 693 2887 ΒΕ.
726 2852 821 2888 Mon.

884 1051 924 1085 C.
976 1052 1062 1086 Ven.
1096 1050 1136 1084 B.
1184 1049 1263 1084 vat.
1300 1049 1346 1083 H.
1395 1049 1484 1092 Aug.
1507 1048 1547 1082 B.

880 1098 972 1131 Flor.
998 1097 1140 1131 ACRT.

925 1144 1046 1200 γοῦν]
1076 1143 1145 1177 οὐν
1169 1142 1266 1176 Vind.
1282 1142 1326 1175 Ε.

925 1190 974 1234 ’ἠν
996 1188 1029 1224 δ’
1049 1187 1147 1233 ἐγώ]
1173 1202 1236 1223 om
1265 1189 1350 1221 Lo.b
1375 1187 1452 1220 Vat.
1466 1186 1549 1220 ΒΜ.

927 1236 1153 1283 φιλοσοφίᾳ]
1180 1233 1386 1279 φιλοσοφία
1411 1245 1485 1267 cum
1504 1245 1548 1271 ας

880 1294 984 1327 super
1008 1273 1125 1316 ultima
1148 1286 1233 1326 Ang.
1258 1282 1298 1314 B.
1341 1279 1547 1324 φιλοσοφία

879 1329 954 1363 Ald.
975 1329 1102 1373 (Lab.)

927 1373 990 1409 διὰ
1023 1374 1166 1418 ταῦτα]
1195 1373 1259 1407 δια
1277 1385 1309 1408 τ.
1332 1373 1419 1408 Lob.
1445 1373 1545 1409 Vind.

926 1464 1055 1511 εἷπον]
1093 1467 1153 1500 Sic
1185 1465 1264 1500 Par.
1297 1466 1339 1499 A.
1371 1465 1472 1500 Vind.
1505 1466 1546 1499 B.

880 1514 973 1547 Mon.
1001 1514 1042 1548 C.
1067 1514 1147 1548 vat.
1172 1512 1218 1546 Η.
1246 1515 1281 1545 et
1311 1511 1472 1545 Ficinus:
1509 1518 1548 1546 ut

880 1572 987 1605 supra
1021 1561 1186 1593 dicebam.
1238 1558 1390 1601 εἴπομεν
1425 1558 1548 1603 reliqui

881 1618 956 1640 cum
983 1606 1094 1640 editis
1129 1604 1320 1649 Singulfflis
1346 1616 1386 1638 eo
1409 1606 1548 1649 praefe-

878 1653 1004 1686 rendus
1046 1651 1159 1686 xideri
1199 1654 1337 1696 poterat
1377 1650 1549 1696 scliptori,

879 1710 946 1743 quo
971 1698 1078 1742 magis
1103 1698 1260 1739 Socrati,
1294 1698 1358 1730 hoc
1385 1700 1458 1739 est,
1482 1697 1546 1730 sibi

878 1745 1082 1789 peculiarem
1130 1744 1332 1777 seutentiam
1379 1744 1422 1776 de
1464 1755 1546 1777 con-

878 1794 1010 1835 temptu
1034 1790 1269 1835 philosophiae
1289 1789 1429 1835 eiusque
1447 1801 1546 1823 caus—

878 1837 925 1870 sis
950 1837 990 1872 L.
1021 1837 1076 1869 v.1
1101 1848 1136 1881 p.
1161 1837 1241 1870 495.
1268 1837 1309 1871 C.
1336 1849 1413 1881 sqq.
1441 1848 1545 1881 expo-

878 1883 978 1916 sitam
1001 1883 1221 1931 significaret.
1256 1882 1383 1926 εἰπομ
1374 1895 1409 1916 ν
1434 1890 1546 1916 autem

877 1929 1009 1963 facilius
1034 1941 1076 1962 ex
1101 1936 1226 1973 ειπον,
1272 1941 1373 1974 quam
1406 1929 1471 1963 hoc
1504 1940 1545 1963 ex

877 1975 936 2009 illo
965 1976 1046 2009 oriri
1070 1976 1191 2020 potuit.

923 2018 1002 2055 κατ’
1023 2018 1153 2077 ἀξίαν]
1179 2021 1306 2063 κατ-αξ.
1335 2021 1433 2055 Vind.
1454 2021 1506 2055 E.

925 2065 1067 2112 αὐτῆς]
1101 2066 1234 2108 αὐτοῖς
1258 2069 1358 2102 Vind.
1382 2068 1425 2102 F.
1475 2064 1543 2102 αὕ-

878 2114 946 2148 τοῦ
972 2115 1052 2148 Bas.
1078 2116 1112 2148 b.

925 2161 1084 2203 Πρῶτον
1096 2158 1162 2204 μὲν
1173 2180 1219 2187 -
1231 2161 1469 2204 φιλοπονίαν.
1485 2161 1544 2204 Ι).]

880 2207 1052 2251 excerpsit
1063 2208 1234 2241 Stobaeus
1251 2219 1351 2240 serm.
1364 2206 1544 2240 XXVIIII.

879 2265 914 2298 p.
939 2255 1017 2301 306.
1068 2253 1138 2287 Sed
1168 2254 1204 2287 in
1236 2254 1311 2287 cod.
1334 2252 1381 2287 A.
1411 2254 1542 2286 desunt.

927 2300 1053 2356 εἶπον]
1081 2298 1126 2343 δὴ
1163 2296 1268 2334 εἷπον
1296 2300 1374 2333 Par.
1405 2299 1450 2333 K.
1476 2311 1545 2333 sec.

879 2345 991 2379 Bekk.
1018 2343 1112 2390 ε’φην
1136 2348 1216 2381 Vat.
1241 2347 1288 2381 Μ.
1315 2358 1380 2380 om.
1402 2346 1502 2379 Stob.

926 2392 1154 2438 φιλοπονίᾳ]
1200 2392 1426 2436 φιλοπονίας
1459 2392 1545 2425 Lob.

878 2437 973 2471 Mon.
1007 2439 1046 2472 B.
1095 2439 1174 2472 Par.
1211 2439 1288 2472 DK.
1321 2450 1390 2472 sec.
1434 2438 1545 2472 Bekk.

879 2485 1020 2564 {auc
984 2484 1035 2519 Μ.
1076 2485 1170 2520 Flor.
1206 2485 1285 2519 TU.
1322 2490 1358 2518 et
1390 2496 1412 2519 a
1444 2496 1488 2518 m.
1517 2495 1546 2518 5.

913 2542 966 2564 en.
992 2531 1032 2564 C.

925 2573 1144 2621 ἁψόμενον]
1196 2572 1395 2620 ἁψάμενον
1441 2575 1542 2613 Vind.
1568 2578 1608 2619 D

876 2623 955 2658 EF.
979 2623 1078 2656 Stob.

924 2666 1150 2712 φιλόπονον]
1176 2663 1270 2702 ὅντα
1293 2669 1423 2702 addunt
1441 2668 1544 2703 Vind.

877 2715 953 2750 EF.
973 2716 1055 2750 Ven.
1065 2716 1106 2750 B.
1126 2717 1212 2758 Ang.
1226 2715 1266 2749 B.
1286 2715 1398 2759 (Flor.
1411 2714 1546 2758 RTU.)

877 2761 954 2795 Ald.
980 2762 1058 2795 Bas.
1085 2761 1138 2795 ab.
1164 2761 1284 2805 Steph.
1308 2761 1382 2794 Ast.

923 2805 972 2841 τὰ
996 2805 1059 2852 δὲ]
1096 2804 1145 2840 τὰ
1169 2803 1202 2840 δ’
1225 2806 1312 2842 Lob.
1338 2806 1441 2841 Vind.
1466 2806 1539 2840 BE.

876 2853 971 2889 Mon.
997 2854 1038 2888 C.
1067 2853 1144 2888 vat.
1168 2852 1218 2888 M.
