1807 3219
481 130 704 172 CIVIT
726 133 817 175 AS
864 133 985 175 LIB.
1016 132 1090 175 Vl.
1120 137 1187 172 495
1440 135 1522 177 171

135 247 275 290 σῶσαι
313 243 454 299 λέγων
494 240 550 286 οὐ
583 246 730 295 κακῶς
762 245 885 298 ἐρεῖς.
947 243 1057 290 Οὐδ’
1091 244 1187 302 ἐμοὶ
1225 244 1386 300 ἄλλως,
1426 245 1526 302 ἔφη,

136 316 269 360 δοκεῖ.
314 310 414 356 ”En
452 312 608 356 τοίνυν
647 323 740 367 σοι,
780 308 835 370 ἦν
863 312 903 358 δ’
934 313 1043 371 ἐγώ,
1087 313 1200 370 πρὸς
1238 312 1414 366 τούτοις
1450 314 1527 358 καὶ

136 383 236 428 τόδε
266 381 444 436 δοξάτω.
511 381 570 425 Τὸ
597 386 752 433 ποῖον,
788 381 1003 434 Ἕκαστος
1031 386 1121 426 τῶν
1151 382 1527 439 μισθαρνούντων

137 455 349 505 ἰδιωτῶν,
392 450 473 503 οὓς
511 450 564 510 δὴ
609 446 734 495 οὗτοι
769 452 983 507 σοφιστὰς
1023 455 1211 496 καλοῦσι
1251 453 1325 495 καὶ
1366 450 1530 496 ἀντιτέ-

137 539 270 580 χνους
306 519 539 578 ἡγοῦνται,
585 520 645 578 μὴ
687 517 796 564 ἄλλα
834 521 1087 574 παιδεύειν,
1126 539 1152 578 η
1187 525 1326 565 ταῦτα
1355 521 1410 564 τὰ
1439 536 1530 564 των

137 593 314 636 πολλῶν
347 587 564 646 δόγματα,
605 589 633 633 ἃ
663 589 947 643 δοξάζουσιν,
979 589 1087 634 ὅταν
1117 589 1424 645 ἄθροισθῶσι,
1458 588 1532 634 καὶ

139 660 306 714 σοφίαν
334 657 502 716 ταύτην
532 663 703 711 καλεῖν,
756 656 854 703 οἷόν
888 675 970 714 περ
1012 676 1069 703 αν
1109 661 1146 703 εἰ
1175 658 1428 715 θρέμματος
1457 674 1532 715 με-

139 725 280 784 γάλου
316 727 390 771 καὶ
429 729 615 784 ἰσχυροῦ
643 727 919 784 τρεφομένου
949 727 1026 780 τὰς
1066 726 1202 784 ὄργας
1232 744 1298 780 τις
1330 729 1403 772 καὶ
1442 727 1534 772 ἐπι-

139 798 306 853 θυμίας
335 794 692 852 κατεμάνθανεν,
733 795 818 854 ὅπη
857 813 901 841 τε
940 801 1204 852 προσελθεῖν
1229 795 1309 853 χρή
1340 795 1415 839 καὶ
1446 793 1534 852 ὅπη
1564 801 1602 845 Β

141 865 343 918 ἅψασθαι
381 863 544 918 αὐτοῦ,
593 866 668 910 καὶ
707 865 837 910 ὁπότε
878 864 1186 922 χαλεπώτατον
1222 863 1252 921 ἢ
1281 862 1536 919 πραότατου

142 935 218 979 καὶ
247 934 294 979 ἐκ
322 935 457 979 τίνων
486 936 702 992 γίγνεται,
748 936 823 980 καὶ
853 933 1006 993 φωνὰς
1046 931 1100 991 δὴ
1131 930 1207 990 ἐφ’
1240 929 1307 985 οἷς
1337 931 1536 977 ἑκάστοτε

114 2214 150 2256 Β

143 1059 226 1094 dent
270 1059 356 1094 haec
402 1070 424 1095 a
470 1060 576 1095 verbo
624 1058 782 1103 δοξατω.
787 1062 812 1080 “

144 1105 264 1150 Steph.
289 1117 322 1151 p.
347 1108 404 1141 22.
454 1107 526 1147 Qui
557 1107 587 1141 si
610 1108 725 1153 paullo
749 1108 813 1142 mi—

144 1164 206 1186 nus
230 1152 450 1194 festinasset,
486 1160 596 1199 neque
633 1155 814 1188 nominati-

143 1209 223 1234 vum
245 1210 312 1232 non
342 1199 543 1240 ferendum,
568 1211 688 1245 neque
720 1200 814 1235 Fici·

145 1256 223 1280 num
247 1256 314 1280 non
338 1245 404 1280 alio
438 1245 472 1279 in
497 1257 615 1279 er1··01e
639 1250 815 1281 versatum

145 1290 336 1326 statuisset.
369 1291 462 1325 Nam
485 1289 631 1333 δοξάτω
654 1303 712 1327 σοι
732 1290 814 1327 ἕκα-

147 1348 234 1391 στος
256 1334 453 1372 παιδεύειν
480 1338 605 1373 nullam
627 1340 814 1384 reprehen-

146 1384 277 1419 sionem
299 1383 421 1427 habet3
447 1385 487 1418 F
479 1397 588 1420 icmus
603 1389 716 1419 autem
733 1398 815 1431 pro-

148 1430 203 1465 cul
237 1430 341 1464 dubio
380 1431 432 1465 ita
465 1431 626 1486 legebat.
663 1429 816 1471 ἕκαστος

147 1488 225 1511 των
271 1475 585 1534 μισθαρνούντων
639 1477 815 1520 ἰδιωτων,

150 1519 220 1563 οὓς
251 1520 298 1578 δή
338 1522 521 1579 σοφιστὰς
556 1525 713 1559 καλοῦσι
753 1524 816 1558 καὶ

151 1566 408 1624 ἀντιτέχνους,
442 1567 625 1626 ἠγουνται
649 1570 698 1616 μὴ
723 1567 817 1605 ἄλλα

148 1613 357 1650 παιδεύειν
370 1620 436 1651 etc.
473 1621 508 1651 et
540 1614 724 1665 ἡγοῦνται
754 1630 817 1664 pro

151 1662 299 1697 οἴονται
320 1663 399 1697 δεῖν
423 1658 627 1708 accipiebat.

199 1703 290 1764 ους]
319 1705 390 1743 οὕσ
406 1721 446 1743 τε
473 1710 571 1744 Vind.
596 1711 638 1744 F.
663 1711 704 1744 Ιιι
724 1711 818 1744 Flor.

151 1750 289 1835 A.t'5'15
321 1767 426 1802 super
459 1751 528 1796 οὓς
564 1753 611 1801 δή
655 1758 820 1803 scriptum

153 1813 190 1836 cs

199 1846 344 1891 ταῦτα]
369 1859 434 1882 om.
468 1847 554 1884 Ven.
578 1849 620 1883 B.
653 1849 753 1884 vind.
777 1850 820 1884 Ε.

153 1894 233 1928 vat.
257 1893 302 1928 H.
327 1894 424 1928 Flor.
448 1894 553 1930 ACV.

201 1937 390 1985 δόγματα]
427 1953 492 1978 om.
529 1941 628 1977 vind.
661 1941 704 1976 F.
736 1942 824 1987 Ang.

154 1987 196 2021 B.
220 1986 318 2020 Flor.
342 1987 386 2022 R.

201 2027 310 2078 αν]
299 2045 364 2089 ‚⁰⁷⁷²
391 2034 469 2069 Vat.
495 2033 538 2068 B.

204 2078 259 2123 εἰ]
285 2079 307 2124 ἠ
334 2079 436 2114 Vind.
460 2079 500 2114 F.
527 2091 615 2114 am.
639 2092 692 2136 pr.

160 2171 190 2205 F
184 2122 488 2206 1κατεΊμανθανεν
500 2126 513 2171 ]
548 2125 826 2173 κατελάμβανεν

205 2182 243 2205 οι·

207 2213 284 2274 ὅπη
305 2218 369 2262 τε]
395 2213 485 2252 ὅποι
503 2231 543 2253 τε
566 2218 668 2255 Vind
687 2219 734 2255 Ε.

207 2260 354 2306 αὐτοῦ]
382 2275 445 2300 αυ.
472 2265 557 2300 Lob.

161 2355 193 2391 K
205 2307 480 2356 χαλεπώτατον]
493 2307 739 2356 χαλεπώτατα
747 2312 829 2347 Par.

207 2399 449 2447 πραότατου]
499 2400 696 2446 πραότατα
711 2422 713 2424 ·
727 2403 828 2438 idem.

162 2447 371 2494 πραότερον
404 2450 504 2487 vind.
541 2451 582 2484 B.
618 2453 674 2491 et,
709 2461 784 2494 sup.
809 2462 830 2484 τ

163 2507 366 2586 Ξῖἓῃθὲιρῖῼκ
390 2497 713 2589 Ᾰζῖ”·ρῗ”ἐὲςῖρᾳ“
746 2498 829 2531 ¹³³⁵·

520 2589 558 2623 B.
593 2592 780 2623 extremum
809 2601 832 2623 ν

369 2647 390 2669 a
413 2646 454 2668 m.
481 2647 508 2670 s.
534 2636 648 2669 habet.

213 2678 269 2725 ἐφ’
291 2678 348 2720 οἱς
367 2678 561 2736 εκαστοτε]
588 2682 644 2715 Ita
667 2680 768 2716 Vind.
787 2681 832 2715 Ε.

169 2722 216 2767 ἃς
236 2723 294 2771 ἐφ’
317 2724 485 2768 ἑκάστοις
510 2728 602 2762 Μοιι.
618 2728 656 2761 Β.
682 2728 775 2763 Flor.
787 2728 831 2761 U.

167 2774 502 2808 Schleiermacherus
522 2778 558 2808 et
578 2774 832 2809 Stallbaumius.

170 2816 227 2865 ἐφ’
263 2817 319 2860 οἷς
351 2817 503 2860 ἕκαστος
543 2819 665 2867 reliqui
699 2820 834 2855 codices

210 2588 348 2632 τίνων]
393 2589 486 2622 Μοιι.

165 2635 226 2670 int.
252 2646 343 2668 veis.

869 1059 1103 1105 editionesque
1135 1061 1276 1114 praeter
1299 1057 1387 1092 Asti·
1364 1070 1390 1091 ι
1415 1069 1538 1091 secun-

870 1107 965 1149 dam,
990 1106 1026 1139 in
1050 1117 1118 1150 qua
1143 1117 1189 1144 ας
1208 1101 1264 1148 ἐφ’
1295 1102 1351 1144 οἷς
1372 1101 1537 1138 εκάστοτ’

871 1165 914 1187 ex
938 1152 1134 1186 coniectura
1153 1152 1318 1196 scriptum
1335 1154 1429 1193 est.‚
1433 1152 1538 1192 ,Τοι-

871 1199 916 1233 sit
938 1210 992 1231 me
1017 1198 1072 1231 hic
1091 1197 1184 1231 locus
1201 1200 1271 1230 tum
1289 1200 1452 1243 propter
1458 1194 1540 1231 ἕκα-

872 1255 978 1287 στος,
1005 1249 1041 1278 et
1065 1241 1141 1286 οἷς,
1177 1244 1267 1289 quod
1292 1244 1335 1277 ad
1360 1245 1541 1278 verborum

872 1289 1106 1325 ακολουθίαν
1141 1301 1201 1323 seu
1245 1301 1283 1323 οι
1286 1291 1331 1324 at
1334 1291 1409 1324 onis
1448 1292 1541 1324 stru-

872 1342 1017 1374 cturam.
1041 1339 1111 1370 tum
1136 1340 1278 1381 propter
1292 1334 1541 1381 φθέγγεσθαι,

872 1383 962 1429 quod
986 1383 1030 1417 ad
1061 1394 1197 1416 sensum
1222 1383 1368 1416 attinet.
1405 1383 1543 1417 tandem

871 1441 954 1464 vero
979 1429 1173 1485 suspicatus
1198 1440 1270 1463 sum
1296 1426 1450 1469 ἕκαστος
1466 1429 1545 1478 qui-

873 1476 949 1510 dem
979 1475 1014 1508 in
1048 1473 1225 1518 ἕκαστον,
1252 1479 1287 1509 et
1312 1479 1369 1515 οἷς
1401 1476 1435 1510 in
1469 1479 1543 1519 αἱς,

874 1526 910 1556 at
935 1518 1171 1566 φθέγγεσθαι
1194 1522 1229 1555 in
1247 1520 1356 1565 θέλγε
1361 1523 1452 1556 σθαι
1471 1534 1546 1556 mu-

875 1569 944 1603 tari
970 1569 1106 1602 debere.
1141 1570 1179 1601 ut
1211 1569 1255 1602 sit
1279 1569 1332 1602 hic
1356 1569 1421 1602 loci
1446 1568 1546 1603 huius

876 1626 1016 1656 sensus,
1051 1615 1100 1648 Et
1122 1626 1226 1648 voces
1256 1626 1342 1659 quas
1366 1626 1469 1660 quum
1495 1615 1548 1649 ef-

877 1663 946 1695 fert
970 1660 1231 1706 unumquodque
1256 1661 1390 1695 illorum
1416 1661 1543 1696 anima-

877 1708 959 1741 lium
1008 1707 1189 1752 (quamvis
1239 1707 1406 1752 singulari
1447 1712 1550 1742 antea

877 1765 959 1787 usus
984 1754 1117 1797 fuerit)
1153 1753 1240 1787 solet
1263 1753 1458 1789 demulceri.
1508 1754 1550 1788 Id

880 1804 953 1841 e‚st
987 1811 1072 1845 quas
1097 1810 1199 1844 quum
1236 1800 1361 1842 effert,
1397 1801 1550 1836 indicant

877 1846 990 1891 ipsum
1022 1845 1215 1879 demulceri.
1275 1846 1334 1880 Sic
1366 1849 1481 1882 tamen
1515 1852 1550 1882 et

880 1894 958 1926 Fi‹.
994 1893 1099 1926 vertit
1129 1892 1230 1935 quasi
1260 1894 1453 1950 legeretur,
1484 1892 1550 1928 καὶ

882 1937 1014 1983 φωνὰς
1040 1937 1086 1982 δὴ
1120 1935 1166 1979 ἃς
1197 1936 1350 1978 ἕκαστος
1377 1936 1435 1984 ἐφ’
1465 1937 1549 1975 5qu-

882 1996 982 2025 στοις
1010 1984 1123 2020 εἴωθε
1142 1984 1278 2029 ‹30155'712
1268 1987 1386 2020 σθαι.
1411 1998 1489 2021 nam
1514 1984 1551 2021 5‘-

881 2042 1017 2071 καστος
1061 2032 1163 2065 etiam
1198 2033 1342 2066 retinet:
1391 2033 1548 2078 quamvis

883 2090 947 2112 non
972 2079 1155 2112 habeamus
1177 2079 1233 2122 (ut
1253 2079 1392 2124 opinor)
1412 2092 1479 2125 quo
1492 2091 1550 2113 re-

883 2127 976 2158 ferie
1009 2124 1189 2169 possimus.
1240 2126 1364 2158 Verum
1396 2126 1447 2160 ita
1480 2126 1550 2168 ille,

884 2173 996 2207 Voces
1020 2171 1101 2204 item
1125 2182 1210 2216 quas
1234 2171 1269 2204 in
1293 2172 1435 2216 singulis
1454 2172 1551 2218 quis-

885 2229 952 2262 que
977 2218 1063 2251 solet
1087 2217 1289 2262 exprimeime
1314 2230 1417 2263 quum
1436 2222 1552 2253 tamen

884 2264 969 2298 haec
991 2264 1264 2309 praecesseiint,
1291 2265 1403 2299 Veluti
1424 2266 1455 2300 si
1474 2264 1553 2319 quis

886 2311 976 2344 vasti
1024 2309 1198 2343 cuiusdam
1246 2311 1402 2345 animalis
1447 2310 1553 2353 bruti,

884 2356 1017 2391 robusti
1041 2356 1239 2398 admodum,
1275 2360 1310 2390 et
1344 2357 1387 2390 ab
1420 2357 1554 2391 homine

887 2403 1052 2444 enutriti,
1086 2403 1156 2436 iras
1189 2407 1224 2435 et
1251 2402 1458 2447 cupiditates
1483 2403 1555 2438 sin-

887 2451 985 2494 gulas
1011 2449 1260 2491 observaverit,
1285 2451 1396 2493 quave
1420 2450 1556 2485 ratione

887 2497 985 2529 adire
1007 2496 1070 2529 hoe
1095 2495 1233 2536 deceat,
1258 2507 1326 2540 qua
1350 2498 1556 2532 attrectare:

887 2542 969 2575 item
994 2542 1128 2586 quando
1155 2541 1207 2575 vel
1231 2541 1380 2575 ferocius
1407 2546 1478 2585 est,
1502 2543 1556 2577 vel

888 2589 1027 2622 mitius:
1054 2591 1088 2621 et
1112 2600 1153 2620 ex
1179 2588 1301 2632 quibus
1331 2590 1462 2624 caussis
1486 2590 1556 2623 tale

889 2635 962 2668 fiat.
1013 2634 1145 2674 Quodsi
1180 2636 1315 2667 extaret
1338 2634 1372 2668 in
1393 2636 1556 2693 quopiam

890 2681 1078 2737 exemplari
1102 2680 1188 2713 haec
1212 2680 1325 2722 lectio,
1341 2681 1405 2716 καὶ
1425 2694 1556 2726 φωνας

890 2722 937 2766 ἃς
965 2724 1022 2782 ἐφ’
1056 2724 1224 2765 εκαστοις
1251 2723 1406 2762 ἕκαστον
1443 2728 1557 2763 εἰωθε

892 2771 1146 2817 φθέγγεσθαι,
1180 2773 1314 2807 minime
1337 2775 1556 2809 reficiendam

893 2822 1103 2855 oenserem.“
1126 2820 1248 2864 Steph.
1274 2831 1350 2855 ann.
1376 2832 1410 2867 p.
1433 2823 1486 2857 22,
1503 2833 1553 2867 sq.
