1807 3219
256 141 340 180 332
710 137 1182 180 PLATONIS

255 246 339 303 γὰρ
369 246 683 304 βεβαιοτάτους
723 250 797 292 καὶ
837 248 942 301 τούς
984 246 1320 303 ἀνδρειοτάτους
1351 252 1635 306 προαιρετέον

256 316 331 358 καὶ
362 314 472 359 κατα
505 314 697 397 δύναμιν
727 316 833 368 τούς
864 316 1208 369 εὐειδεστάτους”
1242 318 1352 371 πρός
1387 318 1432 361 δὲ
1463 319 1637 372 τούτοις

256 382 456 438 ζητητέον
486 383 544 440 μή
574 384 718 438 μόνον
747 387 980 441 γενναίους
1009 402 1052 428 τε
1082 387 1157 430 καὶ
1189 385 1437 442 βλοσυρους
1459 385 1511 429 τὰ
1531 385 1635 443 ἤθη,

254 449 364 494 ἄλλα
393 452 467 494 καὶ
497 451 525 494 ἃ
553 456 656 510 τῇδε
676 471 726 511 τη
746 455 921 510 παιδείᾳ
940 457 1016 509 τῆς
1038 453 1213 509 φύσεως
1233 453 1469 509 πρόσφορα
1488 455 1637 500 ἑκτέον

254 517 418 570 αὐτοῖς.
476 524 594 563 Ποῖα
638 521 692 578 δή
733 522 987 573 διαστέλλει,-
1048 522 1330 578 Δριμύτητα,
1372 524 1406 565 ὠ
1436 522 1636 578 μακᾶριε,

253 587 385 643 ε’φην,
433 590 501 631 δεῖ
538 587 690 640 αὐτοῖς
728 590 840 646 πρὸς
878 589 931 632 τὰ
962 592 1200 647 μαθήματα
1229 589 1442 646 υπάρχειν
1471 593 1544 635 καὶ
1576 591 1634 649 μὴ

249 658 446 710 χαλεπῶς
476 656 740 711 μανθάνειν·
787 658 901 701 πολὺ
940 657 1024 713 γάρ
1055 676 1123 702 τοι
1154 663 1322 714 μᾶλλον
1353 657 1635 703 ἀποδειλιῶσι

249 724 383 780 ψυχαὶ
416 724 462 768 ἐν
493 727 689 781 ἰσχυροῖς
718 725 996 783 μαθήμασιν,
1027 725 1054 783 ἢ
1083 727 1130 770 ἐν
1161 729 1442 783 γυμνασίοις·
1477 726 1634 771 οἰκειό-

248 807 373 846 τερος
410 792 494 848 γάρ
536 792 692 846 αὐταῖς
728 795 751 840 ὁ
787 795 946 848 πόνος,
990 798 1124 848 ἰ’διος,
1169 793 1261 838 ἀλλ’
1293 794 1347 838 οὐ
1388 795 1538 848 κοινὸς
1569 795 1634 840 ὢν

248 859 356 915 μετὰ
385 865 466 905 τοῦ
493 859 702 919 σώματος.

295 1009 358 1044 καὶ
378 1009 470 1051 τοὺς
497 1008 811 1059 ανδρειοτιὶτους]
846 1028 911 1050 om.

248 1056 334 1090 Lob.
360 1058 452 1090 Mm.
478 1059 518 1092 Β.
551 1060 731 1117 17358111.
757 1063 843 1096 Ven.
870 1063 910 1096 C.

245 1103 326 1137 Par.
353 1104 427 1136 DK.
454 1105 551 1139 Flor.
575 1106 621 1140 U.
645 1106 709 1140 καὶ
735 1120 798 1143 om.
824 1110 912 1152 Ang.

246 1148 286 1182 B.
312 1147 403 1189 τοὺς
427 1163 490 1183 om
519 1152 618 1186 vind.
644 1153 684 1187 F.
709 1153 803 1187 Flor
833 1155 876 1189 R.

292 1194 386 1229 κατὰ
413 1194 573 1240 δύναμιν
595 1196 685 1238 τοὺς
705 1196 911 1234 ευειδεστοὲ·

245 1243 364 1295 τους]
398 1241 653 1287 καταδύναμιν
676 1243 767 1285 τοὺς
793 1247 912 1280 αειδε-

244 1285 402 1327 στιὶτους
427 1289 526 1323 Vind.
556 1291 594 1324 F.

181 1329 218 1370 B
290 1333 507 1391 βλοσυροὺς]
526 1334 740 1381 βλωσυρους
755 1337 852 1371 Vind.
868 1339 909 1373 F.

242 1379 472 1424 βλοσσυρούς
497 1382 581 1416 Lob.
608 1383 707 1417 Vind.
725 1384 796 1417 ΒΕ.
825 1385 907 1418 Ven.

241 1426 281 1458 Β.
313 1427 393 1461 Par.
418 1428 462 1462 K.
501 1440 570 1462 sec.
600 1429 709 1463 Bekk.
755 1431 832 1464 V.at
858 1431 908 1466 Μ.

242 1476 277 1505 et
302 1485 322 1505 a
348 1485 392 1507 m.
416 1485 444 1508 s.
477 1474 570 1508 Mon.
595 1476 638 1510 B.
686 1475 908 1522 βλισσυροὺς

240 1517 327 1551 idem
356 1531 376 1552 a
400 1531 443 1554 m.
470 1532 521 1564 pr.

286 1560 392 1609 ἤθη]
420 1564 490 1610 ἔθη
516 1568 610 1602 Μοιι.
635 1568 676 1601 Β.

287 1611 397 1666 τηδε]
422 1612 484 1646 int.
510 1625 600 1648 vers,
625 1614 725 1648 Vind.
750 1614 790 1648 F.

285 1655 511 1712 πρόσφορα]
528 1670 737 1714 προσφορα
758 1660 858 1696 idem.

287 1701 426 1758 ἑκτέον]
454 1702 579 1739 ἑκτέον
605 1706 688 1739 Lob.
717 1706 813 1739 Vind.
829 1707 902 1740 BE.

241 1746 349 1783 ἑκτέα
385 1751 476 1786 Flor.
501 1752 544 1786 R.
593 1749 700 1786 ἑκτέα
733 1753 836 1787 Vind.
862 1754 904 1788 F.

240 1797 328 1839 Ang.
352 1798 393 1830 B.

285 1841 512 1887 διαστέλλει]
545 1844 598 1877 Ita
622 1844 701 1878 Par.
726 1845 765 1878 A.
802 1845 902 1879 Vind.

238 1889 278 1922 Β.
305 1889 398 1922 Mon.
426 1890 466 1923 C.
493 1891 570 1922 Vat.
594 1890 638 1922 H.
665 1891 744 1923 Par.
765 1891 809 1925 K.
835 1903 903 1925 sec.

238 1934 317 1979 Bip.
343 1935 434 1969 Flor.
459 1936 564 1971 ACV.
591 1935 797 1979 διαστέλληι
816 1937 901 1971 Lob.

191 2007 198 2012 .
239 1979 430 2024 διαστελλη
460 1983 556 2015 Vind.
580 1983 624 2017 Ε.
649 1983 741 2016 Mon.
757 1984 797 2018 B.
823 1985 902 2017 διοι-

238 2025 364 2072 στέλλῃ
391 2028 463 2061 Ald
490 2029 572 2062 Bas.
597 2030 651 2062 ab.
679 2029 799 2074 steph.
838 2043 902 2066 om.

239 2073 336 2107 Vind.
362 2074 405 2106 F.
439 2075 525 2118 Aug.
558 2075 601 2110 Β.
644 2075 719 2108 Fic.
758 2077 903 2120 (QuasC)

237 2131 285 2153 sc.
301 2120 437 2175 μ;.(1οῖε“5)

284 2165 312 2198 ω’
332 2164 510 2210 μακάριε]
538 2179 601 2200 om.
628 2167 702 2202 Fic.

285 2212 324 2245 δὲ
313 2214 363 2255 Z]
391 2212 469 2246 δεῖν
498 2214 591 2247 Vind.
618 2214 661 2247 E.

280 2256 510 2300 μανθανειν·
522 2261 534 2303 ]
559 2257 782 2304 μανθάνειν,
808 2261 901 2294 Bek-

236 2303 350 2337 kerus.

281 2352 360 2394 τοι]
394 2363 430 2384 τι
454 2351 551 2386 Vind.
576 2352 617 2387 B.
642 2353 727 2386 Ven.
752 2353 792 2386 B.
819 2355 897 2387 Vat.

234 2396 278 2431 H.
305 2398 395 2431 Ηοτ.
420 2397 557 2431 ACTV.

279 2438 327 2498 ἢ]
356 2455 420 2476 om
447 2444 524 2477 Bas.
552 2445 585 2477 b.

277 2486 433 2531 αὐταῖς]
481 2486 612 2528 αυτοῖς
642 2489 743 2524 Vind.
768 2490 811 2523 F.
857 2491 897 2524 In

231 2534 323 2568 Mon.
340 2535 379 2568 C.
408 2546 443 2568 οι
468 2548 570 2581 super
595 2539 638 2570 αῖ
657 2548 678 2570 a
702 2548 744 2570 m.
762 2548 788 2570 5.
812 2537 897 2570 scri-

231 2584 326 2626 ptum
343 2584 408 2615 est.

277 2627 370 2669 τοῦ]
418 2640 481 2663 om.
520 2628 616 2663 vind.
650 2630 689 2662 F.
735 2629 818 2673 Ang.
855 2630 895 2663 B.

232 2672 544 2761 νὶὶἑξαῖἷιμνήμονα
568 2718 638 2763 δὴ]
672 2721 726 2754 lta
748 2721 828 2754 Par.
853 2722 891 2753 Α.

231 2765 330 2799 Vind.
363 2765 470 2798 BEF.
517 2765 611 2799 Mon.
646 2767 686 2801 C.
734 2767 818 2810 Ang.
853 2767 892 2800 Β.

230 2811 309 2845 Vat.
335 2812 378 2846 H.
415 2814 451 2844 et
476 2811 632 2845 Ficinus:
670 2814 893 2855 Quaerendus

759 863 938 921 Ἀληθῆ,
970 864 1066 921 ἔφη.
1126 864 1215 907 Καὶ
1243 863 1447 921 μνήμονα
1477 864 1530 922 δὴ
1560 865 1634 909 καὶ

968 1016 1088 1060 itaque
1118 1015 1172 1048 vir
1199 1020 1249 1049 est
1285 1018 1351 1049 etc.
1398 1015 1534 1060 Reliqui
1557 1015 1633 1048 libri

970 1073 1045 1095 cum
1067 1061 1166 1094 editis
1191 1058 1229 1094 δε
1246 1072 1309 1106 pro
1330 1059 1375 1104 δὴ
1391 1062 1527 1096 habent.
1562 1062 1631 1095 Sed

969 1120 1056 1152 quae
1081 1108 1242 1140 Socrates
1267 1107 1299 1142 h.
1331 1109 1353 1140 l.
1386 1107 1543 1152 deinceps
1576 1119 1631 1141 re-

969 1153 1099 1198 quirit,
1146 1166 1189 1186 ea
1223 1165 1288 1186 non
1330 1158 1499 1198 tamquam
1533 1166 1632 1195 nova,

969 1199 1030 1233 sed
1054 1201 1096 1233 ob
1130 1199 1237 1244 ipsam
1262 1199 1514 1244 disciplinarum
1539 1200 1627 1233 diffi—

969 1246 1125 1279 cultatem
1144 1246 1242 1278 modo
1261 1251 1551 1279 commemoratam
1571 1258 1630 1278 ne-

969 1291 1119 1325 cessaria
1149 1291 1313 1347 requirit,
1346 1295 1398 1325 cui
1434 1291 1629 1326 necessitati

967 1338 1209 1381 significandae
1234 1336 1278 1380 δὴ
1305 1338 1456 1371 inselvit

1013 1383 1100 1438 καὶ]
1128 1396 1192 1417 om.
1218 1384 1303 1416 Lob.
1330 1386 1414 1427 Aug.
1441 1385 1479 1418 Β.

1014 1425 1205 1473 ἄρ’ρατον]
1253 1430 1306 1462 Ita
1338 1430 1417 1465 Par.
1448 1432 1490 1465 A.
1526 1431 1624 1464 Vind.

964 1476 1040 1510 BF.
1072 1476 1166 1510 Mon.
1195 1479 1233 1508 C.
1267 1477 1351 1510 Ven
1387 1477 1427 1509 C.
1467 1477 1548 1510 Vat.
1581 1478 1626 1510 H.

964 1522 1059 1555 Flor.
1085 1522 1189 1555 ACR.
1236 1517 1310 1565 ἄρα
1333 1520 1400 1556 τὸν
1424 1523 1509 1556 Lob.
1546 1523 1627 1556 Vat.

964 1568 1013 1601 Μ.
1049 1563 1214 1611 ἄκρατον
1244 1568 1329 1601 Ven.
1363 1570 1403 1603 Β.
1438 1570 1517 1603 Vat.
1542 1569 1581 1603 B.
1607 1581 1628 1602 a

963 1626 1007 1647 m.
1034 1626 1061 1647 5
1089 1615 1202 1669 (Flet.
1214 1614 1344 1657 TUV.)
1370 1615 1445 1648 Ald.
1469 1615 1548 1650 Bas.
1571 1616 1626 1649 ab.

964 1660 1085 1704 Steph.
1112 1656 1275 1715 α’ρρητον
1303 1660 1382 1694 Par.
1394 1661 1470 1696 DK.
1496 1657 1627 1719 α’ρτιον

962 1706 1056 1740 Μοιι.
1083 1707 1120 1739 Β.
1147 1703 1222 1750 ἄρα
1249 1705 1400 1749 ἰσχυρὸν
1417 1706 1466 1750 μὴ
1490 1705 1626 1751 ῥέοντα

961 1754 1048 1797 Ang.
1087 1753 1128 1785 B.
1176 1764 1264 1798 quae
1308 1752 1408 1786 lectio
1441 1766 1458 1786 e
1493 1755 1624 1787 duobus

960 1799 1174 1842 glossematis
1208 1798 1357 1832 conflata
1389 1800 1536 1833 videtur.
1583 1800 1624 1833 In

960 1845 1094 1878 scholiis
1130 1845 1218 1877 enim
1251 1848 1293 1878 ad
1326 1845 1359 1879 h.
1398 1842 1624 1903 1.ὄὲρ’ρατον

960 1902 1022 1935 per
1048 1889 1221 1934 ισχυρὸν,
1255 1888 1426 1935 στερεὸν,
1450 1889 1473 1936 ἢ
1501 1892 1621 1926 δυσκι-

959 1948 1092 1980 νητον,
1128 1941 1163 1970 et
1196 1937 1238 1970 ad
1271 1938 1366 1970 Crat.
1398 1950 1432 1982 p.
1466 1940 1544 1973 407.
1578 1940 1619 1972 D.

960 1983 1017 2016 ubi
1042 1984 1185 2016 alterum
1209 1983 1281 2017 eius
1302 1985 1519 2028 exemplum'
1509 1997 1543 2017 m
1561 1997 1619 2018 no-

959 2025 1189 2072 11111115”Αρης
1223 2030 1388 2084 et3m0100
1371 2031 1426 2073 gia
1457 2028 1552 2063 κατὰ
1575 2029 1619 2066 τὸ
1658 2043 1663 2045 Α

960 2073 1117 2131 σκληρόν
1150 2086 1188 2108 τε
1230 2075 1292 2109 καὶ
1324 2072 1619 2120 ἀμετάστροφον,

962 2117 982 2155 ὃ
1006 2120 1051 2165 δὴ
1076 2118 1242 2176 ἄρρατον
1264 2124 1441 2178 καλειται,
1466 2123 1514 2156 sic
1539 2123 1620 2157 dicti

957 2173 1093 2209 exstat,
1117 2180 1178 2212 ρει
1203 2164 1397 2211 ασφαλες
1383 2165 1405 2212 η’
1427 2166 1619 2212 ἀκάματον

957 2213 1010 2247 vel
1045 2215 1227 2247 secundum
1258 2215 1341 2247 alios
1376 2213 1525 2258 ἰσχυρὸν
1559 2228 1618 2249 ex—

957 2259 1114 2304 plicatur,
1139 2260 1324 2318 eqdemque
1344 2262 1440 2294 modo
1455 2262 1618 2296 Timaeus

956 2306 1022 2340 lex.
1044 2318 1078 2350 p.
1090 2308 1145 2340 50.
1167 2302 1332 2350 ἅρρατον
1355 2305 1517 2351 ἰσχυρὸν,
1540 2318 1616 2342 στε-

957 2350 1044 2395 ρεὸν
1069 2352 1315 2397 interpletatus
1340 2360 1412 2392 est;
1456 2354 1616 2397 miginem

957 2398 1097 2431 nominis
1121 2410 1202 2431 vero
1226 2402 1324 2431 erant
1348 2399 1405 2443 qui
1427 2382 1528 2433 satist,
1536 2412 1616 2444 pro—

955 2445 1117 2477 babiliter
1149 2456 1169 2477 a
1194 2442 1288 2488 ραίω
1320 2450 1542 2489 repeterent,
1578 2453 1616 2480 ut

955 2491 1149 2524 Methodius
1176 2494 1209 2523 et
1230 2491 1440 2533 Phrynichus
1460 2504 1480 2525 a
1498 2493 1613 2525 Ruhn-

953 2537 1053 2569 kenio
1077 2536 1215 2570 laudati.
1256 2537 1310 2569 Cf.
1331 2538 1478 2571 Bekkeri
1496 2539 1612 2572 anecd.

953 2594 986 2627 p.
1012 2584 1075 2622 24,
1099 2583 1131 2617 5.
1164 2583 1251 2624 442,
1276 2585 1329 2617 20.
1357 2584 1442 2624 446,
1470 2585 1523 2618 15.
1547 2597 1613 2629 quo

953 2628 1025 2662 loco
1045 2628 1196 2662 Platonis
1213 2629 1400 2663 auctoritas
1427 2630 1469 2663 ad
1481 2631 1612 2663 Timaei

951 2675 1101 2718 glossam
1132 2674 1246 2708 addita
1277 2680 1340 2709 est.
1389 2676 1489 2716 Quod
1511 2688 1612 2720 prae

951 2724 1048 2754 terea
1070 2720 1104 2753 in
1127 2720 1252 2754 scholio
1288 2721 1329 2754 ad
1356 2721 1452 2755 Crat.
1477 2722 1612 2765 legitur,

952 2764 1044 2800 ἔνιοι
1079 2763 1227 2810 μικρὸν,
1261 2766 1297 2800 οι
1329 2764 1368 2800 δὲ
1400 2767 1512 2811 μέγα,
1548 2769 1610 2801 nisi

950 2813 1071 2853 fallor,
1097 2813 1138 2847 ad
1164 2813 1366 2858 penultimae
1387 2814 1610 2859 quantitatem
