1807 3219
265 149 350 189 354

522 145 801 187 PLATONIS
834 144 1061 187 CIVITAS
1093 143 1194 184 LlB.
1218 143 1311 185 VII.
1343 147 1406 184 541

265 255 372 313 ἤδη,
405 255 530 299 εἷπον
557 255 664 312 ἐγώ,
696 256 869 312 ἔχουσιν
899 253 1004 312 ἡμῖν
1033 253 1077 299 οἱ
1105 253 1227 310 λόγοι
1255 257 1354 309 περί
1390 271 1433 299 τε
1463 262 1538 312 τῆς
1565 257 1643 302 πό-

267 329 375 375 λεως
403 323 564 380 ταύτης
597 326 670 368 καὶ
699 328 780 368 τοῦ
810 323 968 379 ὁμοίου
997 321 1135 380 mom
1164 321 1350 376 ἀνδρόςς
1395 326 1523 380 δῆλος
1557 324 1644 381 γάρ

267 407 357 436 που
385 392 461 436 καὶ
495 388 644 444 οὗτος,
678 390 776 436 οἷον
806 390 1006 448 φήσομεν
1035 392 1129 434 δεῖν
1157 388 1294 434 αὐτὸν
1323 389 1450 436 εἶναι.
1488 398 1650 451 Δῆλος,

268 460 372 517 ἔφη·
401 460 476 504 καὶ
503 459 608 514 ὅπερ
645 459 831 519 ἐρωτᾷς,
862 460 985 503 δοκεῖ
1011 474 1086 514 μοι
1114 457 1236 510 τέλος
1266 458 1390 515 ἔχειν.

313 603 400 653 ἤδη]
428 614 507 654 post
531 605 636 643 εἶπον
661 607 759 642 Vind.
772 608 812 642 B.
836 607 929 642 Mon

317 699 354 735 οἱ
379 697 507 745 λόγοι]
536 696 653 744 ὀλίγοι
676 700 753 734 Vat.
781 699 821 734 B.
846 700 931 734 Ven.

316 788 479 835 ἀνδρόςς
488 792 502 836 ]
529 791 669 836 Signum
694 792 932 837 interrogatio-

270 836 321 872 nis
343 818 522 872 Β6111161115
546 838 639 873 fecit.

316 884 454 928 δῆλος]
481 884 595 927 δῆλον
619 884 712 919 Mon.
725 884 764 918 Β.
790 885 869 918 Vat.
884 885 928 918 H.

270 930 338 964 Hic
370 930 462 964 locus
499 930 542 963 ad
572 930 731 964 tuendam
755 930 933 963 lectionem

273 976 311 1008 1..
336 976 378 1009 V.
437 976 549 1011 ..465
575 976 615 1010 C.
641 979 727 1010 extr.
761 979 933 1038 receptam

271 1021 424 1056 adhiberi
449 1025 573 1066 potest.

302 1065 497 1121 ἐρωτᾷ9,]
521 1068 561 1101 In
585 1080 653 1103 sec.
679 1067 731 1101 ed.
757 1067 933 1101 Stallbau-

269 1113 354 1147 mins
387 1125 517 1147 conuna
548 1115 660 1148 multis
691 1113 774 1147 locis
813 1113 846 1146 in
879 1125 932 1158 pr·

270 1171 346 1194 cum
377 1160 534 1193 Bekkero
565 1172 631 1194 11011
664 1159 833 1194 distinctis
876 1171 932 1193 re-

269 1206 424 1239 stitutum
448 1206 526 1240 huic
556 1206 656 1248 loco,
690 1217 790 1250 quem
819 1205 855 1238 111
878 1217 931 1250 pr.

270 1252 452 1285 secundum
487 1252 628 1286 eundern
669 1252 862 1285 Bekkerum
897 1257 934 1285 et

270 1297 421 1342 reliquos
465 1298 613 1332 editores
656 1298 799 1332 incisum
837 1297 934 1330 exhi-

271 1344 416 1385 buemt,
441 1344 550 1377 tacite
571 1346 632 1378 sul
635 1344 762 1385 traxit
786 1343 934 1377 fort-asse

271 1401 337 1433 quo
361 1389 467 1443 matgis
491 1390 671 1424 dissentiie
695 1391 738 1423 31)
763 1389 850 1423 Astii
875 1401 933 1423 ra-

270 1436 364 1469 tione
387 1435 582 1477 videretur,
606 1437 664 1482 qui
687 1436 723 1469 in
745 1439 826 1469 tert.
852 1447 913 1468 vei·
915 1455 932 1459 -

270 1481 323 1514 bis
347 1476 438 1525 ὅπερ
461 1479 601 1535 ε’ρωτᾷς
624 1481 720 1527 quasi
751 1481 786 1514 111
809 1492 933 1526 paren-

270 1526 356 1561 thesi
404 1529 522 1572 positis
569 1529 729 1573 utrinque
767 1531 934 1560 commata

271 1573 510 1616 circumdedit,
553 1574 618 1608 hac
650 1573 933 1617 interpretatione

271 1619 407 1653 addita·
440 1624 492 1662 et,
525 1621 615 1665 quod
632 1631 763 1664 rogas,
795 1619 934 1652 videtur

270 1666 356 1700 mihi
377 1677 432 1700 res
456 1667 504 1699 ad
524 1667 650 1700 exitum
670 1677 740 1699 esse
766 1665 933 1698 adducta.

272 1711 373 1751 Quae
396 1712 485 1745 ratio
503 1711 655 1757 quamvis
673 1711 715 1744 ad
737 1721 833 1743 usum
853 1721 933 1763 par-

272 1756 398 1791 ticulae
420 1769 488 1801 περ
520 1769 597 1791 011111
622 1757 763 1791 relativo
797 1756 936 1789 coniun-

273 1809 371 1844 ctae,
416 1803 525 1848 qualis
555 1803 656 1847 vulgo
688 1802 843 1844 obtinet,
879 1814 937 1835 ae-

273 1849 479 1883 commodata
511 1854 624 1882 tamen
657 1849 721 1882 hoc
768 1848 842 1882 loco
876 1847 935 1881 im-

272 1895 448 1939 probanda
481 1900 554 1936 est,
606 1895 686 1940 quia
725 1905 794 1928 11011
829 1893 937 1928 50111111

273 1941 315 1974 de
338 1941 411 1974 viro
431 1940 564 1975 civitati
578 1941 724 1986 optimae
742 1940 852 1978 simili,
875 1940 935 1974 sed

274 1986 375 2020 etiam
399 1986 441 2020 de
459 1986 534 2031 ipsa
551 1986 693 2021 civitate
709 1991 812 2030 atque
831 1986 874 2019 de
895 1997 937 2020 63

273 2032 482 2077 potissimum
516 2033 600 2066 satis
633 2032 698 2066 sibi
727 2031 854 2066 dictum
883 2032 936 2066 vi-

274 2079 347 2111 deri
383 2079 515 2112 Glauco
554 2078 736 2112 ostendere
781 2078 938 2118 debebat,

274 2124 427 2158 adhibita
457 2137 538 2159 vero
573 2125 705 2158 ratione
738 2124 796 2158 illa
839 2124 936 2163 verbi

275 2171 378 2205 δοκεῖ
400 2182 466 2204 11011
492 2183 555 2223 res,
579 2171 667 2216 quod
694 2170 807 2204 Astius
830 2169 937 2214 punit,

988 607 1048 641 sed
1082 604 1178 651 ἀνὴρ
1210 607 1400 642 subiectum
1433 609 1650 643 statuendum

989 659 1091 687 esset.
1116 654 1238 698 Itaque
1261 653 1366 688 dictio
1393 650 1486 711 ὅπερ
1513 654 1655 712 ἐρωτᾷς

988 699 1071 733 1111111
1093 698 1203 742 alind,
1227 699 1291 733 11151
1314 698 1357 734 τὸ
1381 697 1457 735 υπὸ
1482 702 1553 735 σοῦ
1567 699 1653 745 ἐρω-

989 743 1154 788 πιόμενον
1186 758 1246 779 seu
1280 748 1418 790 τοῦτο,
1452 741 1473 781 ὃ
1500 744 1653 794 ἐρωτᾷς,

989 791 1158 837 particula
1193 803 1261 835 περ
1292 797 1406 825 autem
1437 798 1476 826 ut
1510 783 1655 827 Latino-

990 847 1063 871 rum
1103 849 1223 881 ncmpe
1256 837 1488 891 responsionis
1528 851 1652 873 conve-

990 881 1137 917 nientiam
1140 895 1150 915 1
1170 895 1244 916 clun
1266 883 1530 928 interrogatione
1547 885 1652 929 signi—

989 929 1095 962 ficare
1113 929 1268 970 videtur,
1293 941 1392 983 quam
1416 930 1473 975 qui
1497 931 1652 976 pluribus

989 974 1165 1008 declarare
1197 975 1302 1018 velit,
1341 975 1392 1009 ita
1435 977 1508 1010 fere
1540 977 1651 1011 dicat:

989 1022 1048 1061 iel,
1080 1023 1171 1065 quod
1197 1022 1334 1065 quaeris
1353 1046 1364 1062 ‚
1396 1024 1556 1066 quoniam
1582 1035 1652 1068 par

990 1072 1063 1108 est,
1096 1072 1135 1105 ut
1161 1068 1396 1113 interroganti
1414 1070 1651 1113 τεεροηᾶεαηι,

990 1113 1038 1147 ad
1074 1114 1184 1155 finem
1227 1125 1288 1157 pem
1291 1116 1430 1148 ductum
1481 1116 1650 1150 existimo.

989 1158 1048 1191 Sic
1070 1158 1219 1192 Pha-adr.
1258 1170 1292 1215 p.
1315 1161 1393 1194 9228.
1420 1160 1469 1194 C:
1497 1158 1541 1194 σὺ
1561 1160 1649 1216 ου’ν,

989 1198 1022 1237 ω’
1027 1204 1196 1258 Φαῖδρε,
1222 1203 1341 1240 αὐτοῦ
1360 1204 1531 1260 δεήθητι,
1557 1203 1650 1263 ὅπερ

988 1247 1084 1293 τάχα
1106 1249 1257 1291 πάντως
1279 1249 1446 1296 ποιήσει,
1473 1253 1542 1287 νῦν
1570 1250 1647 1297 ἤδη

988 1299 1123 1331 ποιεῖν.
1150 1304 1185 1331 et
1209 1298 1336 1339 addito,
1360 1300 1450 1342 quod
1474 1299 1528 1332 hic
1551 1299 1652 1333 omis-

989 1354 1063 1376 sum
1088 1346 1161 1384 est,
1187 1343 1454 1400 demonstrativo
1478 1345 1651 1378 Phaedon.

988 1400 1022 1434 p.
1048 1390 1104 1424 60.
1129 1389 1182 1422 E:
1205 1388 1268 1423 καὶ
1289 1387 1370 1446 ἐγὼ
1379 1387 1417 1424 Ξ’ν
1436 1402 1474 1434 γε
1495 1391 1549 1438 τῷ
1563 1388 1654 1435 πρό-

989 1435 1082 1469 σθεν
1104 1432 1225 1489 χρόνῳ
1245 1431 1335 1480 ὅπερ
1359 1425 1554 1492 ἔπραττον,
1569 1437 1655 1471 τοῦ·

989 1492 1032 1514 το
1052 1470 1317 1526 ὑπελάμβανον
1337 1479 1435 1517 miz-6
1452 1494 1516 1525 μοι
1534 1494 1655 1537 παρα-

989 1524 1209 1560 κελεύεσθαί
1247 1538 1286 1560 τε
1317 1527 1380 1561 καὶ
1419 1525 1655 1571 ἐπικελεύειν,

990 1568 1114 1615 ὥσπερ
1134 1584 1171 1606 οι
1193 1575 1272 1612 τοῖς
1289 1571 1423 1607 θέουσι
1446 1573 1654 1609 διακελευό-

989 1627 1114 1661 μενοι·
1149 1617 1214 1652 καὶ
1241 1616 1323 1661 ἐμοὶ
1361 1616 1461 1654 ου’τω
1493 1619 1537 1655 τὸ
1574 1618 1655 1655 ενύ-

989 1675 1100 1697 πνιον
1122 1659 1213 1708 ὅπερ
1240 1662 1434 1710 ἔπραττον,
1448 1666 1562 1701 τοῦτο
1581 1664 1656 1701 ἐπι-

993 1707 1163 1744 κελεύειν.
1212 1710 1284 1745 Ion.
1319 1723 1353 1756 p.
1386 1712 1466 1747 534.
1499 1714 1548 1746 A:
1593 1712 1657 1747 καὶ

992 1756 1070 1790 τῶν
1104 1757 1313 1798 μελοποιῶν
1346 1755 1370 1802 ἡ
1399 1757 1501 1813 ψυχὴ
1541 1759 1657 1794 τοῦτο

994 1799 1205 1846 ἐργάζεται,
1240 1799 1332 1848 ὅπερ
1359 1801 1469 1838 αὐτοὶ
1498 1802 1655 1849 λέγουσι.

994 1849 1065 1882 Sed
1089 1849 1168 1882 huic
1190 1850 1408 1894 explicationi
1432 1862 1561 1885 comma
1576 1855 1657 1896 post

996 1891 1159 1948 ἐρωτᾷς,
1191 1896 1290 1929 modo
1325 1908 1368 1930 ne
1401 1896 1544 1931 alterum
1575 1902 1655 1932 ante

995 1936 1087 1985 ὅπερ
1110 1944 1279 1984 ponatur,
1302 1942 1436 1977 minime
1459 1944 1586 1978 obstat.

1090 2030 1226 2067 Τέλοσε
1249 2048 1297 2063 -e
1322 2033 1410 2068 Lob.
1434 2034 1601 2068 πολιτεία
1624 2032 1654 2076 ζ’

1084 2078 1184 2112 Vind.
1219 2079 1258 2112 F.
1312 2079 1425 2120 Τέλος
1453 2080 1522 2114 τοῦ
1551 2082 1654 2114 πολι·
1684 2108 1688 2110 .

1085 2125 1207 2168 τειῶν,
1232 2121 1256 2169 ἢ
1275 2125 1359 2169 περὶ
1379 2126 1527 2161 δικαίου
1548 2123 1655 2171 ἐβδό-

1087 2182 1170 2213 μου.
1197 2171 1272 2207 Ald.
1297 2173 1376 2207 Bas.
1402 2174 1457 2207 ab.
