1807 3219
445 211 785 255 CIVITAS
825 212 949 255 LIB.
979 213 1034 256 V.
1065 213 1134 265 453
1445 217 1499 257 21

110 322 294 369 Οὐκοῦν
321 324 401 369 καὶ
435 323 541 381 ἡμῖν
585 325 796 368 νευστέον
838 325 914 368 καὶ
944 326 1176 380 πειρατέον
1206 324 1421 379 σώζεσθαι
1451 324 1498 370 ἐκ

104 397 187 438 τοῦ
215 393 380 449 λόγου,
418 392 518 450 ἤτοι
559 391 745 448 δελφῖνά
782 391 860 436 τιν’
902 393 1151 447 ἐλπίζοντας
1180 392 1297 451 ἡμᾶς
1323 391 1494 436 ὑπολα-

105 465 203 519 βεῖν
231 462 312 515 ἄν,
340 460 370 519 ἥ
399 477 498 506 τινα
527 459 664 517 ἄλλην
693 459 865 516 ἄπορον
895 463 1128 518 σωτηρίαν.
1175 462 1362 515 ’Έοικεν,
1393 461 1489 518 ἔφη.
1519 470 1554 511 Ε

107 531 222 585 Φέρε
254 528 332 586 δὴ,
361 524 418 585 ἦν
447 527 494 574 δ’
526 529 634 586 ἐγώ,
663 528 743 572 ἐάν
771 544 832 585 πη
862 528 1061 585 εὕρωμεν
1087 529 1168 587 τὴν
1185 531 1349 583 ἔξοδον.
1381 529 1496 586 ὦμο-

102 601 320 655 λογοῦμεν
347 597 430 654 γὰρ
473 598 527 655 δὴ
570 595 706 654 ἄλλην
749 596 890 654 φύσιν
926 597 1031 642 ἄλλο
1077 600 1170 642 δεῖν
1209 597 1494 656 ἐπιτηδεύειν,

101 666 314 725 γυναικὸς
343 666 391 710 δὲ
419 667 493 710 καὶ
523 665 685 722 ἀνδρὸς
715 665 853 724 α’λλην
883 664 1017 710 εἶναι·
1049 682 1127 719 τας
1157 666 1204 711 δὲ
1234 665 1370 719 duas
1399 666 1492 723 φύ-

103 747 191 788 σεις
219 735 273 779 τοὶ
303 733 417 779 αὐτά
454 751 600 791 φαμεν
628 739 713 779 νῦν
743 737 835 780 δεῖν
865 736 1153 791 ἐπιτηδεῦσαι.
1201 739 1340 779 ταῦτα
1364 735 1492 791 ἡμῶν

99 808 406 862 κατηγορεῖτες
464 803 638 860 Κομιδῆ
674 820 734 860 γε.
785 797 846 847 Ἠ
880 805 1086 861 γενναία,
1132 798 1190 861 ἦν
1229 804 1275 848 δ’
1304 803 1412 861 ἐγώ,
1453 805 1488 848 ὠ

97 944 295 989 lianumH.
312 955 359 988 A.
383 954 430 988 Π.
455 956 488 992 6.
513 955 573 989 VI.
586 955 639 991 15.
664 955 763 990 VIII.

99 1002 134 1036 3.
160 1000 242 1034 XII.
260 1001 316 1035 45.
340 1001 461 1035 similia
483 1001 527 1035 de
550 1001 763 1057 delphinibus

98 1048 304 1080 referentem
329 1047 506 1103 aliquoties
525 1047 651 1092 legitur
669 1060 762 1082 υπο-

98 1090 290 1137 νήχεσθαι.
314 1090 532 1139 ἀπολαβεῖν.)
545 1095 633 1137 quod
644 1094 761 1128 Astius

97 1139 272 1193 ignorans,
298 1139 380 1184 quid
404 1140 436 1173 in
463 1140 635 1174 mdicibus
660 1146 763 1184 esset,

97 1185 268 1227 restituit,
295 1186 349 1219 cui
371 1185 655 1230 significationem
680 1199 763 1229 ,se-

97 1243 173 1265 cum
221 1231 399 1266 auferendi
433 1232 578 1276 ideoque
611 1233 762 1277 periculo

96 1277 264 1322 eripiendi
297 1278 361 1311 hoc
392 1277 465 1311 loco
501 1279 639 1323 egregie
673 1291 761 1324 qua-

94 1324 287 1357 drantem“
309 1324 345 1357 in
377 1336 494 1357 comm.
520 1325 662 1366 tribuit,
696 1337 760 1358 au-

88 1372 189 1414 ferre
221 1381 289 1403 non
320 1369 422 1404 aliter
444 1370 637 1415 significare
659 1371 759 1404 vide-

93 1421 171 1458 tur,
215 1416 281 1450 nisi
312 1420 352 1450 ut
383 1417 428 1450 ad
458 1421 566 1450 totum
590 1418 759 1462 quoddam

92 1462 298 1508 respiciatur
317 1488 328 1504 ‚
376 1462 471 1496 cuius
514 1475 556 1496 ex
598 1464 756 1509 partibus

92 1520 159 1543 una
183 1509 340 1554 pluresve
363 1511 573 1544 auferantur.

139 1551 201 1612 ἂν]
227 1567 292 1589 om.
317 1555 417 1588 Vind.
443 1556 486 1590 E.

140 1597 310 1646 απορον]
337 1613 501 1645 ευπορον
524 1603 604 1636 Par.
629 1602 672 1637 K.
712 1597 756 1636 ἅ-

91 1659 222 1691 πειρον
265 1647 366 1681 Vind.
401 1649 441 1682 Β.
485 1650 654 1682 occultam
680 1649 755 1682 Fic.

92 1694 209 1728 Astius
235 1693 268 1726 in
293 1704 410 1728 comm.
443 1695 640 1736 „incertam
665 1695 698 1728 h.
723 1707 754 1729 e.

91 1741 359 1785 inexspectatam
383 1741 526 1775 salutem
535 1744 558 1760 ‘⁶
577 1741 686 1782 dicit,
718 1742 755 1775 in

90 1787 196 1820 tertia
239 1787 292 1820 ed.
328 1799 450 1821 raram
493 1787 754 1842 interpretatur,

91 1844 234 1877 quorum
261 1832 343 1866 nihil
375 1833 556 1867 satisfacit.
608 1829 754 1876 ἄπορον

91 1878 276 1923 σωτηρίαν
323 1891 396 1912 eam
445 1880 630 1924 intelligo,
667 1892 755 1926 quae

89 1925 236 1959 humana
259 1925 325 1968 ope
349 1925 521 1959 conciliari
544 1926 682 1971 nequit,
715 1930 755 1959 ut

91 1967 238 2015 ἄπορον
268 1971 378 2015 θῦμα
410 1972 450 2006 L.
474 1972 519 2005 11.
551 1984 588 2027 p.
609 1973 687 2007 378.
713 1975 754 2005 A.

88 2018 170 2052 item
202 2017 338 2062 passive
371 2018 514 2060 dicitur3
556 2019 630 2052 eine
657 2031 754 2052 wun-

90 2065 234 2098 derbare
263 2064 441 2106 Remum,
475 2063 773 2109 quemadmodum,

89 2093 423 2144 Schleiermacheni's
433 2111 683 2155 interpretatus
689 2116 753 2146 est.

137 2155 352 2200 σωτηρίαν.]
375 2157 580 2200 σωτηρίαν,·
604 2158 753 2192 Ba's.ab.

88 2202 216 2243 Astius,
239 2202 415 2236 Bekkerus
440 2209 476 2236 et
499 2204 753 2237 Stallbaumius.

89 2248 130 2281 Id
153 2259 235 2281 vero
263 2249 425 2283 Socrates
450 2249 663 2294 interrogare
687 2260 754 2283 non

89 2297 271 2372 gotera&
295 2306 363 2374 aii—l
382 2298 442 2328 aut
479 2295 614 2373 deldphin
637 2323 646 2338 ,
669 2342 677 2350 .
695 2299 755 2349 aut

88 2351 313 2430 29¹ss¹rand¹3ss³
328 2352 521 2431 ζιξυέῗΐέ
544 2353 756 2422 3¹¹..ssssssss

90 2432 359 2466 contendendum
386 2437 487 2466 esset.

43 2485 78 2525 E
138 2476 230 2522 Φέρε
254 2476 325 2522 δὴ]
359 2491 398 2522 φ.
426 2476 465 2513 δὲ
492 2480 571 2516 Vat.
595 2479 644 2513 M.
688 2481 756 2513 cir·-

90 2527 264 2580 cumspice
291 2527 425 2559 obsecro
456 2526 530 2559 Fic.
586 2528 640 2560 An
672 2526 757 2571 legit

90 2568 181 2625 φέρε
207 2569 292 2604 lde?

87 2663 116 2697 P
136 2613 489 2698 (ὁμιέλοῗῦὺμεννγὰὲ
504 2616 567 2697 δὲῃ]
593 2618 662 2696 {Im
676 2630 754 2697 mg.

88 2673 177 2753 Ain}
208 2711 251 2744 Β.
295 2676 376 2746 gat.
408 2675 455 2744 131ss
500 2675 753 2753 dyoloyeoriypteii

89 2755 235 2796 habent,
261 2755 367 2801 (Lob.
394 2760 429 2790 et
452 2757 537 2790 Ven.
558 2757 599 2789 C.
625 2768 700 2790 cum
724 2768 752 2789 ω

88 2812 191 2845 super
217 2782 257 2845 d)
294 2802 405 2856 quod,
438 2802 521 2848 quia
545 2804 690 2836 alterum
713 2802 756 2836 de

88 2846 196 2881 virilis
211 2847 454 2901 muliebrisque
473 2854 617 2883 naturae
636 2848 756 2882 discri

89 2893 180 2928 mine
211 2893 247 2928 in
278 2895 513 2941 superioribus
546 2895 756 2930 sermonibus

821 965 1016 988 concessum
1050 953 1197 988 nondum
1231 953 1318 995 fuit,
1355 952 1489 988 admitti

819 1000 973 1046 potuisse
997 1001 1142 1034 videtur.
1190 1000 1323 1033 Tamen
1346 1004 1488 1045 propter

819 1047 889 1081 νῦν
914 1048 956 1080 ad
981 1043 1104 1090 φαμὲν
1129 1045 1298 1088 additum,
1336 1052 1371 1079 et
1395 1046 1486 1091 quod

819 1093 992 1127 accusatio
1018 1094 1061 1126 ad
1096 1072 1355 1146 repugnantiam
1380 1103 1486 1137 supra

819 1150 1053 1173 concessmum
1089 1150 1130 1172 ac
1161 1138 1241 1171 novi
1263 1138 1381 1183 placiti
1404 1149 1485 1182 per-

818 1185 928 1227 tinet,
971 1185 1150 1219 discrimen
1188 1190 1299 1217 autem
1333 1184 1484 1218 virorum

820 1237 856 1264 et
890 1231 1065 1265 mulierum
1113 1230 1204 1264 nullo
1235 1235 1388 1275 tempore
1415 1242 1482 1263 ιιοιι

819 1278 1067 1311 concedendum
1098 1276 1211 1310 videri
1242 1280 1374 1321 potest,
1418 1276 1482 1310 im—

816 1325 1007 1367 perfectum
1054 1323 1235 1357 tenendum
1281 1322 1409 1367 putavi.
1433 1341 1481 1348 -—-

818 1368 862 1413 δὴ
889 1370 924 1403 in
948 1370 1032 1404 Lob.
1066 1369 1166 1403 Vind.
1192 1369 1265 1402 BD.
1300 1369 1376 1402 vat.
1397 1369 1479 1403 ΒΜ.

815 1416 971 1450 omissum
996 1420 1058 1449 est.
1086 1435 1124 1441 —-
1163 1415 1304 1448 Fieinus
1329 1416 1481 1448 Attende

814 1463 944 1506 itaque.
993 1463 1218 1496 Convenimus
1244 1463 1403 1505 profecto
1427 1460 1481 1493 in-

813 1513 1022 1561 terpretatus
1054 1508 1168 1541 nescio
1209 1507 1292 1551 quid
1337 1506 1481 1552 amplius

811 1553 848 1587 in
872 1566 932 1587 suo
958 1555 1073 1589 codice
1094 1553 1233 1587 invenit.

860 1600 967 1645 δεῖν]
1001 1601 1060 1635 δεῖ
1080 1599 1350 1644 Ang.B.F10r.
1376 1599 1418 1632 R.
1444 1601 1480 1631 et

771 1655 773 1657 ’
814 1658 834 1679 a
867 1659 910 1680 m.
943 1659 995 1691 pr.
1029 1651 1069 1680 ut
1104 1646 1261 1687 videtur,
1303 1645 1404 1678 Vind.
1435 1644 1477 1678 F.

813 1693 919 1726 Certe
945 1693 1022 1727 δεῖν
1048 1698 1221 1726 correctus
1246 1691 1396 1725 exhibet.

856 1751 925 1778 τας
949 1736 987 1773 δε
975 1740 1024 1795 ce]
1039 1736 1077 1773 δε
1102 1738 1239 1772 Ficinus
1264 1738 1384 1771 omisit.

858 1786 979 1819 ταῦτα
1002 1782 1107 1829 ἡμῶν
1130 1786 1387 1827 κατηγορεῖτες
1401 1784 1413 1827 ]
1440 1785 1477 1816 in

811 1832 875 1865 hoc
896 1833 948 1866 illi
969 1845 1030 1886 nos
1049 1837 1224 1865 accusant.
1249 1830 1323 1863 Fic.
1372 1829 1477 1882 Legit

810 1878 916 1922 igitur
939 1891 970 1911 τ.
990 1874 1025 1922 ἦ.
1044 1879 1312 1921 κατηγορεῖται.
1333 1880 1371 1910 ut
1390 1874 1479 1909 scri-

812 1931 906 1969 ptum
930 1929 984 1958 est
1018 1925 1065 1957 in
1077 1924 1176 1957 Vind.
1201 1923 1242 1957 F.
1277 1923 1371 1956 Flor.
1396 1922 1475 1956 ΚΤ.

811 1971 925 2015 idque
936 1983 1002 2004 non
1026 1971 1163 2015 inepte,
1189 1981 1289 2014 quum
1315 1970 1476 2002 Socrates

811 2017 1027 2050 adversarios
1059 2017 1125 2050 iam
1157 2015 1341 2056 dimisisse,
1369 2014 1477 2049 Glau-

813 2063 904 2097 conis
928 2068 1040 2097 autem
1063 2074 1231 2108 personae
1263 2062 1370 2094 minus
1396 2072 1477 2094 con-

809 2110 928 2143 venire
959 2110 1118 2143 videatur
1149 2120 1211 2153 pro
1253 2108 1301 2140 eis
1332 2118 1477 2152 respon-

811 2156 914 2197 dere,
949 2156 1039 2200 quod
1084 2155 1267 2189 secundum
1302 2154 1477 2197 vulgatam

809 2202 990 2235 lectionem
1020 2202 1115 2235 facit.
1163 2201 1252 2234 Nam
1287 2199 1371 2233 illud
1403 2200 1477 2233 Ko-

810 2249 897 2293 μιδῇ
921 2260 959 2292 γε
982 2260 1051 2281 ιιοιι
1075 2259 1149 2281 cum
1167 2246 1479 2280 Schleiermachero

814 2295 950 2328 Socrati
975 2295 1110 2328 sibimet
1131 2292 1221 2338 ipsi,
1259 2292 1478 2345 quemadmo-

812 2341 889 2375 dum
923 2352 1051 2385 supra,
1086 2352 1149 2385 pro
1182 2339 1232 2372 eis
1256 2337 1478 2394 lespon'denti

811 2388 1027 2421 tribuendum
1052 2398 1127 2420 esse
1148 2387 1252 2419 verba
1276 2384 1324 2428 ἠν
1344 2381 1384 2417 δ’
1406 2380 1474 2427 ἐγώ

812 2434 957 2475 docent,
990 2432 1111 2478 quibus
1150 2444 1245 2465 suum
1289 2442 1475 2464 sermonem

812 2479 999 2524 distinguit.
1047 2479 1118 2513 Sed
1141 2478 1223 2511 nihil
1246 2478 1380 2518 obstat,
1407 2488 1475 2521 quo

811 2527 920 2560 minus
967 2527 1143 2559 Socratem
1183 2523 1326 2577 primum
1359 2502 1478 2557 e'adem

811 2573 890 2614 illa,
925 2584 1026 2617 quam
1061 2571 1174 2617 paullo
1200 2576 1279 2603 ante
1302 2569 1477 2613 ingressus

813 2624 889 2652 erat
920 2630 1087 2663 quamque
1132 2616 1266 2650 maximi
1312 2615 1476 2656 faciebat,

810 2665 935 2708 dialogi
958 2665 1013 2699 via
1033 2663 1250 2698 adversarios
1270 2662 1393 2695 docere
1412 2673 1475 2695 vo·-

810 2711 930 2751 luisse,
951 2722 1047 2754 mox,
1066 2721 1175 2763 quum
1190 2708 1402 2743 Glauconem
1418 2719 1474 2741 re-

810 2757 1018 2802 pugnantiae
1036 2756 1149 2801 specie
1165 2755 1342 2789 incitatum
1360 2765 1474 2797 prom-

811 2803 908 2857 ptius
927 2815 990 2847 pro
1016 2804 1064 2836 eis
1087 2801 1295 2847 respondere
1320 2800 1476 2841 vidisset,

811 2848 944 2883 interim
974 2849 1052 2883 illos
1086 2848 1251 2882 dimisisse
1286 2850 1322 2880 et
1345 2846 1474 2879 oratio—

813 2907 888 2930 nem
921 2895 962 2929 ad
996 2895 1106 2941 ipsum
1141 2895 1350 2929 Glauconem
1392 2903 1474 2926 con-
