1807 3219
438 133 775 176 CIVITAS
820 133 1126 181 LIB.V.449
1461 137 1490 177 3

103 247 212 305 ἔφη,
252 245 283 304 ἢ
320 247 361 290 τί
398 245 641 302 dodona-sm
686 245 872 291 ‘'Hmotoi
909 262 984 302 γε,
1025 245 1110 303 ἔφη
1141 243 1173 289 5·
1201 245 1489 301 Ἀδείμαντος,

101 316 212 373 μέγα
240 315 325 373 ἤδη
355 313 504 372 λέγων.
535 314 626 358 Καὶ
650 313 733 370 ἐγώ
769 316 821 358 Τι’
850 314 1057 370 μάλιστα,
1088 314 1225 370 ἔφην,
1254 311 1380 369 ὑμεῖς
1403 313 1488 357 οὐκ

102 383 275 441 ἀφίετες
305 378 453 438 Σὲ,ᾼῆ
481 380 524 425 δ’
556 381 614 433 ὅς.
633 380 728 426 Ἔτι
747 382 831 439 ἐγώ
853 383 998 427 εἶπον·
1029 383 1071 427 τί
1090 381 1303 438 μάλιστα;
1331 381 1486 437 Ἀποῤ-
1518 381 1549 424 C

101 454 320 511 ῥᾳθυμεῖν
347 449 453 508 ἡμῖν
486 452 651 502 δοκεῖς,
681 451 790 508 ἔφη,
830 452 905 496 καὶ
935 450 1051 504 εἶδος
1081 451 1188 496 ὅλον
1220 448 1275 495 οὔ
1306 450 1356 494 τό
1388 449 1488 494 ἐλά-

99 533 250 578 χιστον
285 519 530 564 ἐκκλέπτειν
558 522 640 563 τοῦ
670 518 827 576 λόγου,
865 522 940 564 ἴνα
971 520 1030 576 μὴ
1061 513 1265 578 διέλθῃς,
1306 520 1381 564 καὶ
1411 518 1488 576 λή-

100 602 193 634 σειν
222 589 432 645 οἰηθῆναι
461 586 595 630 εἰπών
626 586 736 632 αὐτὸ
768 587 970 644 φαύλως,
1003 588 1061 641 ὠς
1092 589 1180 644 ἄρα
1208 588 1306 644 περὶ
1335 604 1487 645 γυναι-

78 660 193 704 ,univ
221 673 266 701 τε
294 656 371 701 καὶ
398 657 572 700 παίδων
608 656 742 700 παντὶ
778 659 936 713 δῆλον,
986 657 1055 701 ὅτι
1091 655 1222 701 κοινοὶ
1262 656 1316 700 τὰ
1345 657 1489 712 φίλων

98 727 230 771 ἔσται.

95 875 246 910 fortasse
273 872 359 908 Ven.
383 872 422 908 B.
457 873 501 907 de
537 884 604 918 quo
628 871 765 908 Bekke-

97 932 157 955 rus
182 932 249 954 non
271 919 400 963 magis,
425 931 526 966 quam
537 884 593 952 qde
609 919 701 952 Mon.
722 918 764 951 B.

97 967 157 1013 qui
179 970 293 1001 tamen
320 964 373 999 ἔτι
397 977 472 999 οιιιιι
505 965 644 1010 reliquis
670 964 765 998 exhi-

97 1014 169 1054 bet,
193 1012 374 1058 quicquam
398 1011 579 1045 memoriae
602 1010 764 1064 prodidit,

96 1059 276 1093 lectionem
301 1059 343 1092 ab
367 1057 465 1091 Astio
493 1057 527 1090 in
560 1059 669 1102 prima
693 1056 766 1089 edi-

96 1105 190 1139 tione
224 1115 268 1138 ex
298 1103 380 1138 Par.
403 1104 449 1138 K.
491 1104 575 1136 Ven.
602 1103 643 1137 Ο.
667 1114 766 1136 rece-

97 1155 205 1197 ptam,
228 1150 263 1184 in
286 1150 436 1184 secunda
459 1150 495 1182 et
518 1149 623 1182 tertia
646 1160 766 1183 lursus

96 1197 264 1231 abiectam
296 1206 407 1240 neque
439 1195 660 1229 Stallbaumio
686 1206 767 1239 pro—

96 1244 213 1277 bamm
242 1242 377 1276 merito
425 1241 538 1275 tenuit
571 1241 763 1275 Bekkerus.

96 1289 188 1324 Nam
215 1289 313 1344 rquod
344 1292 424 1321 ante
455 1287 588 1321 Astium
623 1287 765 1344 legeba-

97 1338 174 1378 tur,
210 1331 271 1369 ὅτι
306 1334 410 1388 (Bas.
436 1335 490 1367 ab.
526 1328 569 1376 ὅ,
595 1334 659 1377 τι)
693 1330 724 1376 232
724 1330 761 1366 ὠ

99 1379 228 1425 εἶπον,
261 1380 298 1414 τί
320 1377 506 1424 μάλιστας
538 1359 573 1413 id
597 1384 763 1413 commate

97 1427 155 1461 vel
195 1426 269 1461 colo
309 1438 333 1462 a
365 1427 524 1471 proximis
555 1430 762 1471 separatum,

95 1478 135 1508 ut
167 1478 220 1507 est
250 1473 286 1506 in
319 1473 393 1507 Ald.
423 1473 504 1506 Bas.
529 1473 583 1506 ab.
609 1476 644 1506 et
680 1472 762 1505 Ste-

95 1519 276 1574 phaniana‚
300 1530 366 1553 non
389 1519 495 1553 solum
518 1518 684 1560 inutilem,
701 1517 762 1552 sed

95 1566 200 1600 etiam
222 1565 436 1599 invenustam
456 1569 492 1599 et
513 1565 676 1600 rusticam
701 1576 761 1597 ex-

95 1611 312 1657 plicationem
334 1612 439 1645 habet
461 1610 555 1652 eius,
590 1611 699 1664 quod
709 1611 761 1644 di-

95 1661 197 1692 xerat
241 1658 460 1700 Adimantus,
508 1669 610 1702 quam
656 1656 761 1690 miror

95 1703 268 1749 placuisse
278 1704 603 1738 Schleiermachero.
630 1702 756 1746 (Dich.
752 1703 761 1725 ¹

95 1751 223 1795 sprach
247 1762 303 1791 er,
327 1751 406 1784 weil
426 1751 481 1784 ich
496 1755 629 1795 gcsagt
649 1750 761 1790 hatte,

95 1809 169 1830 was
198 1797 317 1841 doch.)
363 1796 466 1831 Haud
502 1795 607 1829 multo
644 1795 762 1828 melius

88 1847 167 1898 rest,
190 1842 281 1898 quod
304 1842 423 1876 Astius
446 1846 567 1887 postea
585 1841 760 1896 praetulit,

88 1868 196 1932 Γ”Ο·ι-ι,
239 1883 308 1932 ἐγώ
342 1885 470 1932 εἷπον,
511 1888 548 1922 τί
579 1884 759 1943 μάλιστα,-

95 1938 158 1968 aut
180 1935 271 1983 quod
291 1934 385 1968 dedit
397 1913 658 1968 Stallbaumius.
674 1930 760 1967 “On

90 1978 180 2024 ἐγώ,
204 1983 335 2026 εἷπον,
360 1980 397 2014 τί
413 1978 592 2024 μάλιστα;
618 1991 760 2025 quorum

94 2026 193 2073 prius
215 2027 258 2060 ob
281 2027 512 2072 praepositum
537 2030 657 2061 contra
680 2038 760 2059 con-

94 2072 308 2108 suetudinem
340 2084 543 2118 pronomen,
590 2071 760 2117 posterius

95 2120 140 2153 ob
163 2118 381 2161 inusitatam,
418 2131 519 2165 quam
542 2130 657 2152 secum
679 2119 761 2158 fert,

96 2165 248 2210 ellipsin,
277 2168 459 2210 utrumque
482 2166 525 2199 ob
549 2165 704 2198 omissam
726 2165 761 2197 in

95 2211 315 2255 responsione
331 2212 535 2256 particulam
556 2207 614 2246 ότι
634 2211 760 2253 impro-

96 2256 243 2291 bandum
276 2261 341 2292 est.
386 2258 486 2292 Hanc
515 2258 601 2291 enim
625 2256 658 2289 in
680 2256 762 2290 Pla-

97 2306 179 2336 tone
202 2307 282 2347 post
307 2297 366 2337 ὅτι
388 2303 426 2337 τί
449 2304 544 2348 sequi
562 2303 670 2337 solere
693 2313 760 2335 non

97 2349 227 2383 frustra
258 2349 458 2383 observavit
485 2348 761 2383 Hemsterhusius

95 2395 142 2428 ad
165 2394 351 2429 Lucianum
366 2395 410 2429 T.
428 2395 492 2429 ΠΙ.
514 2407 548 2440 p.
568 2396 624 2430 43.
643 2394 760 2428 Lehm.

95 2440 175 2475 Nec
197 2441 315 2475 mirum
337 2441 394 2482 id,
427 2446 488 2475 aut
520 2442 608 2475 ratio
639 2440 675 2473 in
699 2441 761 2474 ob—

96 2498 208 2521 scuro.
259 2487 359 2521 Conf.
383 2467 614 2532 'Hoogeveenii
651 2486 759 2522 doctr.

97 2536 189 2578 part.
221 2544 300 2578 pag.
327 2535 404 2569 597.
435 2534 574 2568 Schiitz.
602 2534 700 2568 1782.
726 2537 762 2566 et

97 2590 192 2633 quae
211 2579 288 2613 olim
313 2580 413 2615 docui
447 2580 483 2614 in
514 2580 623 2614 indice
648 2580 763 2612 Grae-

97 2624 212 2659 citatis
266 2626 458 2660 fabularum
517 2624 762 2681 Aesopicarum

97 2670 194 2716 Lips.
219 2673 319 2707 1810.
343 2672 378 2706 in
400 2672 565 2706 vocabulo
592 2683 661 2706 οτι.
694 2670 762 2704 Hic

96 2727 180 2751 vero
203 2718 356 2752 codicum
380 2719 568 2753 auctoritas
585 2716 761 2752 lectionem

97 2763 218 2797 bonam
265 2765 500 2809 praebentium
543 2762 762 2798 dubitationis

99 2809 181 2843 nihil
205 2809 373 2856 relinquit
423 2810 514 2853 Quid
539 2809 593 2844 ἔτι
618 2806 687 2852 ἐγώ
710 2805 761 2842 εἷ-

293 723 472 770 Οὕ-κοῦν
510 722 686 781 ὀρθῶς,
731 723 870 781 ἔφην,

912 720 947 769 ὦ
980 723 1260 783 Ἀδείμαντες
1306 724 1418 776 Ναὶ,
1460 718 1489 780 ἦ

821 882 895 905 πον
916 871 1104 925 significet,
1130 872 1245 907 statim
1267 871 1488 914 intellexeris,

822 917 853 951 si
876 917 985 962 primo
1017 931 1180 964 responso
1213 919 1299 952 satis
1333 919 1489 952 edoctum

822 963 971 1018 aliquem
1005 977 1114 1010 neque
1158 965 1309 1010 repetita
1345 964 1488 1020 amplius

820 1009 1029 1058 indigentem
1053 1011 1252 1056 quaestione
1276 1007 1436 1066 odvjs'tt’
1420 1021 1487 1054 εγω

823 1059 929 1090 εἷπον
954 1057 1120 1091 dicentem
1144 1056 1295 1090 finxeris.
1335 1053 1428 1099 '‘‚Ez’t
1449 1062 1489 1090 ut

822 1108 973 1136 nostrum
1009 1104 1096 1137 noch
1120 1104 1257 1142 immor,
1289 1103 1489 1136 Latinorum

824 1150 931 1183 etiam
957 1149 1090 1193 (Plauti
1115 1149 1264 1184 Mostell.
1289 1149 1335 1182 ΙΙ.
1360 1151 1394 1190 2,
1418 1150 1486 1184 43·
1478 1174 1486 1182 .

823 1195 1042 1240 circumspice
1063 1196 1182 1229 etiam.
1207 1195 1252 1228 ib.
1280 1207 1312 1228 v.
1337 1196 1402 1229 90:
1428 1196 1489 1228 scd

821 1246 861 1274 tu
893 1243 1042 1274 etiamne
1071 1241 1223 1285 astas?)
1260 1241 1488 1275 continuatio—

821 1298 897 1320 nem
920 1286 1048 1320 indicat
1078 1287 1248 1331 similique
1281 1287 1379 1320 modo
1404 1287 1489 1330 legi-

820 1332 1018 1366 turL.V1.
1048 1334 1171 1378 p..508
1200 1333 1247 1366 C:
1272 1332 1375 1373 πῶς,·
1394 1331 1486 1377 {W

821 1376 875 1411 ἔτι
899 1377 1025 1412 δίελθέ
1047 1391 1121 1421 μοι.
1168 1380 1246 1413 509.
1273 1381 1320 1412 A:
1345 1377 1414 1423 τὴν
1439 1379 1488 1413 εἰ·

820 1421 916 1459 κόνα
941 1422 1061 1458 αὐτοῦ
1089 1423 1141 1458 ἔτι
1166 1422 1366 1459 ἐπισκόπει.
1401 1426 1487 1458 Pro-

821 1474 889 1512 tag.
918 1483 951 1515 p.
977 1473 1056 1506 310.
1083 1471 1132 1503 C:
1157 1469 1221 1504 καὶ
1247 1469 1299 1504 ἔτι
1322 1466 1388 1514 μὲν
1414 1469 1487 1505 ἐνε-

819 1516 969 1560 χείρησα
1000 1514 1122 1556 εὐθὺς
1151 1514 1264 1570 παρά
1294 1529 1331 1550 σε
1378 1515 1487 1560 ἰέναι,

819 1561 948 1596 ἔπειτα
980 1575 1044 1606 μοι
1087 1563 1170 1596 λίαν
1212 1560 1344 1606 πόρῤω
1386 1561 1488 1605 ἔδοξε

819 1609 896 1642 τῶν
919 1610 1065 1643 νυκτῶν
1085 1607 1191 1643 εἶναι.
1217 1613 1253 1642 et
1269 1610 1398 1643 duobus
1418 1610 1487 1643 Xe-

818 1656 997 1700 nophontis
1031 1656 1113 1689 locis
1145 1657 1187 1689 ab
1211 1655 1412 1689 Heindorfio
1437 1656 1486 1689 al-

817 1701 907 1735 latis.
934 1721 981 1726 —
1012 1702 1170 1736 Ficinus:
1205 1703 1262 1735 So.
1291 1703 1382 1745 Quid
1410 1714 1486 1736 ma-

817 1748 933 1781 xime?

864 1790 1181 1839 Ἀποῤῥᾳθυμεῖν]
1216 1804 1229 1826 ι
1252 1792 1379 1838 primus
1404 1794 1485 1827 sub-

816 1840 957 1884 scripsit
980 1841 1118 1874 Bekkex
1122 1851 1172 1873 us
1200 1835 1488 1883 οἷπορραθνμεῖς

816 1886 915 1919 Vind.
942 1886 982 1920 D.

816 1978 848 2011 V
862 1928 966 2013 ημῖὲ]
994 1943 1058 1966 om.
1083 1931 1177 1966 Mon.
1198 1931 1238 1965 Β.
1264 1935 1300 1966 et
1323 1944 1344 1967 a
1368 1944 1410 1967 m.
1431 1943 1485 1978 pr

851 1990 892 2012 en

863 2033 909 2070 οὐ
934 2034 1002 2091 τὸ]
1030 2031 1141 2078 autb,
1166 2047 1270 2080 super
1292 2035 1397 2080 priori
1416 2035 1486 2080 syl-

816 2081 896 2116 laba
922 2078 970 2116 ου’
995 2094 1016 2115 a
1040 2094 1082 2116 m
1109 2094 1137 2116 s.
1162 2081 1360 2127 adscripto,
1385 2081 1485 2116 Vind.

816 2128 856 2161 F.
884 2140 930 2162 ου
957 2125 1000 2162 τὸ
1028 2126 1099 2162 οὐκ
1123 2129 1213 2172 Ang.
1237 2128 1277 2162 Β.

865 2182 1041 2230 διέλθῃς]
1066 2182 1233 2224 διέλθοις
1256 2186 1336 2219 Par.
1360 2185 1402 2220 D.

866 2241 1070 2287 οἰηθῆναι]
1097 2243 1169 2277 οἴει
1191 2244 1276 2277 Ven.
1300 2242 1339 2276 B.
1366 2247 1402 2276 et
1424 2243 1484 2276 int.

816 2299 906 2322 vers.
927 2289 1004 2323 Vat.
1021 2289 1061 2323 B.
1087 2301 1162 2324 cum
1187 2290 1287 2323 editis
1304 2293 1383 2323 ante
1393 2289 1484 2322 Bek-

815 2335 946 2369 kerum.

864 2377 977 2426 αὐτὸ]
1005 2377 1108 2415 αὐτῶ
1133 2381 1233 2415 Vind.
1257 2380 1298 2415 F.

817 2485 851 2519 K
855 2440 1249 2519 ²i=135²ssv]A25111}m13
1263 2440 1394 2519 Ξέὲῗῠέι
1403 2438 1484 2519 ¹525:

818 2532 867 2566 tia
899 2535 935 2564 et
958 2531 1214 2565 Stallbaumius.
1264 2531 1318 2565 cf.
1355 2531 1429 2565 Vol.
1454 2532 1479 2565 Ι.

818 2589 851 2622 p.
870 2577 950 2632 348⁵.
975 2581 1012 2610 et
1035 2577 1209 2611 Plutarchi
1232 2577 1332 2611 Erot.
1357 2589 1390 2634 p.
1402 2578 1482 2613 767

817 2624 872 2657 D:
899 2619 947 2656 ου’
969 2621 1041 2666 ’γὰρ
1063 2620 1192 2662 ἁπλῶς
1214 2621 1323 2658 κοινὰ
1348 2622 1397 2657 τὰ
1421 2623 1483 2667 ‹pi-

818 2671 892 2703 λων
915 2689 962 2694 -
979 2681 1046 2714 quo
1067 2669 1142 2703 loco
1166 2675 1318 2705 nostrum
1343 2671 1483 2704 videtur

818 2715 1028 2795 respexisse.

865 2759 983 2806 ἔφην]
1010 2772 1081 2804 εφη
1106 2760 1193 2794 Lob.
1217 2759 1316 2797 Vind.
1341 2761 1384 2796 Ε.
1403 2761 1482 2794 Vat.

818 2807 867 2841 M.
908 2808 1047 2842 Comma
1071 2807 1267 2853 anteposuit
1290 2808 1481 2843 Bekkerus.

1208 2864 1294 2906 ΑΞ
