1807 3219
477 82 816 125 CIVITAS
861 83 1083 125 LIB.VI.
1115 89 1183 124 500

1435 86 1517 125 199

114 212 268 246 νατος
306 194 529 251 γενέσθαι,
581 191 679 238 οὐδ’
724 192 846 251 ἡμεῖς
875 193 1074 239 ἀδύνατα
1103 195 1308 250 λέγομεν·
1352 193 1516 250 χαλεπὰ

135 265 183 309 δὲ
211 263 285 309 καὶ
320 261 420 318 παρ’.
448 262 575 319 ἡμων
611 259 898 320 ὁμολογεῖται.

331 335 433 383 Τοῖς
463 332 510 375 δὲ
537 335 739 383 πολλοῖς,
768 333 825 387 ἡν
859 329 903 375 δ’
936 331 1041 389 ἐγώ,
1072 332 1140 377 ὅτι
1169 329 1255 376 οὐκ
1289 334 1346 375 αὐ
1378 333 1510 385 δοκεῖ,

628 402 682 443 „Q
710 416 919 481 μακαριε,
963 404 1021 457 ἦν
1062 399 1108 444 6'
1139 400 1246 457 ἐγω,
1291 399 1349 456 μὴ
1390 399 1510 444 πάνυ
1540 404 1574 444 Ε

132 335 266 377 δοκεῖ.

132 401 264 456 ἐρεῖς·
251 433 264 452 ,
305 399 429 452 Ἴσως
439 434 452 454 ,
489 399 587 456 ε’φη,

961 264 1045 308 Καὶ
1084 264 1206 320 ἐμοὶ,
1248 263 1356 319 ἔφη,
1395 260 1514 306 ου”τω

133 469 248 514 οὕτω
281 473 370 513 τῶν
397 472 574 513 πολλῶν
603 467 846 525 κατηγόρει.
879 467 1061 513 ἀλλοίαν
1083 485 1152 512 τοι
1171 467 1304 521 δόξαν
1323 467 1512 522 ἕξουσιν,

130 538 209 582 ἐὰν
239 536 388 589 αυτοῖς
416 536 474 593 μή
506 541 796 593 φιλονεικῶν,

845 536 956 581 αλλὰ
996 535 1402 592 παραμυθούμενος
1439 537 1514 580 καὶ

131 604 430 662 ἀπολυόμενος
466 605 548 662 τήν
584 610 660 663 τῆς
699 607 995 662 φιλομαθείας
1032 604 1245 662 διαβολὴν
1282 604 1513 663 ἐνδεικνύῃ

130 674 210 727 οὓς
237 673 374 731 λέγεις
411 674 517 726 τούς
556 674 860 732 φιλοσόφους,
899 675 974 719 καὶ
1012 676 1180 731 διορίζῃ
1221 673 1368 729 ὥσπερ
1411 673 1513 727 ἄρτι

126 742 207 800 τήν
233 760 278 788 τε
307 743 446 800 φύσιν
477 741 625 787 αὐτῶν
653 744 728 788 καὶ
748 744 829 801 τήν
853 743 1155 800 ἐπιτήδευσιν,
1186 743 1260 786 ἵνα
1282 741 1341 799 μή
1365 742 1510 799 ἡγῶν·
1535 751 1602 786 500

123 813 198 856 ταί
226 822 274 856 σε
304 811 444 869 λέγειν
473 810 552 863 οὓς
581 810 709 857 αὐτοὶ
739 815 922 858 οἴονται.
953 812 982 870 ἢ
1009 813 1084 856 καὶ
1114 810 1192 855 ἐὰν
1218 810 1335 855 οὕτω
1364 814 1511 855 θεῶν-

125 896 219 935 ται,
259 879 440 939 ἀλλοίαν
475 897 543 926 τοι
586 879 741 939 φήσεις
787 882 953 934 αὐτοὺς
997 880 1132 933 δόξαν
1171 878 1395 936 λήψεσθαι
1435 879 1512 922 καὶ
1544 888 1548 892 ‘

125 1001 246 1061 ὁρμὴν
271 1001 400 1040 αὐτῶν
422 1003 560 1050 κύμασι
591 1007 784 1042 παντοίων

126 1048 276 1094 ἀνέμων
293 1052 353 1086 ιαὶ
370 1055 450 1093 τοῖς
466 1051 664 1092 τοιούτοις.
691 1051 784 1089 ἄλλα

126 1095 191 1132 καὶ
221 1096 293 1131 νῦν
318 1099 431 1133 τοῦτο
468 1096 591 1155 λέγει,
629 1096 689 1133 ὅτι
712 1097 784 1134 κᾶν

125 1141 223 1199 λόγῳ
252 1154 310 1183 τις
334 1141 463 1184 αὐτοῖς
489 1142 695 1200 ἐνδείξηται
716 1143 786 1202 τὴν

127 1186 256 1234 αληθῆ
290 1191 539 1248 φιλοσοφίαν,
573 1188 645 1225 κᾶν
675 1189 783 1249 αύτῷ

126 1235 219 1282 ἔργῳ
239 1236 404 1292 τοιοῦτος
419 1231 450 1283 ἤ
464 1235 704 1292 φαινόμενος,
718 1237 784 1286 ῥα-

126 1277 258 1322 δίως
234 1294 282 1316 αν
306 1283 419 1318 πείσει
433 1281 608 1339 αὐτούς,
641 1284 704 1318 καὶ
722 1297 784 1319 το-

127 1326 250 1375 σούτῳ
279 1326 394 1384 ῥᾷον,
429 1326 504 1376 ὅσῳ
524 1325 571 1364 ἓὶν
593 1327 665 1364 εἷεν
683 1331 784 1365 πλεί-

127 1386 205 1415 ονς.
227 1363 292 1409 ’καὶ
302 1372 393 1429 γὰρ
411 1375 448 1411 οἱ
473 1365 621 1416 πλείους
642 1377 785 1420 μᾶλλον

124 1421 184 1480 τῇ
186 1421 262 1465 τῆς
283 1416 376 1466 ν’λης
402 1421 533 1478 ξῖταξία
562 1420 786 1479 αναλογοῦσι

124 1466 188 1502 και
206 1467 349 1523 μᾶλλον
378 1459 557 1503 εύοίλωτοι
584 1467 678 1512 πρὸς
700 1468 783 1504 ἑκά-

123 1525 236 1558 τερα,
258 1510 355 1558 ἤπερ
381 1513 418 1549 οἱ
441 1513 519 1550 dam
501 1513 664 1559 Joa'zspot.
709 1517 786 1550 Nec

123 1572 191 1595 non
214 1541 375 1595 Ficinus:
408 1562 438 1595 si
461 1575 529 1595 raon
562 1563 784 1596 contentionis

124 1608 259 1649 studio,
278 1608 339 1641 sed
358 1609 477 1642 amicis
497 1609 655 1649 monitis,
677 1609 785 1643 disso-

122 1654 201 1688 luta
232 1653 472 1699 philosophiae
504 1655 653 1688 adversa
691 1656 785 1688 calu-

123 1701 242 1742 mnia,
267 1700 450 1742 ostendas,
477 1712 559 1745 qnos
570 1701 785 1745 potissimum

123 1747 217 1781 viros
236 1747 395 1791 appellas
411 1747 656 1791 philosophos,
681 1752 727 1789 ct,
745 1753 785 1782 ut

121 1804 250 1848 aupes,
275 1793 474 1848 distinguas
498 1798 564 1826 etc.

169 1835 324 1883 αὐτοῖς]
357 1835 490 1878 αὐτοῖς
523 1840 609 1874 Ven.
634 1838 673 1872 B.
707 1838 782 1873 Par.

120 1885 166 1920 K.
192 1897 262 1920 sec.
284 1885 363 1942 Bip.
386 1888 461 1920 Ast.
487 1888 568 1919 tert.
592 1886 716 1919 Stallb.
732 1896 783 1929 pr.

121 1929 267 1974 ἕξουσιν
297 1929 336 1965 ἐν
362 1928 515 1975 αυτοῖς,
548 1932 654 1965 etiam
688 1932 787 1964 Butt-

120 1990 261 2013 mannus
289 1978 482 2012 coniecerat
512 1981 602 2012 teste
624 1978 790 2022 Morgen-

120 2024 250 2061 sternio
273 2025 396 2080 symb
409 2024 486 2058 crit.
514 2025 614 2059 1815.
665 2024 732 2059 ..4

167 2067 241 2115 μή]
275 2069 311 2105 εἰ
344 2081 395 2115 μη
429 2070 524 2105 Μοιι.
550 2071 591 2105 Β.
628 2071 708 2105 Par.
737 2069 782 2104 K.

121 2116 245 2152 Stanb.
267 2127 323 2162 pr.

121 2161 259 2245 Μτὴν]
292 2175 360 2198 om.
382 2162 469 2197 Lob.
504 2162 606 2200 Vind.
629 2162 671 2197 B.
705 2163 786 2199 vat.

169 2252 432 2300 φιλομαθείας]
445 2253 676 2299 φιλομαθίας
685 2253 786 2288 Vind.

120 2301 197 2336 EF.
232 2302 319 2336 Ven.
342 2300 384 2334 B.
423 2302 511 2346 Ang.
541 2302 582 2335 Β.
628 2301 709 2334 Vat.
737 2300 783 2334 H.

120 2347 214 2382 Flor.
242 2346 321 2381 RT.

167 2390 383 2439 ἐνδεικνύῃ]
410 2391 468 2426 Ita
491 2392 571 2428 Par.
582 2391 690 2428 ADK.
715 2404 785 2427 sec.

119 2439 230 2496 Bekk.
266 2440 351 2473 Ven.
387 2439 428 2472 C.
461 2438 556 2473 Mon.
579 2440 620 2473 B.
671 2436 784 2474 ἐνδει-

120 2484 226 2520 κνύει
270 2485 371 2520 Vind.
408 2485 448 2518 F.
488 2485 577 2530 Ang.
605 2486 646 2520 B.
683 2486 781 2519 Flor.

120 2533 229 2567 ACR.
271 2528 494 2566 ἐνδεικνύειν
522 2532 624 2566 vfind.
648 2532 693 2566 E.
728 2529 784 2566 ἐν·

121 2579 246 2614 δείκνυ
274 2578 368 2612 Flor.
392 2578 437 2612 Τ.
485 2574 668 2612 ἐνδείκνυε
698 2578 783 2613 Lob.

121 2625 222 2659 Vind.
246 2625 288 2659 Β.
313 2625 398 2660 ven.
409 2624 450 2657 Β.
474 2625 554 2660 V.at
563 2625 644 2659 ΒΜ.
668 2625 782 2669 (Flor.

119 2671 220 2716 UV.)
251 2670 327 2705 Ald.
361 2671 440 2704 Bas.
466 2671 521 2704 ab.
554 2672 674 2716 Steph.
709 2671 784 2705 Ast.

120 2729 173 2762 pr.
194 2720 274 2752 tert.
297 2715 483 2757 ἐνδείκννς
493 2717 565 2752 Ast.
576 2728 644 2752 sec.
658 2717 781 2753 Staub.

119 2773 174 2809 Pl·-

890 1002 980 1051 οὓς]
1007 1005 1114 1045 οἴους
1136 1005 1223 1050 Ang.
1242 1005 1284 1039 Β.
1309 1003 1403 1038 Flor.
1430 1004 1508 1038 RT.

889 1052 1026 1099 λέγεις]
1051 1078 1075 1097 ,,
1089 1049 1203 1096 λέγεις
1225 1051 1280 1086 vel
1303 1048 1396 1095 λέγει
1413 1050 1507 1085 Flor.

889 1145 1054 1190 διορίζῃ]
1087 1144 1143 1178 Ita
1159 1143 1283 1185 iidem,
1313 1142 1372 1188 qui
1397 1138 1508 1177 ἔνδει-

841 1191 935 1238 κνύῃ
959 1194 1098 1233 habent,
1122 1194 1158 1224 et
1177 1190 1274 1225 Flor.
1290 1189 1402 1223 TUV.
1431 1189 1508 1223 διο-

842 1240 933 1284 ρίζει
964 1238 1087 1279 iidem,
1127 1235 1186 1281 qui
1217 1233 1438 1276 ἐνδεικνύει,
1472 1239 1510 1270 et

841 1287 916 1320 Ast.
953 1296 1020 1319 sec.
1069 1282 1193 1317 Stallb.
1228 1294 1281 1327 pr.
1332 1282 1509 1325 διορίζειν

841 1332 942 1367 Vind.
968 1331 1012 1365 E.
1038 1329 1203 1373 διορίζον
1227 1329 1314 1362 Lob.
1340 1328 1442 1361 Vind.
1465 1327 1507 1362 Β.

840 1378 918 1412 Ald.
965 1378 1046 1411 Bas.
1073 1377 1130 1410 ab.
1177 1375 1298 1420 Steph.
1345 1376 1420 1408 Ast.
1453 1385 1506 1419 pr.

840 1428 922 1458 tert.
971 1423 1068 1457 Idem
1091 1422 1126 1456 in
1150 1421 1291 1466 reliquis
1315 1421 1510 1455 Bekkeria-

841 1471 892 1505 nis
927 1474 1063 1504 exstare
1095 1467 1254 1510 videtur,
1302 1467 1346 1501 de
1384 1467 1509 1513 quibus

842 1517 924 1551 nihil
945 1514 1107 1550 ostendit.

886 1560 956 1607 τήν
973 1563 1036 1607 τε]
1067 1572 1108 1596 τε
1132 1573 1199 1595 om.
1224 1559 1310 1594 Lob.
1337 1558 1440 1595 Vind.
1468 1558 1508 1592 Β.

842 1610 922 1646 Vat.
945 1608 1027 1642 ΒΜ.

888 1651 912 1700 ἢ
931 1654 1016 1698 καὶ]
1041 1652 1106 1688 καὶ
1127 1652 1230 1690 Vind.
1255 1651 1333 1686 EF.
1362 1651 1449 1686 Ven.
1466 1650 1506 1685 B.
1531 1658 1599 1694 500

842 1681 1301 1751 Ang.B.F10r.ACR'1j.
1337 1692 1508 1743 probante

841 1747 1154 1781 Schleiermachero
1187 1750 1223 1779 et
1254 1744 1330 1779 sine
1361 1744 1509 1778 interro-

840 1794 977 1836 gatione
1020 1793 1107 1827 haec
1140 1792 1235 1826 dicta
1279 1790 1505 1825 existimante.

840 1838 865 1885 ἢ
885 1837 954 1874 οὐκ
974 1839 1067 1873 Μοιι.
1081 1839 1120 1872 Β.
1144 1839 1237 1872 Flor.
1256 1837 1303 1871 U.
1329 1837 1506 1871 Stallbau-

841 1887 938 1921 mius.
962 1886 984 1930 η’
1005 1884 1067 1919 καὶ
1087 1885 1205 1918 Astius
1228 1884 1263 1918 in
1288 1895 1355 1927 segc.
1371 1886 1407 1917 et
1423 1885 1505 1916 tert.

841 1945 915 1966 cum
940 1934 1013 1966 colo
1033 1935 1113 1977 post
1129 1928 1429 1974 ἀποκρινεῖσθαι,
1447 1929 1507 1963 ubi

840 1979 918 2013 Ald.
942 1982 1104 2023 punctum
1127 1977 1242 2011 habet
1267 1976 1426 2010 Ficinus.
1450 1976 1506 2009 vel

842 2026 873 2060 si
894 2026 949 2060 ita
969 2025 1204 2068 conceperint,
1231 2023 1321 2066 salli
1350 2034 1407 2056 eos
1428 2022 1506 2066 opi-

839 2072 940 2105 nione
962 2072 1088 2105 dixeris
1107 2082 1168 2104 nec
1186 2070 1234 2103 ad
1251 2069 1434 2120 proposita
1449 2079 1506 2102 re-

838 2117 1034 2162 spondere?
1068 2116 1107 2150 Si
1129 2116 1304 2171 vulgatam
1326 2114 1504 2148 lectionem

836 2163 1181 2250 {ifflnaffi’abhiffss
1200 2157 1504 2241 ἄῆῗὲἑαέοῗῗὲιῖἔ

835 2258 1020 2301 plerosque
1049 2220 1237 2290 habituro?
1259 2265 1336 2288 esse
1363 2264 1500 2286 asseve-
1518 2291 1519 2294 Ἴ

833 2307 996 2343 raverat,
1021 2302 1120 2347 eique
1144 2305 1180 2334 et
1201 2300 1340 2334 veritati
1365 2302 1502 2333 contra-

834 2348 921 2382 riam
938 2348 1130 2403 intelligere
1150 2344 1502 2390 debenu1s.1d‚quia

834 2395 926 2428 notio
949 2394 1018 2428 τοῦ
1054 2391 1204 2427 ἀλλοίου
1228 2391 1420 2426 necessario
1443 2402 1500 2424 re-

834 2440 940 2474 lativa
964 2444 1000 2474 et
1021 2440 1148 2486 ubique
1172 2439 1215 2473 ad
1235 2438 1425 2491 proximum
1442 2448 1501 2471 re-

834 2487 976 2521 ferenda
1001 2490 1077 2530 est,
1107 2485 1185 2520 fieri
1218 2495 1319 2529 posse
1351 2483 1498 2518 videtur.

835 2511 1127 2574 Quemadmodum
1143 2531 1249 2587 igitur
1261 2532 1423 2564 Socrates
1435 2526 1497 2563 οἷλ-

835 2579 942 2613 λοίαν
961 2591 1020 2613 τοι
1039 2577 1155 2620 δόξαν
1177 2574 1324 2619 ἕξουσιν
1344 2576 1501 2621 inquiens

834 2622 1500 2724 ΞῗΡὲἰῗξῗὲἑξζῗόηὲῗξιὲῗῖἒᾶἓῗῗ

835 2720 909 2760 rat,
933 2728 1076 2763 eamque
1099 2716 1269 2751 diversam
1291 2718 1328 2749 et
1348 2714 1497 2768 philoso-

834 2764 936 2810 phiae
957 2765 1129 2800 faventem
1159 2762 1258 2805 fore,
1288 2761 1318 2797 si
1339 2772 1424 2796 vera
1447 2759 1498 2795 eis
