1807 3219
254 571 287 611 E

224 916 291 950 5⁶26

313 188 398 228 290

761 180 1236 224 PLATONIS

313 294 341 338 ’ὂ
378 297 462 338 νῦν
501 292 554 350 δὴ
594 293 824 350 ἐλέγομεν,
880 293 940 344 ὥς
989 290 1166 348 σφόδρα
1210 289 1302 334 ἅνω
1349 307 1427 335 ποι
1476 289 1570 347 ἄγει
1609 291 1689 349 τήν

312 362 458 418 ψυχὴν
486 361 559 406 καὶ
589 363 686 417 περὶ
727 361 876 406 αὐτῶν
913 364 1002 405 τῶν
1040 358 1245 416 ἀριθμῶν
1275 357 1506 414 ἀναγκάζει
1536 360 1681 403 διαλέ-
1693 372 1760 407 485

314 436 493 486 γεσθαι,
538 427 711 488 οὐδαμῇ
743 429 1089 486 ἀποδεχόμενον,
1128 429 1204 473 ἐάν
1243 445 1307 480 τις
1348 427 1461 486 αὐτῇ
1501 427 1640 482 ὁρατὰ
1668 427 1697 484 ἢ

317 497 429 542 aimo}
459 496 639 554 σώματα
669 499 846 554 ἔχοντας
876 498 1094 556 ἀριθμοὺς
1130 496 1467 553 προτεινόμενος
1496 496 1696 553 διαλέγη-

314 583 394 609 ται.

457 562 592 610 οἶσθα
620 564 704 622 γάρ
734 583 822 611 που
851 567 956 620 τοὺς
983 568 1082 621 περὶ
1124 570 1260 610 ταῦτα
1292 564 1484 616 δεινοὺς,
1531 564 1590 615 ὦς
1619 564 1696 608 ἐάν

313 650 379 685 τις
414 631 523 677 αὐτὸ
553 634 602 678 τὸ
642 636 692 678 ἓν
722 635 912 694 ἐπιχειρῇ
952 640 1012 692 τῷ
1047 634 1163 693 λόγῳ
1195 634 1387 690 τέμνειν,

1429 634 1696 690 καταγελῶσί

312 719 356 746 τε
388 702 462 746 καὶ
493 701 578 751 ου’,κ
609 702 918 760 ἀποδέχονται,
965 700 1063 746 ἄλλ’
1097 702 1173 746 ἐὰν
1202 702 1256 745 σύ
1287 705 1540 760 κερματίζῃς
1571 701 1695 754 αὐτὸ,

314 771 472 814 ἐκεῖνοι
503 774 932 824 πολλαπλασιοῦσιν,
973 770 1311 826 εὐλαβούμενοι,
1349 772 1407 827 μή
1439 787 1543 815 ποτε
1573 774 1695 828 φανῇ

312 837 362 881 τὸ
403 855 451 881 εν
491 837 553 898 μή.
587 841 666 890 ἓν,
711 840 818 884 ἄλλα
858 841 998 884 πολλοὶ
1037 838 1184 895 μόρια.

500 909 575 949 Τι’
605 903 690 951 οὖν
719 910 824 961 οἴει,
856 910 890 952 ω’
925 907 1166 959 Γλαύκων,
1198 909 1238 951 εἴ
1264 923 1329 958 τις
1352 907 1494 961 ἔροιτο
1515 906 1697 959 αὐτοὺς,

315 905 459 962 λέγεις.

1239 837 1522 895 Ἀληθέστατα
1545 873 1555 889 ,
1592 839 1694 896 ἔφη,

307 976 361 1017 Ω,
393 973 666 1030 θαυμάσιοι,
707 977 805 1030 περὶ
841 980 981 1021 ποίων
1010 975 1212 1032 αριθμῶν
1242 974 1513 1030 διαλέγεσθε,
1553 975 1599 1019 ἐν
1630 972 1696 1026 οἷς

312 1042 361 1085 τὰ
388 1044 438 1086 ὲν
470 1039 569 1087 οἷον
608 1041 731 1100 ὑμεῖς
772 1044 940 1098 αξιοῦιέ
978 1046 1117 1097 ἐστιν,
1168 1046 1269 1088 ι’σον
1306 1060 1351 1088 τε
1396 1044 1580 1091 ἕκαστον
1607 1048 1696 1088 πᾶν

357 1192 446 1236 ποι]
481 1203 532 1235 πη
568 1192 659 1225 Μοιι.
695 1192 735 1225 Β.
779 1193 857 1226 Par.
895 1194 971 1228 DK.

310 1238 407 1273 Flor.
444 1238 485 1272 U.
517 1238 599 1271 editi
641 1242 719 1272 ante
759 1239 973 1296 Bekkerum3

310 1285 425 1329 quod,
459 1285 541 1329 quia
572 1284 666 1328 regio
702 1284 867 1321 adverbio
893 1267 973 1321 ἅνω

309 1331 487 1375 designata
519 1329 604 1364 satis
638 1335 731 1365 certa
756 1337 791 1365 et
815 1332 848 1366 in
873 1338 973 1367 ante-

311 1377 508 1410 cedentibus
525 1388 572 1410 se·
573 1377 733 1410 monibus
753 1377 892 1413 definita
911 1382 975 1421 est,

309 1422 411 1457 alicui
459 1423 639 1456 tenendum
685 1423 794 1457 videri
854 1425 974 1469 possit.

310 1469 381 1502 Sed
405 1469 484 1502 nihil
507 1469 641 1510 obstat,
670 1481 736 1514 quo
768 1469 878 1504 minus
909 1483 976 1505 ποι

309 1526 375 1548 ιιοιι
399 1515 442 1548 ad
466 1519 573 1548 totum
602 1511 702 1558 ἄνω,
739 1516 799 1549 sed
835 1517 878 1550 ad
903 1517 976 1551 eius

308 1566 441 1605 partem
468 1563 676 1599 referamus:
701 1562 736 1595 in
756 1564 902 1608 aliquem
919 1576 976 1597 su-

309 1608 455 1662 perieris
470 1609 626 1658 regionis
647 1610 767 1641 locum.

357 1649 533 1708 ου’δαμῆ]
563 1651 722 1708 ου’δαμή,
737 1654 835 1688 Vind.
860 1656 903 1688 F.

358 1696 657 1744 αποδεχόμενον]
698 1696 975 1745 ἀποδεχόμενος

310 1744 408 1778 Flor.
429 1746 474 1779 T.

433 1828 615 1850 xxxxx

309 1837 382 1870 ΑΟ
434 1849 533 1872 αυτο
559 1850 619 1872 επι
649 1836 972 1883 Ang.13.av'm¹1v

311 1879 372 1917 ἐπὶ
393 1880 440 1916 τοὶ
464 1884 553 1917 Flor.
580 1885 624 1918 T.

348 1925 484 1982 ἁπτα]
519 1927 608 1969 τούς
624 1927 672 1964 τοὶ
696 1930 793 1965 Vind.
816 1931 859 1964 Ε.
893 1928 971 1965 οἷπο

311 1987 357 2008 τα
390 1976 480 2008 Flor.
509 1976 582 2010 AC.
633 1973 692 2010 επὶ
725 1974 772 2010 τιὲ
807 1978 901 2012 Flor.
928 1977 973 2014 T.

312 2018 371 2055 ἐπὶ
392 2019 439 2054 τὰ
465 2019 564 2055 nime}
589 2023 674 2067 Aug.
700 2023 740 2056 B.

361 2156 573 2204 ἀριθμοὺς]
611 2157 780 2204 ἀριθμὸν
813 2160 906 2194 Μοιι.
934 2161 974 2194 Β.

314 2217 335 2240 a
367 2217 409 2239 m.
440 2217 467 2239 5.
524 2207 616 2247 Quid
648 2219 669 2240 a
699 2218 742 2242 m.
777 2219 823 2251 pr.
861 2207 977 2249 fuerit,

313 2263 380 2285 non
411 2251 531 2296 liquet
577 2253 618 2286 In
649 2265 691 2286 m.
725 2265 745 2287 a
779 2264 822 2286 m.
858 2265 886 2287 5.
920 2265 975 2298 γρ.

314 2296 384 2332 οὺσ
410 2298 523 2331 habet.

314 2341 658 2423 Fineo'ffwdpwog]
677 2348 756 2390 post
766 2341 979 2388 διαλέγηται

358 2401 407 2424 or.
463 2415 471 2423 .

361 2436 458 2490 που]
484 2447 547 2469 om.
574 2435 659 2470 Lob.
683 2437 764 2471 vat.
790 2437 839 2470 M.

360 2479 474 2526 τούς]
508 2482 622 2515 nescio
665 2483 758 2515 cuius
794 2494 910 2516 errore
943 2482 977 2516 in

314 2529 389 2563 Ast.
415 2540 467 2572 p.r
493 2531 528 2561 et
549 2538 618 2562 sec.
644 2528 782 2562 excidit.

362 2570 527 2615 δεινους,
554 2570 630 2616 ὥς]
668 2571 814 2614 δεινούς
833 2572 902 2608 δύο
926 2571 977 2614 αἶς

316 2620 395 2654 Par.
420 2622 458 2653 A.
497 2621 572 2653 Vat.
608 2621 649 2661 Β.
685 2621 770 2653 Ven.
805 2622 846 2654 C.
902 2621 978 2654 Hoc

318 2664 411 2708 δύο,
461 2665 554 2700 cuius
588 2678 651 2710 ego
682 2666 715 2699 in
759 2666 841 2700 ineis
882 2667 978 2700 libris

318 2712 442 2746 nullum
465 2712 642 2756 vestigium
665 2712 888 2756 deprehendi,
912 2725 978 2746 non

318 2758 446 2798 haben,
480 2758 569 2791 unde
605 2762 712 2791 ortum
751 2764 810 2791 aut
833 2770 898 2803 quo
925 2771 979 2792 re-

316 2803 494 2837 ferendum
517 2803 644 2845 dicam,
676 2804 741 2838 nisi
764 2806 853 2838 forte
877 2810 979 2838 notae

318 2849 462 2895 cuipiam
503 2861 640 2883 numero
675 2849 698 2894 β
737 2850 863 2892 sinisti,
911 2863 979 2896 qua

359 2065 524 2112 ἔχοντας]
551 2065 683 2113 ἔχοντα
706 2071 791 2113 Ang.
811 2069 853 2104 B.
878 2070 973 2103 Flor.

1032 1193 1182 1228 scholion
1226 1193 1261 1226 in
1292 1192 1371 1226 Par.
1397 1195 1436 1226 A.
1475 1192 1695 1238 adscriptum,

1030 1237 1121 1279 τούς
1139 1236 1421 1283 οἷριθμητικούς,
1447 1239 1490 1273 ad
1508 1240 1594 1273 hanc
1613 1251 1695 1273 eon—

1031 1292 1146 1320 textus
1171 1291 1303 1330 partem
1338 1292 1373 1319 et
1407 1286 1448 1319 ad
1474 1287 1579 1319 verba
1603 1297 1697 1325 τους

1032 1331 1116 1376 περὶ
1138 1331 1262 1365 ταῦτα
1289 1328 1437 1371 δεινους
1460 1336 1695 1374 revocaretur,

1032 1378 1193 1421 originem
1217 1377 1330 1411 debet.
1364 1378 1450 1411 'Nam
1476 1379 1541 1412 duo
1564 1382 1695 1411 tantum

1033 1423 1289 1465 arithmeticos,
1313 1424 1371 1469 qui
1395 1424 1528 1469 quidem
1552 1425 1616 1457 hoc
1634 1435 1695 1457 no-

1032 1470 1120 1504 mine
1143 1469 1239 1513 digni
1264 1476 1397 1511 essent,
1421 1481 1622 1515 quemqnam
1647 1469 1695 1503 si·—

1032 1517 1197 1560 gnificare
1230 1516 1376 1549 voluisse
1425 1516 1501 1560 quis
1549 1516 1695 1550 medat?

1031 1562 1230 1608 praesertim
1264 1574 1364 1607 quum
1396 1561 1444 1595 illi
1481 1562 1617 1596 codices
1651 1562 1695 1595 ab

1033 1608 1195 1642 eiusmodi
1232 1608 1444 1652 glossematis
1476 1608 1576 1641 liberi
1619 1619 1698 1641 esse

1032 1655 1183 1695 soleant3
1208 1654 1297 1700 quod
1325 1655 1435 1698 ipsum
1458 1654 1609 1699 impedit,
1628 1665 1695 1707 quo

1031 1701 1139 1734 minus
1163 1711 1204 1733 ex
1227 1701 1530 1744 interpretamento
1555 1700 1606 1739 εἰς
1625 1697 1695 1734 δύο

1033 1747 1075 1780 ad
1106 1758 1253 1790 sequens
1284 1746 1427 1788 τέμνειν
1460 1747 1616 1791 apposite
1639 1757 1696 1779 re-

1031 1792 1164 1826 siduum
1189 1792 1428 1825 existimemus.

1077 1838 1157 1894 τις]
1185 1850 1223 1871 τε
1248 1838 1340 1872 Μοιι.
1366 1839 1407 1873 Β.
1704 1834 1737 1874 Ε

1078 1881 1154 1917 ἄλλ’
1168 1885 1179 1928 ]
1205 1880 1297 1918 ἄλλα
1320 1884 1419 1918 Vind.
1446 1885 1488 1918 Ε.

1077 1930 1441 1974 πολλαπλασιοῦσιν]
1466 1927 1585 1964 πολλοι
1603 1931 1694 1964 πλα-

1032 1977 1173 2010 σιοῦσιν
1210 1977 1311 2009 idem.
1381 1976 1696 2011 πολυπλασιοῦσιν

1033 2023 1120 2057 Lob.
1155 2023 1186 2056 V
1188 2029 1234 2056 at.
1259 2023 1307 2058 M.

1079 2068 1205 2124 φανῇ]
1231 2067 1340 2123 φανῶ
1365 2068 1442 2102 Par.
1466 2068 1509 2102 K.

1077 2111 1126 2158 μή
1144 2112 1206 2158 ἓν,
1232 2111 1324 2148 ἄλλοέ
1342 2111 1473 2159 πολλα]
1493 2106 1585 2148 ἄλλα
1599 2114 1693 2148 Μοιι.

1032 2203 1325 2286 Ποῖειὲσιίισθα
1362 2206 1464 2240 Vind.
1501 2206 1546 2242 Ε.
1595 2201 1695 2240 οἷσθ’

1075 2264 1115 2286 οι·

1035 2295 1242 2378 ιοῖἷξωῗῗῗ
1248 2296 1371 2378 εσέἷῦ.]
1385 2295 1589 2400 ῗὲἑῗῗέἷέἓ
1608 2293 1763 2377 ἐεῗέιὸἓό

1197 2359 1214 2378 'd

1034 2391 1119 2426 ven.
1147 2391 1187 2425 C.
1215 2388 1393 2431 αξιοῦτε’
1382 2388 1479 2424 ε’στιν
1503 2390 1600 2424 Vind.
1619 2390 1696 2424 EF.

1082 2437 1186 2481 ἴσον]
1237 2434 1319 2470 ἶσόν
1360 2436 1444 2469 Lob.
1488 2448 1562 2469 cum
1595 2435 1696 2469 editis

1034 2486 1112 2516 ante
1135 2483 1340 2516 Bekkerum.
1388 2479 1467 2516 ἶσον
1491 2482 1583 2515 Mon.
1608 2482 1648 2515 Β.

1080 2526 1251 2583 σμικρὸν]
1280 2528 1417 2572 σμικρῶ
1441 2528 1540 2563 Vind.
1563 2528 1606 2561 Ε.

1081 2574 1288 2619 διαφέρον]
1323 2575 1515 2627 Stephanus
1547 2573 1693 2607 interro

1034 2621 1180 2666 gationis
1214 2626 1349 2662 notam,
1391 2620 1511 2665 reliqui
1544 2619 1694 2653 editores

1034 2679 1161 2702 comma
1185 2667 1390 2700 adiecerunt.

1078 2711 1213 2768 μυριόν
1232 2715 1293 2757 τε]
1318 2709 1455 2755 μόριόν
1474 2723 1511 2745 τι
1533 2711 1631 2744 Vind.
1651 2711 1695 2746 Ε.

1080 2755 1198 2804 ἄλλως
1217 2756 1276 2803 δ’]
1305 2756 1420 2797 ἄλλως
1443 2754 1482 2792 δε
1509 2757 1606 2791 Vind
1619 2758 1696 2791 EF.

1037 2799 1163 2884 votivi
1190 2818 1255 2840 om.
1282 2805 1380 2839 Vind.
1399 2805 1440 2838 Ε.
1468 2806 1504 2837 et
1527 2815 1548 2837 a
1573 2815 1618 2838 ιιι.
1642 2814 1694 2848 pr.

1067 2863 1108 2885 en
1146 2852 1184 2884 B.
