1807 3219
313 124 399 164 294
760 117 1236 162 l'LATONIS

314 248 354 275 τι
384 228 438 274 ἄν
482 228 659 284 ἐξαρκοῖ
687 231 950 285 γεωμετρίας
987 247 1032 274 τε
1073 231 1147 275 καὶ
1179 232 1403 287 λογισμῶν
1433 227 1613 285 μόριον·
1648 230 1696 274 τό

314 299 359 344 δὲ
390 297 502 342 πολύ
536 295 680 353 ,αὐτῆς
717 297 792 340 καὶ
830 297 1097 355 ποῤῥωτέρω
1133 298 1292 354 προϊὸν
1331 302 1589 342 σκοπεῖσθαι
1635 300 1702 342 δεῖ

316 370 356 412 εἴ
383 383 424 410 τι
453 364 564 421 πρὸς
595 365 736 408 ἐκεῖνο
775 366 926 420 τείνει,
968 367 1079 423 πρός
1108 366 1158 410 τό
1196 370 1340 409 ποιεῖν
1365 367 1558 409 κατιδεῖν
1589 366 1700 422 ῥᾷον

314 434 397 492 τήν
426 438 508 478 τοῦ
539 433 715 490 οἷγαθου
745 434 881 478 ἰδέαν.
912 436 1041 479 τείνει
1061 434 1132 487 δὲ,
1164 432 1333 514 φαμὲν,
1363 430 1504 476 πάντα
1528 433 1702 485 αὐτόσε,

313 503 399 548 ὅσα
429 501 662 559 ἀναγκάζει
698 501 846 559 ψυχὴν
885 503 944 554 εἷς
985 503 1151 546 ἐκεῖνον
1191 500 1270 545 τόν
1300 499 1439 545 τόπον
1470 501 1702 557 μεταστρέ-

313 575 498 627 φεσθαι,
528 569 576 613 ἐν
606 572 640 628 ᾠ
672 570 761 614 ἐστὶ
791 571 838 615 τὸ
871 569 1266 626 εὐδαιμονέστατον
1294 573 1374 613 τοῦ
1405 568 1553 621 ὄντος,
1583 568 1610 613 ὃ
1639 572 1707 614 δεῖ

314 637 454 695 αὐτήν
484 639 614 682 παντὶ
643 638 791 697 τρόπῳ
822 640 945 683 ἰδεῖν.
983 637 1178 693 Ὀρθῶς,
1201 637 1309 694 ε’φη,
1339 637 1485 694 λέγεις
1522 635 1704 682 Οὐκοῦν

312 708 350 751 εἰ
388 706 467 762 μὲν
510 704 671 750 οὐσίαν
708 705 946 763 ἀναγκάζει
985 705 1266 758 θεάσασθαι,

914 774 1066 830 Φαμὲν
1095 790 1143 831 γε
1178 773 1243 830 δή.

314 775 486 832 γένεσιν
498 807 509 827 ‚
541 773 595 818 οὐ
625 773 849 831 προσήκει.

1307 704 1542 762 προσήκει,
1585 707 1622 749 εί
1654 705 1701 750 δὲ

1294 773 1359 818 Οὐ
1390 775 1542 817 τοίνυν
1571 772 1704 817 τοῦτό

227 855 294 890 527
317 860 391 900 γε,
421 838 477 900 ἦν
508 841 555 910 δ’
585 841 691 899 ἐγώ,
734 842 1148 900 ἀμφισβητήσουσιν
1175 842 1281 900 ἡμῖν
1312 842 1410 887 ὅσοι
1437 842 1512 885 καὶ
1543 842 1703 899 σμικροὶ

314 1015 409 1048 modi
428 1018 493 1047 etc.
520 1011 574 1047 Cf.
593 1024 713 1068 snpra
716 1013 756 1047 L.
769 1013 830 1048 VI.
826 1026 885 1059 p.
896 1015 977 1048 501.

314 1064 355 1093 A.
380 1063 415 1093 et
437 1061 515 1094 509.
541 1060 582 1093 D.
605 1060 665 1093 ubi
690 1055 766 1093 αλλ’
791 1060 861 1094 οὐν
884 1061 979 1104 posi-

315 1112 384 1140 tum
411 1119 445 1139 es
441 1111 483 1147 t,
507 1117 583 1139 cum
606 1106 645 1139 L
674 1106 770 1139 VIII.
794 1119 828 1151 p.
840 1108 919 1140 544.
935 1109 976 1138 A.

316 1153 545 1197 et„Phaedon.
579 1163 612 1196 p.
641 1154 716 1186 100.
741 1153 783 1185 A.
817 1153 875 1185 ubi
901 1149 978 1197 ockjl'

317 1198 387 1233 οὐν
418 1197 462 1242 δὴ
500 1197 636 1242 legitur.
708 1198 760 1231 De
795 1195 878 1231 ἀλλ’
909 1197 979 1231 οὖν

314 1245 447 1278 omnino
449 1244 680 1297 probabiliter
690 1244 877 1288 disputavit
885 1245 980 1277 Hoo-

314 1292 499 1335 geveenius
539 1291 647 1323 doctr.
695 1293 785 1335 pait.
830 1291 879 1323 Ca
862 1302 915 1335 ...p
950 1290 978 1323 I.

313 1340 399 1371 sect.
433 1337 492 1370 XI.
525 1336 586 1370 sed
618 1336 686 1370 vim
715 1336 906 1382 particulae
930 1334 976 1379 δὴ

316 1395 381 1417 non
408 1383 568 1427 respexit.

363 1426 433 1472 τὰ]
467 1442 532 1462 om.
561 1428 646 1463 Lob.
672 1428 752 1461 Vat.
778 1428 820 1461 B.

363 1461 506 1520 βραχύ]
544 1474 606 1508 καὶ
632 1471 752 1519 βραχύ
777 1473 878 1508 Vind.
904 1473 978 1507 EF.

318 1522 403 1555 Ven.
429 1521 465 1553 Β.
501 1521 585 1564 Ang.
613 1521 654 1554 Β.
689 1521 766 1553 Vat
795 1520 843 1553 M.
869 1520 983 1563 (Flor.

318 1567 545 1611 ACRTUV.)
569 1566 644 1600 Ald.
678 1567 758 1600 Bas.
783 1567 838 1599 ab.
863 1566 984 1610 Steph.

318 1617 393 1647 Ast.
429 1612 619 1646 tacentibus
645 1612 722 1656 Bip.
771 1612 833 1653 ld,
867 1612 896 1645 si
921 1622 984 1656 per

319 1659 453 1693 codices
478 1659 623 1700 liceret,
670 1658 854 1692 tenendum
876 1658 985 1691 fuisse

319 1705 578 1739 Stallbaumium
602 1716 667 1738 non
692 1704 793 1748 fugit.

366 1748 536 1795 ἐξαρκοῖ]
563 1747 707 1794 ἐξαρκεῖ
728 1750 829 1786 Vind.
854 1749 894 1783 F.

365 1819 566 1864 λογισμῶν]
598 1820 655 1853 Ita
677 1820 758 1853 Par.
782 1818 890 1852 ADK.
914 1829 983 1853 sec.

319 1866 429 1900 Bekk.
466 1866 550 1899 Lob.
585 1866 679 1899 Mon.
717 1866 758 1900 Β.
795 1867 873 1900 Vat.
903 1864 982 1898 ΒΜ.

319 1912 413 1946 Flor.
441 1912 518 1945 UV.
567 1909 742 1955 λογισμὸν
776 1912 862 1946 Ven.
897 1911 937 1944 C.
963 1922 985 1944 a

319 1958 654 2038 21111[11.Βλογισίι)ιοῦ5
657 1957 886 2037 trelilquiAliZJri
904 1968 984 2036 §iun

466 2015 502 2037 as
540 2016 560 2038 a
674 2016 691 2037 e
814 2015 829 2036 s
932 2014 985 2036 ln-

318 2050 430 2096 gulari
478 2061 558 2084 usus
605 2053 658 2084 est
692 2016 801 2083 pPlato
835 2049 983 2082 Phaedr-

321 2108 399 2152 p’ag.
416 2097 494 2131 274.
522 2097 573 2130 C.
606 2095 744 2130 τοῦτον
771 2094 811 2129 δὲ
832 2095 983 2149 πρῶτον

322 2140 489 2186 ἀριθμόν
509 2154 547 2176 τε
577 2140 640 2176 καὶ
665 2140 840 2197 λογισμὸν
859 2137 983 2198 εὑρεῖν

319 2188 382 2222 καὶ
402 2188 624 2232 γεωμετρίαν
638 2187 701 2221 καὶ
717 2185 981 2244 ἀστρονομίαν.

321 2235 515 2291 Eutbyphr.
542 2247 574 2279 p.
602 2236 634 2269 7.
660 2235 705 2267 ss:
731 2231 792 2267 ἐπὶ
810 2231 985 2288 λογισμὸν

323 2278 496 2320 ἐλθόντες
523 2281 609 2336 περί
635 2292 673 2324 γε
703 2280 777 2314 τῶν
801 2290 986 2314 τοιοντων

321 2324 413 2370 ταχὺ
449 2322 497 2360 ἂν
532 2323 813 2370 οἷπαλλαγεῖμεν.
859 2325 987 2360 Plurali

319 2384 425 2429 supra
449 2373 488 2406 L.
514 2373 574 2406 VI.
599 2385 634 2417 p.
659 2373 738 2407 510.
766 2372 815 2406 C:
841 2369 985 2427 οἱπερὶ

319 2417 387 2458 τὰς
405 2418 626 2462 γεωμετρίας
648 2430 687 2452 τε
706 2417 769 2452 καὶ
792 2415 987 2472 λογισμους

318 2477 381 2499 και
400 2477 446 2498 τα
460 2465 621 2499 τοιαῦτα
631 2461 985 2521 πραγματευόμενοι.

319 2514 356 2544 et
379 2512 478 2544 huius
501 2511 578 2544 libri
605 2523 651 2566 p.
665 2512 744 2546 525.
771 2511 823 2544 C:
848 2507 985 2564 ῥηθέν-

320 2568 383 2596 τος
398 2557 465 2591 τοῦ
488 2556 573 2601 περὶ
589 2554 680 2596 τοὺς
702 2552 898 2600 λογισμους
918 2566 986 2599 μα

320 2600 500 2660 θήματος.
527 2606 562 2636 et
591 2615 626 2648 p.
652 2604 730 2638 536.
757 2603 809 2636 D:
844 2601 890 2636 τὰ
922 2600 988 2645 μὲν

320 2649 448 2683 τοίνυν
484 2649 665 2704 λογισμῶν
698 2659 737 2682 τε
765 2647 829 2682 καὶ
857 2659 987 2692 γεωμε-

321 2695 434 2738 τριῶν
463 2695 526 2729 noel.
553 2693 676 2738 πάσης
714 2695 783 2739 τῆς
829 2706 988 2739 προπαι-

322 2741 438 2780 δείας.
491 2741 573 2776 item
630 2741 820 2787 Xenophon
886 2741 989 2775 Mem.

326 2785 363 2821 1..
391 2786 476 2821 1111.
514 2799 544 2822 c.
557 2790 592 2824 7.
630 2789 667 2830 §-
697 2789 740 2822 8:
786 2783 926 2823 ἐκέλευε
950 2785 990 2822 δὲ

1034 1014 1098 1047 καὶ
1127 1012 1325 1058 λογισμοὺς
1358 1011 1579 1056 μανθάνειν.
1604 1024 1704 1058 quem

1034 1060 1144 1094 locum
1179 1059 1407 1093 Schneiderus
1439 1059 1474 1092 in
1506 1060 1614 1093 lexico
1649 1072 1704 1092 re·

1036 1107 1146 1150 etius,
1180 1118 1281 1151 quain
1311 1106 1347 1138 in
1381 1106 1492 1138 indice
1528 1105 1605 1141 libri
1630 1107 1700 1140 Xe—

1036 1152 1219 1198 nophontei
1241 1153 1489 1196 interpretatus
1514 1155 1577 1186 est.

1082 1219 1151 1266 τὸ]
1188 1233 1230 1264 τ,
1255 1232 1330 1266 sup.
1356 1219 1419 1266 οὶ,
1452 1220 1551 1256 Vind.
1579 1220 1619 1254 F.
1656 1219 1702 1254 τὰ

1036 1268 1133 1302 Flor.
1158 1267 1233 1301 AC.

1082 1312 1232 1357 προϊὸν]
1246 1323 1404 1369 προσιον
1415 1313 1495 1345 Par
1509 1315 1550 1346 A.
1562 1310 1707 1357 προϊών

1037 1371 1114 1394 cum
1139 1372 1157 1393 ο
1183 1371 1285 1415 super
1310 1357 1337 1392 ὠ
1366 1359 1466 1392 Vind.
1494 1359 1536 1393 F.

1084 1403 1227 1451 ἐκεῖνο]
1264 1402 1412 1440 ἐκείνων
1447 1405 1526 1439 Par.
1551 1405 1595 1438 Κ.
1634 1416 1702 1440 sec.
1718 1406 1752 1446 E

1038 1451 1198 1532 ΒίΙ’ίτείνει
1223 1493 1288 1541 δε]
1315 1496 1447 1530 τείνειν
1477 1493 1516 1530 δε
1542 1497 1640 1530 Vind.
1665 1497 1709 1531 E.

1041 1545 1136 1579 Mon.
1161 1544 1200 1578 B.
1225 1544 1305 1577 Pal.
1316 1544 1360 1576 K.
1388 1554 1457 1577 sec.
1481 1543 1591 1578 Bekk.
1613 1543 1709 1577 Flor.

1041 1591 1239 1680 Βἕν’τόσε]
1267 1631 1366 1669 αὐτοὶ
1390 1646 1428 1668 τε
1452 1634 1554 1670 Vind.
1573 1634 1618 1671 E.
1642 1647 1709 1671 om.

1041 1683 1133 1718 Flor.
1156 1682 1234 1715 UV.

1087 1726 1187 1772 ἐστὶ]
1231 1725 1306 1762 ἔστι
1348 1727 1422 1761 Ast.
1455 1729 1535 1760 tert.
1583 1727 1706 1762 Stallb.

1040 1786 1135 1865 sec‘ti]
1169 1832 1214 1854 ου
1247 1820 1325 1854 Par.
1351 1820 1394 1854 A.
1428 1818 1520 1864 quod
1549 1818 1708 1853 vitiosum

1040 1871 1118 1909 est,
1124 1867 1223 1922 quia
1246 1865 1425 1900 relativum
1449 1865 1492 1899 ad
1516 1863 1558 1900 τὸ
1581 1861 1705 1900 εὔδαι-

1039 1911 1268 1957 μονέστατον
1292 1912 1452 1958 pertinet.

1088 1979 1224 2027 λέγεις]
1250 1994 1316 2015 om.
1341 1981 1428 2014 Lob.
1454 1981 1546 2014 Mon.
1559 1980 1599 2014 B.
1625 1980 1706 2013 Vat.

1041 2029 1121 2062 ΒΜ.
1143 2029 1223 2063 Par.
1248 2027 1325 2061 DK.
1358 2030 1394 2061 et
1425 2039 1446 2061 a
1469 2038 1513 2059 m.
1541 2037 1593 2071 pr.
1618 2026 1704 2060 Ven.

1087 2120 1124 2154 εἰ
1150 2116 1191 2153 δὲ
1222 2116 1388 2164 γένεσιν,
1425 2114 1471 2152 οὗ
1501 2115 1704 2162 προσήκει]

1041 2179 1108 2202 om.
1135 2167 1221 2210 Ang.
1248 2167 1288 2200 B.

1087 2211 1202 2247 τοῦτό
1224 2213 1284 2256 γε]
1322 2221 1361 2256 γε
1395 2223 1459 2246 om.
1496 2210 1595 2246 Vind.
1631 2210 1705 2244 EF.

1044 2258 1129 2293 Ven.
1153 2260 1195 2293 B.
1219 2263 1305 2303 Ang.
1331 2259 1372 2291 B.

1090 2325 1485 2407 φασί-11161111]
1509 2322 1776 2406 ἔαξεν-527

1042 2384 1380 2474 τοὲμῗίῖρὰῗιμικρα
1404 2381 1647 2453 viiid.³1⁴4F.⁰

1088 2464 1231 2521 λόγοις]
1258 2478 1323 2500 om
1349 2466 1434 2498 Ven.
1458 2466 1499 2499 Β.

1090 2509 1183 2556 υπὸ]
1209 2514 1287 2551 τοῖς
1306 2508 1384 2546 υπὸ
1414 2510 1511 2552 Vind.
1520 2511 1593 2546 EF.
1619 2513 1705 2557 Ang.

1044 2559 1084 2595 B.
1076 2559 1203 2648 ’μιίὲἳοῇ
1225 2558 1384 2647 ἓξὲεἷα
1407 2602 1506 2636 iidem
1531 2601 1707 2647 (μαλιστά

1047 2651 1147 2685 Vind.
1172 2651 1236 2694 Ε.)
1263 2654 1299 2683 et
1323 2650 1407 2683 Ven.
1432 2650 1473 2682 B.

1047 2741 1090 2776 F
1081 2694 1304 2778 οἷναζζιαιὲος
1316 2696 1453 2777 ]V‹}uasi
1477 2696 1590 2777 οὲῗὸτί
1598 2709 1710 2776 1{nep—e

1050 2755 1127 2825 5113.
1162 2790 1202 2823 A.
1238 2789 1334 2823 cuius
1376 2753 1458 2822 ioci'
1485 2789 1708 2824 consideratio
