1807 3219
465 107 803 154 CIVITAS
847 111 968 154 LlB.
998 112 1054 154 V.
1083 115 1150 152 472

1430 115 1514 157 1⁰3

131 217 590 279 oim’jfidvfit‘iomehw,
616 218 714 266 οἷόν
744 223 836 267 ἐστι
865 221 1144 278 δικαιοσύνη,
1164 217 1258 278 ’ἆρα
1285 225 1361 267 καὶ
1375 223 1517 280 ἄνδρα

128 286 211 331 τόν
237 289 410 334 δίκαιον
439 287 681 345 ἀξιώσομεν
715 291 851 349 μηδὲν
881 295 972 336 δεῖν
1003 289 1139 347 αὐτῆς
1167 291 1333 350 ἐκείνης
1360 293 1516 345 διαφέ-

131 372 246 412 ρειν,
300 355 413 401 ἄλλοι
447 361 645 415 ’πανταχῆ
682 363 885 404 τοιοῦτον
933 358 1067 412 εἶναι,
1117 357 1215 403 οἷον
1256 359 1514 416 δικαιοσύνη
1546 358 1578 400 C

131 425 270 477 ἐστίν,-

329 424 360 482 ἢ
392 425 699 483 ἀγαπήσομεν,
745 428 826 473 ἐοὶν
865 428 933 473 ὅτι
969 426 1181 485 ἐγγύτατα
1221 428 1358 486 αὐτῆς
1385 425 1412 488 ᾖ
1443 430 1518 474 καὶ

129 498 311 538 πλεῖστα
336 499 428 538 τῶν
456 493 602 539 ἄλλων
631 496 796 554 ἐκείνης
826 498 1001 555 μετέχῃς
1047 494 1228 548 Οὕτως,
1260 498 1365 554 ἔφη·
1407 497 1518 553 ἄγα-

129 563 371 620 πήόομεν.-’
397 565 756 620 Παραδείγματος
795 564 884 619 ἄρα
924 566 1077 617 ἕνεκα,
1120 560 1178 622 ἦν
1199 563 1251 609 ’δ’
1283 566 1389 622 ἐγώ,
1425 566 1518 624 ἐζη-

129 635 294 687 τοῦμεν
325 629 434 676 αὐτό
471 649 517 677 τε
551 631 841 690 δικαιοσύνην
880 632 977 678 οἷόν
1014 634 1126 685 ἐστι,
1165 633 1237 677 καὶ
1270 631 1412 688 ἄνδρα
1440 634 1520 678 τόν

130 701 282 751 τελέως
312 701 508 751 δίκαιον,
550 703 587 745 εἰ
614 701 811 758 γένοιτο,
852 703 926 746 καὶ
955 699 1050 753 οἷος
1081 701 1138 745 ἂν
1174 703 1240 758 εἴη
1269 701 1519 758 γενόμενος,

129 770 202 814 καὶ
236 766 413 813 ἀδικίαν
450 766 510 814 αὖ
551 770 626 814 καὶ
666 769 746 814 τὸν
786 768 1081 820 ἀδικώτατον,

126 919 213 954 ferri
234 919 332 953 iubet
354 920 464 965 Gorg.
488 918 568 956 448.
580 920 621 955 B.
646 919 726 955 497.
746 920 790 954 E.

129 969 166 1000 et
189 965 324 999 Chai-m
347 965 425 1001 164.
431 931 489 1000 ἐμὲ
515 978 601 1012 quos
624 967 719 1011 ipsos
743 966 793 1000 lo—

129 1023 187 1047 cos
219 1011 439 1046 Heindorfius
471 1024 547 1046 cmn
577 1013 642 1046 hoc
673 1016 791 1046 nostro

119 1061 388 1144 {omparaverat
410 1062 446 1138 eg
461 1070 524 1139 pgr
545 1059 682 1141 elllipsi3n
692 1059 793 1140 ζει-Ξῖ

152 1115 318 1149 ιαφερει,
354 1116 421 1150 qno
509 1117 544 1139 1v
670 1112 690 1139 4

125 1151 656 1231 ΞᾎΕὲξ“ἓοὲἶῖἓῗέι“ἰέχῗέἓᾶἧ.
682 1151 794 1231 offii-

125 1243 257 1277 midae
271 1243 305 1288 §.
328 1242 387 1278 25.
434 1243 540 1286 Mihi,
572 1244 792 1289 quemadmo-

127 1290 208 1323 dum
237 1289 273 1324 in
305 1288 342 1323 τί
366 1297 432 1333 μὀι
458 1289 573 1323 τοῦτο
604 1290 794 1324 Schaefero

127 1335 172 1369 ad
204 1335 323 1370 Lamb.
359 1335 499 1369 Bosium
531 1348 555 1381 p
559 1347 612 1380 a.g
638 1337 718 1371 598.
745 1340 793 1378 et,

126 1393 228 1436 quenl
269 1382 318 1415 is
337 1380 517 1424 laudavit,
541 1382 794 1421 Valckenario,

125 1428 176 1462 ita
207 1428 242 1462 in
275 1429 341 1462 h'ac
375 1428 524 1462 dictione
558 1432 594 1462 et
624 1429 658 1462 in
693 1429 796 1464 simili

126 1475 164 1509 τί
183 1474 319 1515 τοῦτο;
343 1474 448 1519 Hipp.
474 1474 553 1509 mai.
586 1487 620 1520 p.
645 1476 725 1510 293.
753 1476 792 1509 A.

124 1522 266 1555 verbum
298 1520 547 1555 substantivum
587 1522 794 1556 subaudien—

125 1567 205 1601 dum
227 1567 382 1601 videtur.
407 1568 491 1611 quid
506 1569 569 1601 hoc
588 1568 666 1602 est?
692 1580 795 1614 quam

124 1615 195 1647 vim
214 1613 357 1648 habet?
379 1613 462 1658 quid
489 1614 554 1648 sibi
582 1614 689 1649 vult?
720 1614 796 1648 Ne-

125 1664 193 1705 que
223 1667 306 1693 vero
349 1670 503 1693 caussam
537 1660 659 1702 video,
706 1671 795 1706 quae

122 1717 162 1786 τε
183 1701 608 1796 {iffixsszffssffiffazff
619 1718 794 1798 {22:35ss

124 1798 222 1855 aliis,
247 1810 277 1832 e.
302 1809 340 1854 g..
363 1798 498 1855 ΗίΡΡ.
493 1799 572 1832 mai.
596 1810 631 1843 Ρ.
651 1801 732 1834 289.
741 1798 791 1832 B:

123 1844 182 1900 τίς
212 1842 284 1899 γὰρ
317 1856 365 1877 αν
393 1843 565 1878 αντείποι
591 1842 714 1890 τούτῳ
740 1855 791 1888 γε,

123 1904 153 1925 ω
184 1888 408 1946 Σώκρατες,-
450 1890 546 1924 Crat.
571 1903 606 1936 Ρ.
630 1893 712 1926 388.
736 1891 791 1925 1)·

125 1934 215 1972 οὐδὲ
247 1934 363 1971 τοῦτό
396 1933 428 1981 γ’
460 1933 551 1980 ἔχεις
582 1937 700 1971 εἰπεῖν
722 1956 770 1962 —-

123 1982 578 2065 ἣὲθῖθὲἑὲἒῗῑιῗῖοέἶὲἓῖ
603 1984 791 2064 3333&ss

121 2077 247 2121 Itaque
268 2088 335 2110 non
359 2087 426 2120 quo
450 2075 587 2120 linguae
609 2088 687 2110 usiu
707 2087 791 2121 par-

123 2122 228 2156 ticula
259 2124 448 2167 repugnet,
482 2122 703 2156 omittendam
725 2134 792 2167 pu-

123 2171 183 2210 to,
216 2168 277 2202 sed
310 2169 399 2214 quod
428 2168 564 2202 minime
597 2169 792 2203 necessaria

124 2215 158 2249 h.
178 2214 200 2248 l.
220 2217 256 2248 et
277 2215 378 2248 unius
399 2215 479 2248 libri
503 2216 710 2249 auctoritate
727 2226 791 2260 pa—

123 2272 200 2295 rum
230 2263 307 2294 tuta
340 2263 413 2302 est,
453 2262 659 2314 praesertim
689 2272 793 2307 quum

123 2307 167 2341 L.
190 2306 256 2340 III.
293 2317 328 2351 p.
354 2286 435 2341 39’5.
471 2307 511 2340 A.
545 2306 649 2341 etiam
681 2308 793 2341 minus

123 2352 380 2405 probabiliter
370 2364 406 2387 ln
429 2353 548 2386 eodem
571 2354 688 2388 codice
707 2354 794 2388 item

123 2411 190 2434 uno
215 2398 332 2433 addita
353 2398 500 2444 legatur.
550 2399 605 2434 Cf.
631 2400 673 2434 L.
695 2400 792 2434 Vm.

123 2458 157 2493 p.
183 2446 262 2481 554.
287 2445 330 2479 Β.

170 2513 265 2560 ἔστι]
293 2526 358 2549 om.
382 2514 469 2548 Lob.
494 2514 596 2550 Vind.
615 2514 689 2549 BD.
709 2515 790 2552 Vat.

122 2563 204 2598 BM.
229 2559 305 2596 ἔστι
330 2561 432 2595 Vind.
456 2561 497 2595 F.

172 2624 261 2676 ἆρα]
287 2625 364 2674 ἄρα
387 2629 472 2664 Lob.
494 2629 678 2665 Vind.BF.
696 2630 800 2664 Flor.

125 2677 298 2712 ACRTV.
333 2676 409 2710 Ald.
445 2677 525 2710 Bas.
553 2678 609 2712 ab.
642 2679 678 2711 et
699 2689 720 2713 a
743 2688 787 2710 m.

125 2736 177 2770 pr.
203 2723 300 2758 Vind.
326 2723 368 2758 D.
393 2722 487 2757 Mon.
514 2723 552 2758 B.

172 2793 272 2838 δεῖν]
300 2805 365 2828 om.
392 2793 472 2827 Par.
499 2792 542 2826 K.

1137 772 1211 814 ἵνα
1241 772 1299 823 εἰς
1328 770 1522 822 ἐκείνους

898 920 1104 966 τοιοῦτον]
1145 920 1299 966 τοιοῦτο
1332 920 1407 955 Ald.
1441 921 1521 955 Bas.

851 967 1144 1057 ὃῦδικαιοσύνη]
1188 1008 1211 1057 ἡ
1241 1012 1311 1048 δικ.
1353 1012 1444 1047 Flor.
1476 1012 1522 1047 T.

850 1060 928 1105 ipsa
957 1061 1096 1094 iustitia
1124 1059 1198 1093 Fic.

898 1125 1113 1172 ἐφγῦτατα]
1162 1130 1244 1172 post
1276 1122 1398 1171 αὐτῆς
1428 1125 1516 1160 Lob.
1550 1134 1582 1176 C

850 1175 949 1209 Vind.
976 1175 1047 1208 BD.
1075 1175 1154 1208 Vat.
1179 1173 1228 1207 Μ.

895 1218 1050 1277 μετέχῃ]
1078 1218 1223 1263 μετέχοι
1249 1219 1334 1254 Lob.
1360 1218 1462 1254 Vind.
1479 1219 1520 1253 B.

897 1265 968 1311 ἔφη
982 1268 1005 1311 ·]
1026 1267 1196 1303 Maiorem
1215 1266 1521 1311 interpunctionem

849 1314 1031 1394 ῗιῗιιῖξῗὲῗ
1048 1313 1178 1393 ,ξ’ἕέἓῗ
1182 1312 1442 1393 ..ἶὲιῗΐωώιιε
1463 1315 1524 1346 ³¹¹⁸

899 1426 1114 1472 ἐζητοῦμεν]
1127 1427 1308 1472 ζητοῦμεν
1320 1426 1404 1460 Lob.
1418 1426 1519 1460 Vind.

851 1475 956 1508 BDF.
981 1475 1148 1508 Vat.BM.
1175 1475 1261 1508 Ven.
1278 1475 1318 1507 C.
1345 1474 1424 1506 Par.
1444 1473 1521 1506 DK.

852 1532 920 1555 sec.
946 1521 1056 1556 Bekk.
1080 1522 1170 1566 Ang
1187 1521 1227 1554 Β.
1254 1521 1348 1554 Mon.
1361 1520 1402 1554 B.
1426 1519 1520 1553 Flor.

895 1610 1020 1669 αὐτό]
1068 1613 1122 1647 Ita
1152 1612 1247 1647 Mon.
1271 1613 1312 1646 Β.
1341 1623 1362 1646 a
1400 1623 1444 1645 m.
1468 1622 1520 1657 pr.

854 1656 978 1704 αὐτήν
1002 1671 1022 1692 a
1050 1671 1093 1692 m.
1121 1670 1148 1692 s.

899 1703 1169 1750 δικαιοσύνην]
1199 1701 1416 1748 δικαιοσύνη
1440 1703 1509 1738 Par

849 1752 896 1786 K.
920 1764 988 1785 sec.
1014 1752 1124 1785 Bekk.

898 1796 984 1833 οἷόν
1006 1796 1106 1842 ἐστι]
1134 1794 1230 1832 εἶναι
1255 1796 1356 1831 Vind.
1383 1796 1426 1830 D.

896 1863 1049 1911 τελέως]
1099 1867 1140 1900 Id
1165 1876 1208 1902 ex
1233 1867 1313 1901 Par.
1339 1866 1378 1899 A.
1416 1865 1515 1899 Vind.

849 1914 923 1948 EF.
976 1915 1064 1957 Aug.
1110 1914 1151 1947 B.
1201 1914 1284 1947 vat.
1325 1912 1369 1946 H.
1424 1912 1520 1945 Flor.

847 1960 1021 1994 ACRTV.
1058 1959 1221 2002 accessit,
1254 1960 1288 1993 in
1320 1957 1461 2003 reliquis
1485 1961 1521 1991 et

847 2007 884 2040 in
909 2006 1114 2040 editionibus
1138 2010 1219 2040 ante
1238 2006 1435 2040 Bekkerum
1458 2004 1519 2038 de-

848 2056 911 2087 est.

895 2098 930 2132 εἰ
948 2097 1116 2153 γένοιτο]
1149 2096 1330 2132 Bekkerus
1363 2108 1406 2130 ex
1437 2105 1518 2130 con-

845 2146 980 2180 iectura
1001 2144 1024 2190 ᾑ
1044 2142 1189 2188 γένοιτο
1211 2144 1350 2188 scripsit
1367 2143 1518 2177 Astium-

847 2204 914 2237 que
946 2192 982 2225 in
1014 2194 1094 2224 tert.
1120 2194 1156 2224 et
1178 2190 1439 2224 Stalibaumium
1462 2201 1518 2223 as-

848 2238 958 2272 saclas
992 2240 1114 2271 nactus
1150 2240 1213 2270 est.
1261 2236 1411 2278 Nescio,
1434 2236 1518 2281 quid

847 2284 883 2319 in
913 2284 1055 2329 vulgata
1083 2283 1232 2317 omnium
1271 2282 1434 2316 librorum
1466 2282 1517 2316 le-

849 2331 962 2365 ctione
995 2340 1054 2364 eos
1085 2329 1410 2373 offenderit‚q11ae
1433 2329 1517 2363 mihi

848 2388 915 2411 non
947 2376 1161 2410 sollicitanda
1192 2375 1339 2409 videtur.
1396 2374 1517 2408 Virum

847 2423 1003 2468 perfecte
1025 2423 1152 2457 iustum
1168 2420 1355 2466 quaesituri
1373 2433 1416 2455 ea
1434 2433 1517 2455 con-

848 2470 984 2504 ditione
1011 2480 1084 2502 rem
1111 2470 1354 2512 susceperant,
1384 2468 1416 2502 si
1438 2467 1516 2502 fieri

849 2519 886 2549 et
919 2515 1086 2549 exsistere
1116 2514 1195 2548 talis
1229 2516 1357 2558 posset.
1425 2513 1516 2554 Quis

846 2562 936 2596 enim
956 2564 1113 2606 quaerat,
1131 2560 1223 2604 quod
1240 2571 1316 2593 esse
1331 2571 1397 2593 non
1412 2571 1516 2605 posse

845 2608 1009 2642 statuat?
1054 2607 1179 2639 Utrum
1210 2609 1306 2639 recte
1337 2617 1382 2639 an
1414 2617 1515 2640 secus

845 2654 928 2688 illud
951 2656 1135 2698 ponerent,
1178 2654 1251 2685 tum
1281 2651 1418 2698 quidem
1448 2664 1513 2697 pa-

846 2711 923 2734 rum
946 2701 1162 2733 curaverant.
1195 2698 1266 2732 Sed
1291 2711 1360 2754 qua
1375 2700 1514 2733 rationo

846 2746 900 2780 vir
921 2745 1032 2780 iustus
1054 2745 1272 2788 efficeretur,
1304 2739 1331 2790 ’ᾖ
1354 2742 1511 2789 γένοιτο,

847 2803 913 2826 non
937 2793 1190 2838 quaesiverant.
