<?xml version="1.0" encoding="UTF-8"?>
<!DOCTYPE html PUBLIC "-//W3C//DTD XHTML 1.0 Transitional//EN"
    "http://www.w3.org/TR/xhtml1/DTD/xhtml1-transitional.dtd">
<html xmlns="http://www.w3.org/1999/xhtml" xml:lang="en" lang="en">
 <head>
  <title>
</title>
<meta http-equiv="Content-Type" content="text/html;charset=utf-8" />
  <meta name='ocr-system' content='tesseract 3.04.00' />
  <meta name='ocr-capabilities' content='ocr_page ocr_carea ocr_par ocr_line ocrx_word'/>
</head>
<body>
  <div class='ocr_page' id='page_1' title='image "./operagraecerecen02platuoft_0320.png"; bbox 0 0 1807 3219; ppageno 0'>
   <div class='ocr_carea' id='block_1_1' title="bbox 354 171 438 212">
    <p class='ocr_par' dir='ltr' id='par_1_1' title="bbox 354 171 438 212">
     <span class='ocr_line' id='line_1_1' title="bbox 354 171 438 212; baseline 0 0"><span class='ocrx_word' id='word_1_1' title='bbox 354 171 438 212; x_wconf 74' lang='lat'><strong>258</strong></span> 
     </span>
    </p>
   </div>
   <div class='ocr_carea' id='block_1_2' title="bbox 813 169 1292 213">
    <p class='ocr_par' dir='ltr' id='par_1_2' title="bbox 813 169 1292 213">
     <span class='ocr_line' id='line_1_2' title="bbox 813 169 1292 213; baseline -0.006 -1"><span class='ocrx_word' id='word_1_2' title='bbox 813 169 1292 213; x_wconf 82' lang='lat' dir='ltr'><strong>I’LATONIS</strong></span> 
     </span>
    </p>
   </div>
   <div class='ocr_carea' id='block_1_3' title="bbox 300 276 1736 340">
    <p class='ocr_par' dir='ltr' id='par_1_3' title="bbox 300 276 1736 340">
     <span class='ocr_line' id='line_1_3' title="bbox 300 276 1736 340; baseline 0.001 -16"><span class='ocrx_word' id='word_1_3' title='bbox 300 288 332 330; x_wconf 84' lang='lat' dir='ltr'>E</span> <span class='ocrx_word' id='word_1_4' title='bbox 358 281 432 324; x_wconf 87' lang='grc' dir='ltr'><strong>καὶ</strong></span> <span class='ocrx_word' id='word_1_5' title='bbox 465 281 639 333; x_wconf 82' lang='grc' dir='ltr'><strong><em>ἐκείνως</em></strong></span> <span class='ocrx_word' id='word_1_6' title='bbox 673 285 777 340; x_wconf 84' lang='grc' dir='ltr'><strong><em>ζῇν;</em></strong></span> <span class='ocrx_word' id='word_1_7' title='bbox 826 282 1002 335; x_wconf 81' lang='grc' dir='ltr'><strong><em>Οὕτως,</em></strong></span> <span class='ocrx_word' id='word_1_8' title='bbox 1042 281 1148 339; x_wconf 74' lang='grc' dir='ltr'><strong><em>ἔφη,</em></strong></span> <span class='ocrx_word' id='word_1_9' title='bbox 1181 280 1312 336; x_wconf 74' lang='grc' dir='ltr'><strong><em>ἔγωγε</em></strong></span> <span class='ocrx_word' id='word_1_10' title='bbox 1340 276 1483 334; x_wconf 82' lang='grc' dir='ltr'><strong><em>οἶμαι,</em></strong></span> <span class='ocrx_word' id='word_1_11' title='bbox 1513 283 1603 322; x_wconf 87' lang='grc' dir='ltr'><strong>πᾶν</strong></span> <span class='ocrx_word' id='word_1_12' title='bbox 1629 284 1736 337; x_wconf 84' lang='grc' dir='ltr'><strong><em>μᾶλ-</em></strong></span> 
     </span>
    </p>
   </div>
   <div class='ocr_carea' id='block_1_4' title="bbox 358 347 1462 405">
    <p class='ocr_par' dir='ltr' id='par_1_4' title="bbox 358 347 1462 405">
     <span class='ocr_line' id='line_1_4' title="bbox 358 347 1462 405; baseline -0.002 -13"><span class='ocrx_word' id='word_1_13' title='bbox 358 353 439 392; x_wconf 89' lang='grc' dir='ltr'><strong>λον</strong></span> <span class='ocrx_word' id='word_1_14' title='bbox 468 351 738 394; x_wconf 80' lang='grc' dir='ltr'>πεπονθέναι</span> <span class='ocrx_word' id='word_1_15' title='bbox 768 349 824 394; x_wconf 78' lang='grc' dir='ltr'><strong>ἂν</strong></span> <span class='ocrx_word' id='word_1_16' title='bbox 855 348 1142 405; x_wconf 36' lang='grc' dir='ltr'><strong><em>δέξασθαι,,ἠ“</em></strong></span> <span class='ocrx_word' id='word_1_17' title='bbox 1173 352 1250 405; x_wconf 83' lang='grc' dir='ltr'><strong>ζῇν</strong></span> <span class='ocrx_word' id='word_1_18' title='bbox 1279 347 1462 398; x_wconf 78' lang='grc' dir='ltr'><strong>ἐκείνως.</strong></span> 
     </span>
    </p>
   </div>
   <div class='ocr_carea' id='block_1_5' title="bbox 1520 348 1738 393">
    <p class='ocr_par' dir='ltr' id='par_1_5' title="bbox 1520 348 1738 393">
     <span class='ocr_line' id='line_1_5' title="bbox 1520 348 1738 393; baseline 0.014 -3"><span class='ocrx_word' id='word_1_19' title='bbox 1520 348 1610 391; x_wconf 85' lang='grc' dir='ltr'><strong><em>Καὶ</em></strong></span> <span class='ocrx_word' id='word_1_20' title='bbox 1638 348 1738 393; x_wconf 85' lang='grc' dir='ltr'><strong><em>τόδε</em></strong></span> 
     </span>
    </p>
   </div>
   <div class='ocr_carea' id='block_1_6' title="bbox 358 414 1739 612">
    <p class='ocr_par' dir='ltr' id='par_1_6' title="bbox 358 414 1739 612">
     <span class='ocr_line' id='line_1_6' title="bbox 358 414 1739 476; baseline 0.001 -16"><span class='ocrx_word' id='word_1_21' title='bbox 358 416 412 473; x_wconf 77' lang='grc' dir='ltr'><strong>δή</strong></span> <span class='ocrx_word' id='word_1_22' title='bbox 442 416 680 475; x_wconf 76' lang='grc' dir='ltr'><strong><em>ἐννόησον,</em></strong></span> <span class='ocrx_word' id='word_1_23' title='bbox 719 414 776 474; x_wconf 80' lang='grc' dir='ltr'><strong>ἦν</strong></span> <span class='ocrx_word' id='word_1_24' title='bbox 807 417 851 462; x_wconf 81' lang='grc' dir='ltr'><strong>δ’</strong></span> <span class='ocrx_word' id='word_1_25' title='bbox 883 418 980 476; x_wconf 79' lang='grc' dir='ltr'><strong>ἐγώ.</strong></span> <span class='ocrx_word' id='word_1_26' title='bbox 1031 420 1068 462; x_wconf 80' lang='grc' dir='ltr'><strong>εἰ</strong></span> <span class='ocrx_word' id='word_1_27' title='bbox 1097 416 1228 461; x_wconf 79' lang='grc' dir='ltr'><strong><em>πάλιν</em></strong></span> <span class='ocrx_word' id='word_1_28' title='bbox 1259 415 1281 460; x_wconf 92' lang='grc' dir='ltr'>ὁ</span> <span class='ocrx_word' id='word_1_29' title='bbox 1312 420 1514 467; x_wconf 82' lang='grc' dir='ltr'><strong><em>τοιοῦτος</em></strong></span> <span class='ocrx_word' id='word_1_30' title='bbox 1544 417 1739 473; x_wconf 78' lang='grc' dir='ltr'><strong><em>καταβάς</em></strong></span> 
     </span>
     <span class='ocr_line' id='line_1_7' title="bbox 359 478 1739 539; baseline 0.001 -10"><span class='ocrx_word' id='word_1_31' title='bbox 359 487 419 537; x_wconf 82' lang='grc' dir='ltr'><strong>εἰς</strong></span> <span class='ocrx_word' id='word_1_32' title='bbox 456 485 536 529; x_wconf 81' lang='grc' dir='ltr'><strong>τὸν</strong></span> <span class='ocrx_word' id='word_1_33' title='bbox 579 485 717 530; x_wconf 83' lang='grc' dir='ltr'><strong><em>αὐτὸν</em></strong></span> <span class='ocrx_word' id='word_1_34' title='bbox 755 490 902 530; x_wconf 85' lang='grc' dir='ltr'><strong><em>θᾶκον</em></strong></span> <span class='ocrx_word' id='word_1_35' title='bbox 939 488 1187 539; x_wconf 74' lang='grc' dir='ltr'><strong><em>καθίζοιτο,</em></strong></span> <span class='ocrx_word' id='word_1_36' title='bbox 1227 478 1300 538; x_wconf 76' lang='grc' dir='ltr'><strong>ἆρ’</strong></span> <span class='ocrx_word' id='word_1_37' title='bbox 1333 483 1387 527; x_wconf 84' lang='grc' dir='ltr'><strong>οὐ</strong></span> <span class='ocrx_word' id='word_1_38' title='bbox 1417 483 1602 537; x_wconf 80' lang='grc' dir='ltr'><strong><em>σκότους</em></strong></span> <span class='ocrx_word' id='word_1_39' title='bbox 1633 484 1739 530; x_wconf 78' lang='grc' dir='ltr'><strong><em>οἶνοί-</em></strong></span> 
     </span>
     <span class='ocr_line' id='line_1_8' title="bbox 358 551 1739 612; baseline 0.002 -16"><span class='ocrx_word' id='word_1_40' title='bbox 358 558 499 605; x_wconf 85' lang='grc' dir='ltr'><strong><em>πλεως</em></strong></span> <span class='ocrx_word' id='word_1_41' title='bbox 545 557 667 612; x_wconf 81' lang='grc' dir='ltr'><strong><em>σχοίη</em></strong></span> <span class='ocrx_word' id='word_1_42' title='bbox 707 555 810 607; x_wconf 84' lang='grc' dir='ltr'><strong>τούς</strong></span> <span class='ocrx_word' id='word_1_43' title='bbox 849 553 1112 610; x_wconf 77' lang='grc' dir='ltr'><strong><em>ὀφθαλμοὺς</em></strong></span> <span class='ocrx_word' id='word_1_44' title='bbox 1159 553 1365 609; x_wconf 81' lang='grc' dir='ltr'><strong><em>ἐξαίφνης</em></strong></span> <span class='ocrx_word' id='word_1_45' title='bbox 1409 551 1532 609; x_wconf 83' lang='grc' dir='ltr'><strong><em>ἥκων</em></strong></span> <span class='ocrx_word' id='word_1_46' title='bbox 1572 554 1618 598; x_wconf 81' lang='grc' dir='ltr'><strong><em>ἐκ</em></strong></span> <span class='ocrx_word' id='word_1_47' title='bbox 1655 557 1739 599; x_wconf 82' lang='grc' dir='ltr'><strong><em>τοῦ</em></strong></span> 
     </span>
    </p>
   </div>
   <div class='ocr_carea' id='block_1_7' title="bbox 356 620 1039 679">
    <p class='ocr_par' dir='ltr' id='par_1_7' title="bbox 356 620 1039 679">
     <span class='ocr_line' id='line_1_9' title="bbox 356 620 1039 679; baseline -0.003 -13"><span class='ocrx_word' id='word_1_48' title='bbox 356 620 507 679; x_wconf 71' lang='grc' dir='ltr'><strong><em>ἡλίους</em></strong></span> <span class='ocrx_word' id='word_1_49' title='bbox 559 624 649 665; x_wconf 86' lang='grc' dir='ltr'><strong><em>Καὶ</em></strong></span> <span class='ocrx_word' id='word_1_50' title='bbox 688 622 804 679; x_wconf 87' lang='grc' dir='ltr'><strong><em>μα’λα</em></strong></span> <span class='ocrx_word' id='word_1_51' title='bbox 843 621 901 679; x_wconf 78' lang='grc' dir='ltr'><strong>γ’,</strong></span> <span class='ocrx_word' id='word_1_52' title='bbox 943 622 1039 679; x_wconf 77' lang='grc' dir='ltr'><strong>ἔφη.</strong></span> 
     </span>
    </p>
   </div>
   <div class='ocr_carea' id='block_1_8' title="bbox 1107 620 1738 678">
    <p class='ocr_par' dir='ltr' id='par_1_8' title="bbox 1107 620 1738 678">
     <span class='ocr_line' id='line_1_10' title="bbox 1107 620 1738 678; baseline 0.003 -14"><span class='ocrx_word' id='word_1_53' title='bbox 1107 620 1194 672; x_wconf 74' lang='grc' dir='ltr'><strong>Τοές</strong></span> <span class='ocrx_word' id='word_1_54' title='bbox 1234 622 1280 665; x_wconf 82' lang='grc' dir='ltr'><strong>δὲ</strong></span> <span class='ocrx_word' id='word_1_55' title='bbox 1321 621 1373 678; x_wconf 76' lang='grc' dir='ltr'><strong>δὴ</strong></span> <span class='ocrx_word' id='word_1_56' title='bbox 1408 621 1531 673; x_wconf 80' lang='grc' dir='ltr'><strong><em>σκιὰς</em></strong></span> <span class='ocrx_word' id='word_1_57' title='bbox 1570 624 1738 674; x_wconf 83' lang='grc' dir='ltr'><strong><em>ἐκείνας</em></strong></span> 
     </span>
    </p>
   </div>
   <div class='ocr_carea' id='block_1_9' title="bbox 357 689 1740 748">
    <p class='ocr_par' dir='ltr' id='par_1_9' title="bbox 357 689 1740 748">
     <span class='ocr_line' id='line_1_11' title="bbox 357 689 1740 748; baseline 0.001 -14"><span class='ocrx_word' id='word_1_58' title='bbox 357 689 492 734; x_wconf 79' lang='grc' dir='ltr'><strong><em>πάλιν</em></strong></span> <span class='ocrx_word' id='word_1_59' title='bbox 534 693 570 735; x_wconf 80' lang='grc' dir='ltr'><strong>εἰ</strong></span> <span class='ocrx_word' id='word_1_60' title='bbox 608 691 700 735; x_wconf 83' lang='grc' dir='ltr'><strong><em>δέοι</em></strong></span> <span class='ocrx_word' id='word_1_61' title='bbox 743 691 880 736; x_wconf 83' lang='grc' dir='ltr'><strong><em>αὐτὸν</em></strong></span> <span class='ocrx_word' id='word_1_62' title='bbox 918 689 1256 748; x_wconf 81' lang='grc' dir='ltr'><strong><em>γνωματεύοντα</em></strong></span> <span class='ocrx_word' id='word_1_63' title='bbox 1297 692 1608 746; x_wconf 80' lang='grc' dir='ltr'><strong><em>διαμιλλᾶσθαι</em></strong></span> <span class='ocrx_word' id='word_1_64' title='bbox 1646 697 1740 744; x_wconf 89' lang='grc' dir='ltr'><strong><em>τοῖς</em></strong></span> 
     </span>
    </p>
   </div>
   <div class='ocr_carea' id='block_1_10' title="bbox 354 857 1023 1322">
    <p class='ocr_par' dir='ltr' id='par_1_10' title="bbox 354 857 1022 999">
     <span class='ocr_line' id='line_1_12' title="bbox 359 857 1022 908; baseline 0.003 -14"><span class='ocrx_word' id='word_1_65' title='bbox 359 872 428 905; x_wconf 88' lang='grc' dir='ltr'><strong>ρον</strong></span> <span class='ocrx_word' id='word_1_66' title='bbox 447 879 494 886; x_wconf 88' lang='lat'><em>-</em></span> <span class='ocrx_word' id='word_1_67' title='bbox 511 857 659 908; x_wconf 79' lang='grc' dir='ltr'><strong><em>οἷκλήρῳ</em></strong></span> <span class='ocrx_word' id='word_1_68' title='bbox 691 861 940 896; x_wconf 81' lang='lat' dir='ltr'><strong>diductioribus</strong></span> <span class='ocrx_word' id='word_1_69' title='bbox 964 861 1022 896; x_wconf 89' lang='lat' dir='ltr'><strong>lit-</strong></span> 
     </span>
     <span class='ocr_line' id='line_1_13' title="bbox 354 907 1021 944; baseline 0.002 -4"><span class='ocrx_word' id='word_1_70' title='bbox 354 907 440 941; x_wconf 72' lang='lat' dir='ltr'><strong>telis</strong></span> <span class='ocrx_word' id='word_1_71' title='bbox 472 908 577 941; x_wconf 77' lang='lat' dir='ltr'><strong>scribi</strong></span> <span class='ocrx_word' id='word_1_72' title='bbox 610 909 719 944; x_wconf 76' lang='lat' dir='ltr'><strong>iussit.</strong></span> <span class='ocrx_word' id='word_1_73' title='bbox 767 909 866 943; x_wconf 85' lang='lat' dir='ltr'><strong>Conf.</strong></span> <span class='ocrx_word' id='word_1_74' title='bbox 891 909 967 944; x_wconf 93' lang='lat' dir='ltr'><strong>V.ol</strong></span> <span class='ocrx_word' id='word_1_75' title='bbox 992 908 1021 942; x_wconf 92' lang='lat' dir='ltr'><strong>I.</strong></span> 
     </span>
     <span class='ocr_line' id='line_1_14' title="bbox 355 953 928 1009; baseline 0.004 -22"><span class='ocrx_word' id='word_1_76' title='bbox 355 953 651 1009; x_wconf 73' lang='lat' dir='ltr'><strong>p.14,.b123,</strong></span> <span class='ocrx_word' id='word_1_77' title='bbox 677 955 928 997; x_wconf 71' lang='lat' dir='ltr'><strong>a.b.‚1.30a</strong></span> 
     </span>
    </p>

    <p class='ocr_par' dir='ltr' id='par_1_11' title="bbox 403 996 836 1055">
     <span class='ocr_line' id='line_1_15' title="bbox 403 996 836 1055; baseline 0.002 -22"><span class='ocrx_word' id='word_1_78' title='bbox 403 996 554 1055; x_wconf 79' lang='grc' dir='ltr'><strong><em>ὁτιοῦν]</em></strong></span> <span class='ocrx_word' id='word_1_79' title='bbox 585 996 644 1034; x_wconf 81' lang='grc' dir='ltr'><strong>ότι</strong></span> <span class='ocrx_word' id='word_1_80' title='bbox 668 1001 769 1036; x_wconf 81' lang='lat' dir='ltr'><strong>Vind.</strong></span> <span class='ocrx_word' id='word_1_81' title='bbox 793 1001 836 1035; x_wconf 89' lang='lat' dir='ltr'><strong>F.</strong></span> 
     </span>
    </p>

    <p class='ocr_par' dir='ltr' id='par_1_12' title="bbox 406 1041 755 1103">
     <span class='ocr_line' id='line_1_16' title="bbox 406 1041 755 1103; baseline 0.009 -25"><span class='ocrx_word' id='word_1_82' title='bbox 406 1041 477 1102; x_wconf 71' lang='grc' dir='ltr'><strong><em>ἓὶν]</em></strong></span> <span class='ocrx_word' id='word_1_83' title='bbox 505 1058 569 1079; x_wconf 89' lang='lat' dir='ltr'><strong>om.</strong></span> <span class='ocrx_word' id='word_1_84' title='bbox 596 1048 693 1103; x_wconf 54' lang='lat' dir='ltr'><strong>Flor.</strong></span> <span class='ocrx_word' id='word_1_85' title='bbox 712 1048 755 1081; x_wconf 90' lang='lat' dir='ltr'><strong>T.</strong></span> 
     </span>
    </p>

    <p class='ocr_par' dir='ltr' id='par_1_13' title="bbox 355 1088 1023 1322">
     <span class='ocr_line' id='line_1_17' title="bbox 401 1088 1021 1136; baseline 0 -12"><span class='ocrx_word' id='word_1_86' title='bbox 401 1088 424 1135; x_wconf 77' lang='grc' dir='ltr'><em>ἢ</em></span> <span class='ocrx_word' id='word_1_87' title='bbox 445 1089 585 1136; x_wconf 74' lang='grc' dir='ltr'><strong><em>κεῖνά]</em></strong></span> <span class='ocrx_word' id='word_1_88' title='bbox 613 1089 637 1136; x_wconf 75' lang='grc' dir='ltr'><em>ἢ</em></span> <span class='ocrx_word' id='word_1_89' title='bbox 661 1090 783 1126; x_wconf 73' lang='grc' dir='ltr'><strong><em>ἐκεῖνά</em></strong></span> <span class='ocrx_word' id='word_1_90' title='bbox 808 1092 892 1125; x_wconf 91' lang='lat' dir='ltr'><strong>Lob.</strong></span> <span class='ocrx_word' id='word_1_91' title='bbox 918 1092 1021 1126; x_wconf 75' lang='lat' dir='ltr'><strong>Vind.</strong></span> 
     </span>
     <span class='ocr_line' id='line_1_18' title="bbox 357 1138 1021 1174; baseline -0.002 -3"><span class='ocrx_word' id='word_1_92' title='bbox 357 1138 462 1171; x_wconf 84' lang='lat' dir='ltr'><strong>BEF.</strong></span> <span class='ocrx_word' id='word_1_93' title='bbox 488 1139 580 1171; x_wconf 86' lang='lat' dir='ltr'><strong>Mon.</strong></span> <span class='ocrx_word' id='word_1_94' title='bbox 606 1139 679 1173; x_wconf 87' lang='lat' dir='ltr'><strong>BC.</strong></span> <span class='ocrx_word' id='word_1_95' title='bbox 707 1140 784 1174; x_wconf 87' lang='lat' dir='ltr'><strong>Vat</strong></span> <span class='ocrx_word' id='word_1_96' title='bbox 795 1138 910 1171; x_wconf 84' lang='lat' dir='ltr'><strong>BHM.</strong></span> <span class='ocrx_word' id='word_1_97' title='bbox 936 1140 1021 1172; x_wconf 40' lang='lat' dir='ltr'><strong>Ten.</strong></span> 
     </span>
     <span class='ocr_line' id='line_1_19' title="bbox 355 1184 1021 1229; baseline -0.002 -11"><span class='ocrx_word' id='word_1_98' title='bbox 355 1185 398 1218; x_wconf 91' lang='grc' dir='ltr'><strong>Β.</strong></span> <span class='ocrx_word' id='word_1_99' title='bbox 444 1184 532 1229; x_wconf 86' lang='lat' dir='ltr'><strong>Ang.</strong></span> <span class='ocrx_word' id='word_1_100' title='bbox 579 1185 619 1219; x_wconf 88' lang='lat' dir='ltr'><strong>B.</strong></span> <span class='ocrx_word' id='word_1_101' title='bbox 672 1186 766 1219; x_wconf 87' lang='lat' dir='ltr'><strong>Flor.</strong></span> <span class='ocrx_word' id='word_1_102' title='bbox 814 1184 1021 1218; x_wconf 84' lang='lat' dir='ltr'><strong>ACRTUV.</strong></span> 
     </span>
     <span class='ocr_line' id='line_1_20' title="bbox 355 1229 1023 1266; baseline 0 -3"><span class='ocrx_word' id='word_1_103' title='bbox 355 1229 477 1263; x_wconf 87' lang='lat' dir='ltr'><strong>Iambl.</strong></span> <span class='ocrx_word' id='word_1_104' title='bbox 512 1234 586 1264; x_wconf 83' lang='lat' dir='ltr'><strong>Ast.</strong></span> <span class='ocrx_word' id='word_1_105' title='bbox 617 1242 686 1266; x_wconf 89' lang='lat' dir='ltr'><strong>sec.</strong></span> <span class='ocrx_word' id='word_1_106' title='bbox 717 1235 798 1265; x_wconf 86' lang='lat' dir='ltr'><strong>tert.</strong></span> <span class='ocrx_word' id='word_1_107' title='bbox 841 1231 1023 1264; x_wconf 86' lang='lat' dir='ltr'><strong>Bekkerus</strong></span> 
     </span>
     <span class='ocr_line' id='line_1_21' title="bbox 356 1273 1022 1322; baseline 0.002 -13"><span class='ocrx_word' id='word_1_108' title='bbox 356 1279 393 1309; x_wconf 86' lang='lat' dir='ltr'><strong>et</strong></span> <span class='ocrx_word' id='word_1_109' title='bbox 416 1276 675 1310; x_wconf 82' lang='lat' dir='ltr'><strong>Stallbaumius.</strong></span> <span class='ocrx_word' id='word_1_110' title='bbox 708 1273 732 1322; x_wconf 73' lang='grc' dir='ltr'><strong>η’</strong></span> <span class='ocrx_word' id='word_1_111' title='bbox 753 1274 858 1311; x_wconf 81' lang='grc' dir='ltr'><strong><em>κεῖνά</em></strong></span> <span class='ocrx_word' id='word_1_112' title='bbox 878 1277 1022 1322; x_wconf 85' lang='lat' dir='ltr'><strong>priores.</strong></span> 
     </span>
    </p>
   </div>
   <div class='ocr_carea' id='block_1_11' title="bbox 357 1322 916 1425">
    <p class='ocr_par' dir='ltr' id='par_1_14' title="bbox 357 1322 904 1412">
     <span class='ocr_line' id='line_1_22' title="bbox 357 1322 801 1366; baseline 0 -10"><span class='ocrx_word' id='word_1_113' title='bbox 357 1322 414 1357; x_wconf 89' lang='lat' dir='ltr'><strong>Cf.</strong></span> <span class='ocrx_word' id='word_1_114' title='bbox 439 1322 515 1357; x_wconf 90' lang='lat' dir='ltr'><strong>Vol.</strong></span> <span class='ocrx_word' id='word_1_115' title='bbox 539 1322 568 1355; x_wconf 98' lang='grc' dir='ltr'><strong>Ι.</strong></span> <span class='ocrx_word' id='word_1_116' title='bbox 619 1323 743 1366; x_wconf 81' lang='grc'><strong>.154,</strong></span> <span class='ocrx_word' id='word_1_117' title='bbox 768 1325 801 1357; x_wconf 98' lang='grc'><strong>1).</strong></span> 
     </span>
     <span class='ocr_line' id='line_1_23' title="bbox 403 1335 916 1425; baseline 0.004 -24"><span class='ocrx_word' id='word_1_118' title='bbox 403 1365 572 1425; x_wconf 79' lang='grc' dir='ltr'><strong><em>ἐκείνως]</em></strong></span> <span class='ocrx_word' id='word_1_119' title='bbox 594 1335 723 1403; x_wconf 77' lang='grc' dir='ltr'><strong><em>ἐκείνω</em></strong></span> <span class='ocrx_word' id='word_1_120' title='bbox 749 1369 848 1404; x_wconf 77' lang='lat' dir='ltr'><strong>Vind.</strong></span> <span class='ocrx_word' id='word_1_121' title='bbox 872 1368 916 1403; x_wconf 88' lang='lat' dir='ltr'><strong>F.</strong></span> 
     </span>
    </p>
   </div>
   <div class='ocr_carea' id='block_1_12' title="bbox 297 1412 737 1460">
    <p class='ocr_par' dir='ltr' id='par_1_15' title="bbox 297 1412 737 1460">
     <span class='ocr_line' id='line_1_24' title="bbox 297 1412 737 1460; baseline 0.002 -12"><span class='ocrx_word' id='word_1_122' title='bbox 297 1418 332 1460; x_wconf 87' lang='lat' dir='ltr'>E</span> <span class='ocrx_word' id='word_1_123' title='bbox 403 1412 500 1458; x_wconf 87' lang='grc' dir='ltr'><strong><em>ε’φη]</em></strong></span> <span class='ocrx_word' id='word_1_124' title='bbox 529 1427 595 1448; x_wconf 89' lang='lat' dir='ltr'><strong>om.</strong></span> <span class='ocrx_word' id='word_1_125' title='bbox 619 1416 737 1450; x_wconf 77' lang='lat' dir='ltr'><strong>Imnbl.</strong></span> 
     </span>
    </p>
   </div>
   <div class='ocr_carea' id='block_1_13' title="bbox 354 1459 1024 2050">
    <p class='ocr_par' dir='ltr' id='par_1_16' title="bbox 354 1459 1024 1599">
     <span class='ocr_line' id='line_1_25' title="bbox 403 1459 1024 1506; baseline 0.003 -12"><span class='ocrx_word' id='word_1_126' title='bbox 403 1459 552 1506; x_wconf 81' lang='grc' dir='ltr'><strong><em>οἷμαι,]</em></strong></span> <span class='ocrx_word' id='word_1_127' title='bbox 605 1461 746 1496; x_wconf 81' lang='lat' dir='ltr'><strong>Comma</strong></span> <span class='ocrx_word' id='word_1_128' title='bbox 777 1461 1024 1496; x_wconf 76' lang='lat' dir='ltr'><strong>Stallbaumius</strong></span> 
     </span>
     <span class='ocr_line' id='line_1_26' title="bbox 354 1507 1023 1552; baseline 0.003 -12"><span class='ocrx_word' id='word_1_129' title='bbox 354 1507 391 1540; x_wconf 93' lang='lat' dir='ltr'><strong>in</strong></span> <span class='ocrx_word' id='word_1_130' title='bbox 426 1518 498 1542; x_wconf 87' lang='lat' dir='ltr'><strong>sec.</strong></span> <span class='ocrx_word' id='word_1_131' title='bbox 541 1508 724 1552; x_wconf 86' lang='lat' dir='ltr'><strong>apposuit;</strong></span> <span class='ocrx_word' id='word_1_132' title='bbox 776 1509 813 1543; x_wconf 90' lang='lat' dir='ltr'><strong>in</strong></span> <span class='ocrx_word' id='word_1_133' title='bbox 843 1509 944 1544; x_wconf 92' lang='lat' dir='ltr'><strong>Vind.</strong></span> <span class='ocrx_word' id='word_1_134' title='bbox 978 1508 1023 1544; x_wconf 83' lang='lat' dir='ltr'><strong>E.</strong></span> 
     </span>
     <span class='ocr_line' id='line_1_27' title="bbox 356 1554 735 1608; baseline 0.003 -21"><span class='ocrx_word' id='word_1_135' title='bbox 356 1554 460 1587; x_wconf 83' lang='lat' dir='ltr'><strong>etiam</strong></span> <span class='ocrx_word' id='word_1_136' title='bbox 482 1560 646 1608; x_wconf 86' lang='lat' dir='ltr'><strong>punctum</strong></span> <span class='ocrx_word' id='word_1_137' title='bbox 671 1558 735 1589; x_wconf 86' lang='lat' dir='ltr'><strong>est.</strong></span> 
     </span>
    </p>

    <p class='ocr_par' dir='ltr' id='par_1_17' title="bbox 354 1595 1024 1921">
     <span class='ocr_line' id='line_1_28' title="bbox 403 1595 1024 1645; baseline 0 -12"><span class='ocrx_word' id='word_1_138' title='bbox 403 1595 452 1633; x_wconf 76' lang='grc' dir='ltr'><strong>ἂν</strong></span> <span class='ocrx_word' id='word_1_139' title='bbox 483 1597 692 1645; x_wconf 81' lang='grc' dir='ltr'><strong><em>δέξασθαι]</em></strong></span> <span class='ocrx_word' id='word_1_140' title='bbox 726 1597 774 1634; x_wconf 71' lang='grc' dir='ltr'><strong>ἂν</strong></span> <span class='ocrx_word' id='word_1_141' title='bbox 795 1599 934 1643; x_wconf 83' lang='grc' dir='ltr'><strong><em>μᾶλλον</em></strong></span> <span class='ocrx_word' id='word_1_142' title='bbox 964 1597 1024 1634; x_wconf 77' lang='grc' dir='ltr'><strong>δέ-</strong></span> 
     </span>
     <span class='ocr_line' id='line_1_29' title="bbox 355 1645 1024 1688; baseline 0.001 -10"><span class='ocrx_word' id='word_1_143' title='bbox 355 1645 495 1688; x_wconf 79' lang='grc' dir='ltr'><strong><em>ξασθαι</em></strong></span> <span class='ocrx_word' id='word_1_144' title='bbox 524 1646 603 1681; x_wconf 88' lang='lat' dir='ltr'><strong>Vat.</strong></span> <span class='ocrx_word' id='word_1_145' title='bbox 637 1647 681 1681; x_wconf 87' lang='lat' dir='ltr'><strong>H.</strong></span> <span class='ocrx_word' id='word_1_146' title='bbox 752 1647 830 1680; x_wconf 85' lang='lat' dir='ltr'><strong>Nec</strong></span> <span class='ocrx_word' id='word_1_147' title='bbox 863 1646 956 1680; x_wconf 91' lang='lat' dir='ltr'><strong>aliud</strong></span> <span class='ocrx_word' id='word_1_148' title='bbox 986 1646 1024 1679; x_wconf 91' lang='lat' dir='ltr'><strong>in</strong></span> 
     </span>
     <span class='ocr_line' id='line_1_30' title="bbox 354 1692 1023 1745; baseline 0 -20"><span class='ocrx_word' id='word_1_149' title='bbox 354 1692 453 1726; x_wconf 88' lang='lat' dir='ltr'><strong>Flor.</strong></span> <span class='ocrx_word' id='word_1_150' title='bbox 476 1692 550 1727; x_wconf 89' lang='lat' dir='ltr'><strong>AV.</strong></span> <span class='ocrx_word' id='word_1_151' title='bbox 576 1697 752 1745; x_wconf 79' lang='lat' dir='ltr'><strong>repertum</strong></span> <span class='ocrx_word' id='word_1_152' title='bbox 775 1693 902 1744; x_wconf 84' lang='lat' dir='ltr'><strong>fuerit,</strong></span> <span class='ocrx_word' id='word_1_153' title='bbox 937 1704 1023 1737; x_wconf 90' lang='lat' dir='ltr'><strong>quos</strong></span> 
     </span>
     <span class='ocr_line' id='line_1_31' title="bbox 356 1734 1021 1784; baseline 0.002 -13"><span class='ocrx_word' id='word_1_154' title='bbox 356 1738 601 1772; x_wconf 85' lang='lat' dir='ltr'><strong>Stallbaumius</strong></span> <span class='ocrx_word' id='word_1_155' title='bbox 625 1739 662 1772; x_wconf 90' lang='lat' dir='ltr'><strong>in</strong></span> <span class='ocrx_word' id='word_1_156' title='bbox 685 1751 740 1784; x_wconf 85' lang='lat' dir='ltr'><strong>pr.</strong></span> <span class='ocrx_word' id='word_1_157' title='bbox 765 1739 843 1772; x_wconf 82' lang='grc' dir='ltr'><strong>πᾶν</strong></span> <span class='ocrx_word' id='word_1_158' title='bbox 865 1734 913 1772; x_wconf 82' lang='grc' dir='ltr'><strong>οὶν</strong></span> <span class='ocrx_word' id='word_1_159' title='bbox 930 1739 1021 1781; x_wconf 79' lang='grc' dir='ltr'><strong><em>μᾶλ-</em></strong></span> 
     </span>
     <span class='ocr_line' id='line_1_32' title="bbox 355 1783 1023 1829; baseline -0.001 -11"><span class='ocrx_word' id='word_1_160' title='bbox 355 1785 422 1818; x_wconf 91' lang='grc' dir='ltr'><strong>λον</strong></span> <span class='ocrx_word' id='word_1_161' title='bbox 449 1783 632 1826; x_wconf 80' lang='grc' dir='ltr'><strong><em>δέξασθαι</em></strong></span> <span class='ocrx_word' id='word_1_162' title='bbox 666 1797 729 1829; x_wconf 91' lang='lat' dir='ltr'><strong>pro</strong></span> <span class='ocrx_word' id='word_1_163' title='bbox 763 1785 847 1818; x_wconf 83' lang='grc' dir='ltr'><strong>πᾶν</strong></span> <span class='ocrx_word' id='word_1_164' title='bbox 881 1785 1023 1828; x_wconf 83' lang='grc' dir='ltr'><strong><em>μᾶλλον</em></strong></span> 
     </span>
     <span class='ocr_line' id='line_1_33' title="bbox 357 1827 1023 1877; baseline 0.002 -13"><span class='ocrx_word' id='word_1_165' title='bbox 357 1827 405 1864; x_wconf 68' lang='grc' dir='ltr'><strong>ἄν</strong></span> <span class='ocrx_word' id='word_1_166' title='bbox 424 1828 628 1875; x_wconf 75' lang='grc' dir='ltr'><strong><em>δέξασθαι,</em></strong></span> <span class='ocrx_word' id='word_1_167' title='bbox 662 1831 752 1876; x_wconf 83' lang='lat' dir='ltr'><strong>quod</strong></span> <span class='ocrx_word' id='word_1_168' title='bbox 785 1842 948 1877; x_wconf 85' lang='lat' dir='ltr'><strong>nusquam</strong></span> <span class='ocrx_word' id='word_1_169' title='bbox 972 1831 1023 1864; x_wconf 86' lang='lat' dir='ltr'><strong>le-</strong></span> 
     </span>
     <span class='ocr_line' id='line_1_34' title="bbox 357 1877 801 1931; baseline -0.002 -21"><span class='ocrx_word' id='word_1_170' title='bbox 357 1877 472 1931; x_wconf 83' lang='lat' dir='ltr'><strong>gitur,</strong></span> <span class='ocrx_word' id='word_1_171' title='bbox 496 1877 659 1910; x_wconf 80' lang='lat' dir='ltr'><strong>exhibere</strong></span> <span class='ocrx_word' id='word_1_172' title='bbox 682 1877 801 1911; x_wconf 81' lang='lat' dir='ltr'><strong>tradit.</strong></span> 
     </span>
    </p>

    <p class='ocr_par' dir='ltr' id='par_1_18' title="bbox 356 1920 1022 2050">
     <span class='ocr_line' id='line_1_35' title="bbox 401 1920 1021 1967; baseline 0 -11"><span class='ocrx_word' id='word_1_173' title='bbox 401 1920 513 1967; x_wconf 84' lang='grc' dir='ltr'><strong><em>τόδε]</em></strong></span> <span class='ocrx_word' id='word_1_174' title='bbox 538 1920 624 1957; x_wconf 84' lang='grc' dir='ltr'><strong><em>τότε</em></strong></span> <span class='ocrx_word' id='word_1_175' title='bbox 645 1922 728 1956; x_wconf 85' lang='lat' dir='ltr'><strong>Lob.</strong></span> <span class='ocrx_word' id='word_1_176' title='bbox 753 1923 855 1957; x_wconf 88' lang='lat' dir='ltr'><strong>Vind.</strong></span> <span class='ocrx_word' id='word_1_177' title='bbox 867 1923 908 1956; x_wconf 90' lang='lat' dir='ltr'><strong>B.</strong></span> <span class='ocrx_word' id='word_1_178' title='bbox 926 1922 1021 1956; x_wconf 87' lang='lat' dir='ltr'><strong>Mon.</strong></span> 
     </span>
     <span class='ocr_line' id='line_1_36' title="bbox 358 1967 1022 2003; baseline 0 -1"><span class='ocrx_word' id='word_1_179' title='bbox 358 1969 399 2002; x_wconf 86' lang='lat' dir='ltr'><strong>C.</strong></span> <span class='ocrx_word' id='word_1_180' title='bbox 427 1969 505 2002; x_wconf 84' lang='lat' dir='ltr'><strong>Vat.</strong></span> <span class='ocrx_word' id='word_1_181' title='bbox 529 1969 613 2003; x_wconf 85' lang='lat' dir='ltr'><strong>HM.</strong></span> <span class='ocrx_word' id='word_1_182' title='bbox 640 1969 733 2002; x_wconf 86' lang='lat' dir='ltr'><strong>Flor.</strong></span> <span class='ocrx_word' id='word_1_183' title='bbox 758 1969 898 2002; x_wconf 88' lang='lat' dir='ltr'><strong>ACTV.</strong></span> <span class='ocrx_word' id='word_1_184' title='bbox 936 1967 1022 2003; x_wconf 87' lang='grc' dir='ltr'><strong><em>τότε</em></strong></span> 
     </span>
     <span class='ocr_line' id='line_1_37' title="bbox 356 2011 1020 2050; baseline 0 -1"><span class='ocrx_word' id='word_1_185' title='bbox 356 2011 397 2049; x_wconf 76' lang='grc' dir='ltr'><strong>δὲ</strong></span> <span class='ocrx_word' id='word_1_186' title='bbox 420 2015 543 2050; x_wconf 85' lang='lat' dir='ltr'><strong>Iambl.</strong></span> <span class='ocrx_word' id='word_1_187' title='bbox 567 2015 768 2049; x_wconf 82' lang='lat' dir='ltr'><strong>cod.Arcer.</strong></span> <span class='ocrx_word' id='word_1_188' title='bbox 792 2014 906 2049; x_wconf 84' lang='grc' dir='ltr'><strong><em>τοῦτο</em></strong></span> <span class='ocrx_word' id='word_1_189' title='bbox 918 2015 1020 2049; x_wconf 82' lang='lat' dir='ltr'><strong>Vind.</strong></span> 
     </span>
    </p>
   </div>
   <div class='ocr_carea' id='block_1_14' title="bbox 358 2099 1024 2891">
    <p class='ocr_par' dir='ltr' id='par_1_19' title="bbox 403 2099 863 2151">
     <span class='ocr_line' id='line_1_38' title="bbox 403 2099 863 2151; baseline 0 -11"><span class='ocrx_word' id='word_1_190' title='bbox 403 2099 513 2151; x_wconf 77' lang='grc' dir='ltr'><strong><em>ἧνδ’</em></strong></span> <span class='ocrx_word' id='word_1_191' title='bbox 531 2102 548 2140; x_wconf 75' lang='grc' dir='ltr'><em>ἒ</em></span> <span class='ocrx_word' id='word_1_192' title='bbox 549 2103 625 2151; x_wconf 88' lang='grc' dir='ltr'><strong>ω]</strong></span> <span class='ocrx_word' id='word_1_193' title='bbox 652 2118 719 2140; x_wconf 86' lang='lat' dir='ltr'><strong>om.</strong></span> <span class='ocrx_word' id='word_1_194' title='bbox 744 2105 863 2140; x_wconf 79' lang='lat' dir='ltr'><strong>Iambl.</strong></span> 
     </span>
    </p>

    <p class='ocr_par' dir='ltr' id='par_1_20' title="bbox 404 2152 726 2208">
     <span class='ocr_line' id='line_1_39' title="bbox 404 2152 726 2208; baseline -0.006 -21"><span class='ocrx_word' id='word_1_195' title='bbox 404 2153 458 2208; x_wconf 81' lang='grc' dir='ltr'><strong>εἰ]</strong></span> <span class='ocrx_word' id='word_1_196' title='bbox 483 2152 540 2198; x_wconf 86' lang='grc' dir='ltr'><strong>εἰβ</strong></span> <span class='ocrx_word' id='word_1_197' title='bbox 565 2153 657 2186; x_wconf 83' lang='grc' dir='ltr'><strong><em>Μοιι.</em></strong></span> <span class='ocrx_word' id='word_1_198' title='bbox 685 2152 726 2188; x_wconf 85' lang='lat' dir='ltr'><strong>C.</strong></span> 
     </span>
    </p>

    <p class='ocr_par' dir='ltr' id='par_1_21' title="bbox 358 2191 1023 2336">
     <span class='ocr_line' id='line_1_40' title="bbox 406 2191 1022 2243; baseline 0.002 -11"><span class='ocrx_word' id='word_1_199' title='bbox 406 2195 427 2233; x_wconf 83' lang='grc' dir='ltr'>ὁ</span> <span class='ocrx_word' id='word_1_200' title='bbox 446 2198 642 2243; x_wconf 85' lang='grc' dir='ltr'><strong><em>τοιοῦτος]</em></strong></span> <span class='ocrx_word' id='word_1_201' title='bbox 672 2193 729 2232; x_wconf 81' lang='grc' dir='ltr'><strong>ὅτι</strong></span> <span class='ocrx_word' id='word_1_202' title='bbox 751 2191 866 2238; x_wconf 75' lang='grc' dir='ltr'><strong><em>οὗτος</em></strong></span> <span class='ocrx_word' id='word_1_203' title='bbox 887 2198 968 2233; x_wconf 90' lang='lat' dir='ltr'><strong>Par.</strong></span> <span class='ocrx_word' id='word_1_204' title='bbox 979 2199 1022 2234; x_wconf 90' lang='lat' dir='ltr'><strong>A.</strong></span> 
     </span>
     <span class='ocr_line' id='line_1_41' title="bbox 360 2244 1023 2283; baseline -0.002 -2"><span class='ocrx_word' id='word_1_205' title='bbox 360 2245 460 2283; x_wconf 88' lang='lat' dir='ltr'><strong>Vind.</strong></span> <span class='ocrx_word' id='word_1_206' title='bbox 484 2246 525 2280; x_wconf 93' lang='lat' dir='ltr'><strong>B.</strong></span> <span class='ocrx_word' id='word_1_207' title='bbox 560 2245 654 2279; x_wconf 87' lang='lat' dir='ltr'><strong>Mon.</strong></span> <span class='ocrx_word' id='word_1_208' title='bbox 681 2245 722 2280; x_wconf 89' lang='lat' dir='ltr'><strong>C.</strong></span> <span class='ocrx_word' id='word_1_209' title='bbox 754 2244 835 2279; x_wconf 78' lang='lat' dir='ltr'><strong>Vat.</strong></span> <span class='ocrx_word' id='word_1_210' title='bbox 859 2245 906 2280; x_wconf 91' lang='lat' dir='ltr'><strong>H.</strong></span> <span class='ocrx_word' id='word_1_211' title='bbox 937 2249 973 2279; x_wconf 87' lang='lat' dir='ltr'><strong>et</strong></span> <span class='ocrx_word' id='word_1_212' title='bbox 1000 2257 1023 2280; x_wconf 82' lang='lat' dir='ltr'><strong>a</strong></span> 
     </span>
     <span class='ocr_line' id='line_1_42' title="bbox 358 2289 648 2336; baseline 0 -13"><span class='ocrx_word' id='word_1_213' title='bbox 358 2304 402 2327; x_wconf 88' lang='lat' dir='ltr'><strong>m.</strong></span> <span class='ocrx_word' id='word_1_214' title='bbox 427 2302 481 2336; x_wconf 81' lang='lat' dir='ltr'><strong>pr.</strong></span> <span class='ocrx_word' id='word_1_215' title='bbox 491 2292 590 2325; x_wconf 88' lang='lat' dir='ltr'><strong>Ven.</strong></span> <span class='ocrx_word' id='word_1_216' title='bbox 609 2289 648 2325; x_wconf 88' lang='lat' dir='ltr'><strong>B.</strong></span> 
     </span>
    </p>

    <p class='ocr_par' dir='ltr' id='par_1_22' title="bbox 358 2318 1024 2891">
     <span class='ocr_line' id='line_1_43' title="bbox 405 2318 1021 2381; baseline 0 -10"><span class='ocrx_word' id='word_1_217' title='bbox 405 2337 554 2381; x_wconf 80' lang='grc' dir='ltr'><strong><em>θᾶκον]</em></strong></span> <span class='ocrx_word' id='word_1_218' title='bbox 578 2336 635 2369; x_wconf 88' lang='lat' dir='ltr'><strong>Ita</strong></span> <span class='ocrx_word' id='word_1_219' title='bbox 658 2335 759 2371; x_wconf 86' lang='lat' dir='ltr'><strong>Vind.</strong></span> <span class='ocrx_word' id='word_1_220' title='bbox 779 2318 827 2370; x_wconf 92' lang='lat' dir='ltr'><strong>F.</strong></span> <span class='ocrx_word' id='word_1_221' title='bbox 852 2336 931 2370; x_wconf 87' lang='lat' dir='ltr'><strong>Par.</strong></span> <span class='ocrx_word' id='word_1_222' title='bbox 942 2336 1021 2372; x_wconf 83' lang='grc' dir='ltr'><strong>ΒΚ.</strong></span> 
     </span>
     <span class='ocr_line' id='line_1_44' title="bbox 358 2381 1022 2427; baseline 0.002 -11"><span class='ocrx_word' id='word_1_223' title='bbox 358 2384 456 2417; x_wconf 84' lang='lat' dir='ltr'><strong>Flor.</strong></span> <span class='ocrx_word' id='word_1_224' title='bbox 480 2384 558 2417; x_wconf 89' lang='lat' dir='ltr'><strong>RT.</strong></span> <span class='ocrx_word' id='word_1_225' title='bbox 582 2383 698 2416; x_wconf 80' lang='grc' dir='ltr'><strong><em>τᾶκον</em></strong></span> <span class='ocrx_word' id='word_1_226' title='bbox 721 2383 808 2427; x_wconf 78' lang='lat' dir='ltr'><strong>Aug.</strong></span> <span class='ocrx_word' id='word_1_227' title='bbox 832 2383 872 2418; x_wconf 88' lang='lat' dir='ltr'><strong>B.</strong></span> <span class='ocrx_word' id='word_1_228' title='bbox 895 2381 1022 2417; x_wconf 77' lang='grc' dir='ltr'><strong><em>θᾶκον</em></strong></span> 
     </span>
     <span class='ocr_line' id='line_1_45' title="bbox 359 2429 1020 2464; baseline -0.002 0"><span class='ocrx_word' id='word_1_229' title='bbox 359 2430 439 2464; x_wconf 85' lang='lat' dir='ltr'><strong>Par.</strong></span> <span class='ocrx_word' id='word_1_230' title='bbox 467 2433 506 2463; x_wconf 81' lang='lat' dir='ltr'><strong>A.</strong></span> <span class='ocrx_word' id='word_1_231' title='bbox 548 2429 629 2464; x_wconf 79' lang='lat' dir='ltr'><strong>vat.</strong></span> <span class='ocrx_word' id='word_1_232' title='bbox 662 2430 704 2462; x_wconf 90' lang='lat' dir='ltr'><strong>B.</strong></span> <span class='ocrx_word' id='word_1_233' title='bbox 749 2430 836 2463; x_wconf 78' lang='lat' dir='ltr'><strong>ven.</strong></span> <span class='ocrx_word' id='word_1_234' title='bbox 871 2430 912 2463; x_wconf 84' lang='lat' dir='ltr'><strong>C.</strong></span> <span class='ocrx_word' id='word_1_235' title='bbox 946 2430 1020 2463; x_wconf 81' lang='lat' dir='ltr'><strong>Ast.</strong></span> 
     </span>
     <span class='ocr_line' id='line_1_46' title="bbox 360 2475 1024 2511; baseline -0.002 -1"><span class='ocrx_word' id='word_1_236' title='bbox 360 2487 430 2511; x_wconf 79' lang='lat' dir='ltr'><strong>sec.</strong></span> <span class='ocrx_word' id='word_1_237' title='bbox 463 2478 545 2509; x_wconf 85' lang='lat' dir='ltr'><strong>tert.</strong></span> <span class='ocrx_word' id='word_1_238' title='bbox 574 2475 755 2508; x_wconf 77' lang='lat' dir='ltr'><strong>Bekkerus</strong></span> <span class='ocrx_word' id='word_1_239' title='bbox 778 2479 815 2508; x_wconf 86' lang='lat' dir='ltr'><strong>et</strong></span> <span class='ocrx_word' id='word_1_240' title='bbox 847 2475 1024 2509; x_wconf 80' lang='lat' dir='ltr'><strong>Stallbau-</strong></span> 
     </span>
     <span class='ocr_line' id='line_1_47' title="bbox 361 2520 1024 2565; baseline -0.002 -9"><span class='ocrx_word' id='word_1_241' title='bbox 361 2521 460 2556; x_wconf 88' lang='lat' dir='ltr'><strong>mius.</strong></span> <span class='ocrx_word' id='word_1_242' title='bbox 504 2520 635 2555; x_wconf 76' lang='grc' dir='ltr'><strong><em>θῶκον</em></strong></span> <span class='ocrx_word' id='word_1_243' title='bbox 664 2520 789 2565; x_wconf 83' lang='lat' dir='ltr'><strong>reliqui</strong></span> <span class='ocrx_word' id='word_1_244' title='bbox 819 2521 956 2556; x_wconf 86' lang='lat' dir='ltr'><strong>codices</strong></span> <span class='ocrx_word' id='word_1_245' title='bbox 988 2527 1024 2555; x_wconf 85' lang='lat' dir='ltr'><strong>et</strong></span> 
     </span>
     <span class='ocr_line' id='line_1_48' title="bbox 361 2567 1023 2612; baseline 0.003 -12"><span class='ocrx_word' id='word_1_246' title='bbox 361 2567 436 2601; x_wconf 84' lang='lat' dir='ltr'><strong>Ald.</strong></span> <span class='ocrx_word' id='word_1_247' title='bbox 461 2567 543 2602; x_wconf 83' lang='lat' dir='ltr'><strong>Bas.</strong></span> <span class='ocrx_word' id='word_1_248' title='bbox 567 2568 623 2601; x_wconf 87' lang='lat' dir='ltr'><strong>ab.</strong></span> <span class='ocrx_word' id='word_1_249' title='bbox 642 2567 912 2612; x_wconf 80' lang='lat' dir='ltr'><strong>Stepb.Ast.pr.</strong></span> <span class='ocrx_word' id='word_1_250' title='bbox 933 2568 1023 2612; x_wconf 88' lang='lat' dir='ltr'><strong>quod</strong></span> 
     </span>
     <span class='ocr_line' id='line_1_49' title="bbox 362 2613 1024 2658; baseline -0.002 -10"><span class='ocrx_word' id='word_1_251' title='bbox 362 2613 514 2648; x_wconf 86' lang='lat' dir='ltr'><strong>Thomas</strong></span> <span class='ocrx_word' id='word_1_252' title='bbox 545 2613 639 2657; x_wconf 83' lang='lat' dir='ltr'><strong>Mag.</strong></span> <span class='ocrx_word' id='word_1_253' title='bbox 671 2624 706 2658; x_wconf 90' lang='lat' dir='ltr'><strong>p.</strong></span> <span class='ocrx_word' id='word_1_254' title='bbox 741 2613 820 2648; x_wconf 82' lang='lat'><strong>430.</strong></span> <span class='ocrx_word' id='word_1_255' title='bbox 853 2614 1024 2658; x_wconf 71' lang='lat' dir='ltr'><strong>poecicum</strong></span> 
     </span>
     <span class='ocr_line' id='line_1_50' title="bbox 361 2658 1024 2705; baseline 0.003 -13"><span class='ocrx_word' id='word_1_256' title='bbox 361 2659 541 2704; x_wconf 84' lang='lat' dir='ltr'><strong>perhibet,</strong></span> <span class='ocrx_word' id='word_1_257' title='bbox 583 2670 667 2693; x_wconf 84' lang='lat' dir='ltr'><strong>usus</strong></span> <span class='ocrx_word' id='word_1_258' title='bbox 713 2658 864 2693; x_wconf 91' lang='lat' dir='ltr'><strong>Ionicum</strong></span> <span class='ocrx_word' id='word_1_259' title='bbox 911 2661 1024 2705; x_wconf 86' lang='lat' dir='ltr'><strong>potius</strong></span> 
     </span>
     <span class='ocr_line' id='line_1_51' title="bbox 361 2705 1024 2740; baseline 0.002 -2"><span class='ocrx_word' id='word_1_260' title='bbox 361 2705 551 2739; x_wconf 83' lang='lat' dir='ltr'><strong>habendum</strong></span> <span class='ocrx_word' id='word_1_261' title='bbox 574 2717 651 2739; x_wconf 90' lang='lat' dir='ltr'><strong>esse</strong></span> <span class='ocrx_word' id='word_1_262' title='bbox 674 2705 785 2739; x_wconf 89' lang='lat' dir='ltr'><strong>docet.</strong></span> <span class='ocrx_word' id='word_1_263' title='bbox 790 2711 795 2714; x_wconf 83' lang='grc'><em>”</em></span> <span class='ocrx_word' id='word_1_264' title='bbox 810 2706 863 2740; x_wconf 88' lang='lat' dir='ltr'><strong>De</strong></span> <span class='ocrx_word' id='word_1_265' title='bbox 879 2712 1024 2740; x_wconf 87' lang='lat' dir='ltr'><strong>accentu</strong></span> 
     </span>
     <span class='ocr_line' id='line_1_52' title="bbox 362 2751 1022 2786; baseline 0.002 -2"><span class='ocrx_word' id='word_1_266' title='bbox 362 2751 478 2785; x_wconf 88' lang='lat' dir='ltr'><strong>nescio</strong></span> <span class='ocrx_word' id='word_1_267' title='bbox 509 2761 571 2785; x_wconf 90' lang='lat' dir='ltr'><strong>cur</strong></span> <span class='ocrx_word' id='word_1_268' title='bbox 601 2762 700 2785; x_wconf 86' lang='lat' dir='ltr'><strong>secus</strong></span> <span class='ocrx_word' id='word_1_269' title='bbox 742 2752 901 2786; x_wconf 82' lang='lat' dir='ltr'><strong>statuerit</strong></span> <span class='ocrx_word' id='word_1_270' title='bbox 935 2753 967 2786; x_wconf 87' lang='lat' dir='ltr'><strong>h.</strong></span> <span class='ocrx_word' id='word_1_271' title='bbox 1000 2752 1022 2786; x_wconf 86' lang='grc' dir='ltr'><strong>Ι.</strong></span> 
     </span>
     <span class='ocr_line' id='line_1_53' title="bbox 362 2797 1021 2851; baseline 0.005 -21"><span class='ocrx_word' id='word_1_272' title='bbox 362 2797 558 2837; x_wconf 85' lang='lat' dir='ltr'><strong>Bekkerus,</strong></span> <span class='ocrx_word' id='word_1_273' title='bbox 584 2797 642 2851; x_wconf 82' lang='lat' dir='ltr'><strong>qui</strong></span> <span class='ocrx_word' id='word_1_274' title='bbox 665 2798 783 2833; x_wconf 83' lang='lat' dir='ltr'><strong>anecd.</strong></span> <span class='ocrx_word' id='word_1_275' title='bbox 807 2809 842 2843; x_wconf 91' lang='lat' dir='ltr'><strong>p.</strong></span> <span class='ocrx_word' id='word_1_276' title='bbox 864 2799 946 2839; x_wconf 74' lang='lat'><strong>263,</strong></span> <span class='ocrx_word' id='word_1_277' title='bbox 964 2799 1021 2833; x_wconf 73' lang='lat'><strong>26.</strong></span> 
     </span>
     <span class='ocr_line' id='line_1_54' title="bbox 362 2840 1023 2891; baseline 0.005 -15"><span class='ocrx_word' id='word_1_278' title='bbox 362 2843 497 2879; x_wconf 81' lang='grc' dir='ltr'><strong><em>θᾶκοι·</em></strong></span> <span class='ocrx_word' id='word_1_279' title='bbox 519 2840 719 2886; x_wconf 80' lang='grc' dir='ltr'><strong><em>καθέδραι.</em></strong></span> <span class='ocrx_word' id='word_1_280' title='bbox 740 2844 889 2880; x_wconf 79' lang='lat' dir='ltr'><strong>ediderit</strong></span> <span class='ocrx_word' id='word_1_281' title='bbox 918 2850 1023 2891; x_wconf 79' lang='lat' dir='ltr'><strong>atque</strong></span> 
     </span>
    </p>
   </div>
   <div class='ocr_carea' id='block_1_15' title="bbox 1078 860 1744 1368">
    <p class='ocr_par' dir='ltr' id='par_1_23' title="bbox 1078 860 1744 1368">
     <span class='ocr_line' id='line_1_55' title="bbox 1080 860 1740 905; baseline 0.002 -11"><span class='ocrx_word' id='word_1_282' title='bbox 1080 873 1105 895; x_wconf 85' lang='grc' dir='ltr'><strong><em>α</em></strong></span> <span class='ocrx_word' id='word_1_283' title='bbox 1135 860 1271 905; x_wconf 82' lang='lat' dir='ltr'><strong>longum</strong></span> <span class='ocrx_word' id='word_1_284' title='bbox 1307 873 1383 895; x_wconf 87' lang='lat' dir='ltr'><strong>esse</strong></span> <span class='ocrx_word' id='word_1_285' title='bbox 1419 860 1509 895; x_wconf 85' lang='lat' dir='ltr'><strong>haud</strong></span> <span class='ocrx_word' id='word_1_286' title='bbox 1542 860 1644 896; x_wconf 80' lang='lat' dir='ltr'><strong>dubie</strong></span> <span class='ocrx_word' id='word_1_287' title='bbox 1674 873 1740 895; x_wconf 89' lang='lat' dir='ltr'><strong>non</strong></span> 
     </span>
     <span class='ocr_line' id='line_1_56' title="bbox 1078 908 1739 952; baseline 0.003 -12"><span class='ocrx_word' id='word_1_288' title='bbox 1078 908 1265 951; x_wconf 76' lang='lat' dir='ltr'><strong>ignoraret.</strong></span> <span class='ocrx_word' id='word_1_289' title='bbox 1321 908 1363 941; x_wconf 89' lang='lat' dir='ltr'><strong>V.</strong></span> <span class='ocrx_word' id='word_1_290' title='bbox 1399 908 1504 952; x_wconf 78' lang='lat' dir='ltr'><strong>Soph.</strong></span> <span class='ocrx_word' id='word_1_291' title='bbox 1541 909 1618 941; x_wconf 83' lang='lat' dir='ltr'><strong>Ant.</strong></span> <span class='ocrx_word' id='word_1_292' title='bbox 1651 910 1739 942; x_wconf 85' lang='lat'>986:</span> 
     </span>
     <span class='ocr_line' id='line_1_57' title="bbox 1079 951 1741 998; baseline 0 -10"><span class='ocrx_word' id='word_1_293' title='bbox 1079 955 1131 994; x_wconf 82' lang='grc' dir='ltr'><strong>εἰς</strong></span> <span class='ocrx_word' id='word_1_294' title='bbox 1158 952 1228 997; x_wconf 75' lang='grc' dir='ltr'><strong>γὰρ</strong></span> <span class='ocrx_word' id='word_1_295' title='bbox 1251 951 1412 987; x_wconf 82' lang='grc' dir='ltr'><strong><em>παλαιὸν</em></strong></span> <span class='ocrx_word' id='word_1_296' title='bbox 1432 954 1563 988; x_wconf 78' lang='grc' dir='ltr'><strong><em>θᾶκον</em></strong></span> <span class='ocrx_word' id='word_1_297' title='bbox 1591 951 1741 998; x_wconf 80' lang='grc' dir='ltr'><strong><em>ὀρνιθο-</em></strong></span> 
     </span>
     <span class='ocr_line' id='line_1_58' title="bbox 1080 997 1741 1054; baseline 0.002 -20"><span class='ocrx_word' id='word_1_298' title='bbox 1080 997 1234 1034; x_wconf 85' lang='grc' dir='ltr'><strong><em>σκόπον</em></strong></span> <span class='ocrx_word' id='word_1_299' title='bbox 1287 1000 1459 1054; x_wconf 79' lang='lat' dir='ltr'><strong>Aristoph.</strong></span> <span class='ocrx_word' id='word_1_300' title='bbox 1502 1001 1588 1034; x_wconf 85' lang='lat' dir='ltr'><strong>Ran.</strong></span> <span class='ocrx_word' id='word_1_301' title='bbox 1633 1001 1741 1035; x_wconf 86' lang='grc'><strong>1511.</strong></span> 
     </span>
     <span class='ocr_line' id='line_1_59' title="bbox 1078 1043 1742 1089; baseline 0 -9"><span class='ocrx_word' id='word_1_302' title='bbox 1078 1046 1201 1080; x_wconf 84' lang='grc' dir='ltr'><strong><em>ταῦτα</em></strong></span> <span class='ocrx_word' id='word_1_303' title='bbox 1232 1043 1395 1089; x_wconf 85' lang='grc' dir='ltr'><strong><em>ποιήσω·</em></strong></span> <span class='ocrx_word' id='word_1_304' title='bbox 1434 1044 1478 1079; x_wconf 83' lang='grc' dir='ltr'><strong><em>σὺ</em></strong></span> <span class='ocrx_word' id='word_1_305' title='bbox 1505 1043 1544 1079; x_wconf 77' lang='grc' dir='ltr'><strong>δὲ</strong></span> <span class='ocrx_word' id='word_1_306' title='bbox 1571 1043 1638 1080; x_wconf 78' lang='grc' dir='ltr'><strong>τόν</strong></span> <span class='ocrx_word' id='word_1_307' title='bbox 1665 1046 1742 1080; x_wconf 78' lang='grc' dir='ltr'><strong><em>θᾶ-</em></strong></span> 
     </span>
     <span class='ocr_line' id='line_1_60' title="bbox 1079 1089 1741 1135; baseline 0 -9"><span class='ocrx_word' id='word_1_308' title='bbox 1079 1105 1157 1126; x_wconf 87' lang='grc' dir='ltr'><strong><em>κον.</em></strong></span> <span class='ocrx_word' id='word_1_309' title='bbox 1198 1094 1303 1126; x_wconf 81' lang='lat'><strong>1518:</strong></span> <span class='ocrx_word' id='word_1_310' title='bbox 1328 1089 1505 1135; x_wconf 66' lang='grc' dir='ltr'><strong><em>μηδέποτ’</em></strong></span> <span class='ocrx_word' id='word_1_311' title='bbox 1525 1089 1561 1132; x_wconf 79' lang='grc' dir='ltr'><strong>ἐς</strong></span> <span class='ocrx_word' id='word_1_312' title='bbox 1580 1090 1647 1126; x_wconf 80' lang='grc' dir='ltr'><strong>τόν</strong></span> <span class='ocrx_word' id='word_1_313' title='bbox 1667 1093 1741 1126; x_wconf 74' lang='grc' dir='ltr'><strong><em>θᾶ-</em></strong></span> 
     </span>
     <span class='ocr_line' id='line_1_61' title="bbox 1079 1135 1743 1180; baseline 0 -8"><span class='ocrx_word' id='word_1_314' title='bbox 1079 1150 1146 1172; x_wconf 86' lang='grc' dir='ltr'><strong>κον</strong></span> <span class='ocrx_word' id='word_1_315' title='bbox 1174 1135 1242 1172; x_wconf 77' lang='grc' dir='ltr'><strong>τόν</strong></span> <span class='ocrx_word' id='word_1_316' title='bbox 1273 1135 1373 1180; x_wconf 77' lang='grc' dir='ltr'><strong><em>ἐιιόν.</em></strong></span> <span class='ocrx_word' id='word_1_317' title='bbox 1421 1139 1513 1172; x_wconf 90' lang='lat' dir='ltr'><strong>Nub.</strong></span> <span class='ocrx_word' id='word_1_318' title='bbox 1547 1140 1636 1173; x_wconf 85' lang='lat'><strong>993:</strong></span> <span class='ocrx_word' id='word_1_319' title='bbox 1679 1137 1743 1172; x_wconf 85' lang='grc' dir='ltr'><strong>καὶ</strong></span> 
     </span>
     <span class='ocr_line' id='line_1_62' title="bbox 1079 1182 1742 1230; baseline 0 -12"><span class='ocrx_word' id='word_1_320' title='bbox 1079 1185 1155 1218; x_wconf 74' lang='grc' dir='ltr'><strong>τῶν</strong></span> <span class='ocrx_word' id='word_1_321' title='bbox 1183 1182 1314 1218; x_wconf 79' lang='grc' dir='ltr'><strong><em>θάκων</em></strong></span> <span class='ocrx_word' id='word_1_322' title='bbox 1351 1187 1431 1224; x_wconf 87' lang='grc' dir='ltr'><strong><em>τοῖς</em></strong></span> <span class='ocrx_word' id='word_1_323' title='bbox 1467 1183 1742 1230; x_wconf 71' lang='grc' dir='ltr'><strong><em>πρεσβυτέροις.</em></strong></span> 
     </span>
     <span class='ocr_line' id='line_1_63' title="bbox 1081 1231 1744 1276; baseline 0.003 -13"><span class='ocrx_word' id='word_1_324' title='bbox 1081 1231 1173 1271; x_wconf 85' lang='lat' dir='ltr'><strong>Quin</strong></span> <span class='ocrx_word' id='word_1_325' title='bbox 1192 1231 1297 1275; x_wconf 81' lang='lat' dir='ltr'><strong>igitur</strong></span> <span class='ocrx_word' id='word_1_326' title='bbox 1327 1231 1648 1276; x_wconf 74' lang='lat' dir='ltr'><strong>properisponienon</strong></span> <span class='ocrx_word' id='word_1_327' title='bbox 1667 1243 1744 1265; x_wconf 88' lang='lat' dir='ltr'><strong>esse</strong></span> 
     </span>
     <span class='ocr_line' id='line_1_64' title="bbox 1080 1277 1741 1321; baseline 0.002 -11"><span class='ocrx_word' id='word_1_328' title='bbox 1080 1277 1215 1319; x_wconf 85' lang='lat' dir='ltr'><strong>debeat,</strong></span> <span class='ocrx_word' id='word_1_329' title='bbox 1241 1288 1307 1309; x_wconf 90' lang='lat' dir='ltr'><strong>non</strong></span> <span class='ocrx_word' id='word_1_330' title='bbox 1331 1277 1568 1321; x_wconf 77' lang='lat' dir='ltr'><strong>ambigendiun</strong></span> <span class='ocrx_word' id='word_1_331' title='bbox 1590 1277 1741 1320; x_wconf 83' lang='lat' dir='ltr'><strong>videtur,</strong></span> 
     </span>
     <span class='ocr_line' id='line_1_65' title="bbox 1079 1323 1742 1368; baseline 0.003 -12"><span class='ocrx_word' id='word_1_332' title='bbox 1079 1323 1181 1368; x_wconf 90' lang='lat' dir='ltr'><strong>idque</strong></span> <span class='ocrx_word' id='word_1_333' title='bbox 1214 1323 1319 1356; x_wconf 83' lang='lat' dir='ltr'><strong>altero</strong></span> <span class='ocrx_word' id='word_1_334' title='bbox 1351 1323 1504 1356; x_wconf 79' lang='lat' dir='ltr'><strong>Platonis</strong></span> <span class='ocrx_word' id='word_1_335' title='bbox 1528 1323 1602 1357; x_wconf 85' lang='lat' dir='ltr'><strong>loco</strong></span> <span class='ocrx_word' id='word_1_336' title='bbox 1636 1323 1742 1358; x_wconf 82' lang='lat' dir='ltr'><strong>resti-</strong></span> 
     </span>
    </p>
   </div>
   <div class='ocr_carea' id='block_1_16' title="bbox 1071 1367 1740 1425">
    <p class='ocr_par' dir='ltr' id='par_1_24' title="bbox 1071 1367 1740 1425">
     <span class='ocr_line' id='line_1_66' title="bbox 1071 1367 1740 1425; baseline 0.002 -23"><span class='ocrx_word' id='word_1_337' title='bbox 1071 1370 1260 1411; x_wconf 70' lang='lat' dir='ltr'><strong>tuendum,</strong></span> <span class='ocrx_word' id='word_1_338' title='bbox 1285 1369 1383 1402; x_wconf 89' lang='lat' dir='ltr'><strong>Polit.</strong></span> <span class='ocrx_word' id='word_1_339' title='bbox 1392 1381 1443 1425; x_wconf 88' lang='lat' dir='ltr'><strong>p</strong></span> <span class='ocrx_word' id='word_1_340' title='bbox 1467 1369 1545 1405; x_wconf 76' lang='lat'><strong>288.</strong></span> <span class='ocrx_word' id='word_1_341' title='bbox 1571 1371 1621 1403; x_wconf 92' lang='grc' dir='ltr'><strong>Α.</strong></span> <span class='ocrx_word' id='word_1_342' title='bbox 1653 1367 1740 1405; x_wconf 83' lang='grc' dir='ltr'><strong><em>τού-</em></strong></span> 
     </span>
    </p>
   </div>
   <div class='ocr_carea' id='block_1_17' title="bbox 1077 1412 1744 2614">
    <p class='ocr_par' dir='ltr' id='par_1_25' title="bbox 1077 1412 1744 1923">
     <span class='ocr_line' id='line_1_67' title="bbox 1079 1412 1740 1471; baseline 0.003 -23"><span class='ocrx_word' id='word_1_343' title='bbox 1079 1428 1154 1449; x_wconf 89' lang='grc' dir='ltr'><strong>των</strong></span> <span class='ocrx_word' id='word_1_344' title='bbox 1179 1412 1223 1459; x_wconf 80' lang='grc' dir='ltr'><strong>δή</strong></span> <span class='ocrx_word' id='word_1_345' title='bbox 1247 1414 1372 1469; x_wconf 79' lang='grc' dir='ltr'><strong><em>τρίτον</em></strong></span> <span class='ocrx_word' id='word_1_346' title='bbox 1389 1412 1513 1459; x_wconf 75' lang='grc' dir='ltr'><strong><em>ἕτερον</em></strong></span> <span class='ocrx_word' id='word_1_347' title='bbox 1536 1412 1634 1456; x_wconf 81' lang='grc' dir='ltr'><strong><em>εἶδος</em></strong></span> <span class='ocrx_word' id='word_1_348' title='bbox 1656 1428 1740 1471; x_wconf 85' lang='grc' dir='ltr'><strong><em>κτη-</em></strong></span> 
     </span>
     <span class='ocr_line' id='line_1_68' title="bbox 1078 1459 1741 1518; baseline 0.002 -23"><span class='ocrx_word' id='word_1_349' title='bbox 1078 1459 1207 1517; x_wconf 78' lang='grc' dir='ltr'><strong><em>μάτων</em></strong></span> <span class='ocrx_word' id='word_1_350' title='bbox 1230 1463 1407 1504; x_wconf 80' lang='grc' dir='ltr'><strong><em>παμπολυ</em></strong></span> <span class='ocrx_word' id='word_1_351' title='bbox 1425 1460 1690 1518; x_wconf 66' lang='grc' dir='ltr'><strong><em>κατοπτξον-</em></strong></span> <span class='ocrx_word' id='word_1_352' title='bbox 1696 1459 1741 1496; x_wconf 76' lang='grc' dir='ltr'><strong>ἐν</strong></span> 
     </span>
     <span class='ocr_line' id='line_1_69' title="bbox 1080 1504 1742 1564; baseline 0 -22"><span class='ocrx_word' id='word_1_353' title='bbox 1080 1504 1202 1564; x_wconf 80' lang='grc' dir='ltr'><strong><em>ὄνομα</em></strong></span> <span class='ocrx_word' id='word_1_354' title='bbox 1223 1505 1259 1550; x_wconf 80' lang='grc' dir='ltr'><strong>ἔχ</strong></span> <span class='ocrx_word' id='word_1_355' title='bbox 1261 1519 1325 1550; x_wconf 83' lang='grc' dir='ltr'><strong>ον,</strong></span> <span class='ocrx_word' id='word_1_356' title='bbox 1351 1505 1448 1541; x_wconf 85' lang='grc' dir='ltr'><strong><em>διότι</em></strong></span> <span class='ocrx_word' id='word_1_357' title='bbox 1468 1508 1545 1541; x_wconf 79' lang='grc' dir='ltr'><strong>πᾶν</strong></span> <span class='ocrx_word' id='word_1_358' title='bbox 1563 1505 1672 1542; x_wconf 78' lang='grc' dir='ltr'><strong><em>ἕνεκα</em></strong></span> <span class='ocrx_word' id='word_1_359' title='bbox 1690 1521 1742 1542; x_wconf 83' lang='grc' dir='ltr'><strong>τι·</strong></span> 
     </span>
     <span class='ocr_line' id='line_1_70' title="bbox 1079 1551 1742 1609; baseline 0.002 -22"><span class='ocrx_word' id='word_1_360' title='bbox 1079 1566 1144 1593; x_wconf 88' lang='grc' dir='ltr'><strong>νος</strong></span> <span class='ocrx_word' id='word_1_361' title='bbox 1167 1551 1328 1609; x_wconf 79' lang='grc' dir='ltr'><strong><em>ἐφέδροις</em></strong></span> <span class='ocrx_word' id='word_1_362' title='bbox 1350 1552 1438 1597; x_wconf 82' lang='grc' dir='ltr'><strong><em>εστὶ,</em></strong></span> <span class='ocrx_word' id='word_1_363' title='bbox 1457 1554 1580 1607; x_wconf 81' lang='grc' dir='ltr'><strong><em>θᾶκος</em></strong></span> <span class='ocrx_word' id='word_1_364' title='bbox 1598 1552 1659 1588; x_wconf 71' lang='grc' dir='ltr'><strong>ἀεί</strong></span> <span class='ocrx_word' id='word_1_365' title='bbox 1668 1566 1742 1588; x_wconf 90' lang='grc' dir='ltr'><strong><em>τινι</em></strong></span> 
     </span>
     <span class='ocr_line' id='line_1_71' title="bbox 1078 1580 1742 1646; baseline 0 -12"><span class='ocrx_word' id='word_1_366' title='bbox 1078 1597 1304 1644; x_wconf 79' lang='grc' dir='ltr'><strong><em>γιγνόμενον.</em></strong></span> <span class='ocrx_word' id='word_1_367' title='bbox 1337 1612 1403 1644; x_wconf 88' lang='lat' dir='ltr'><strong>quo</strong></span> <span class='ocrx_word' id='word_1_368' title='bbox 1426 1580 1500 1634; x_wconf 82' lang='lat' dir='ltr'><strong>loco</strong></span> <span class='ocrx_word' id='word_1_369' title='bbox 1525 1601 1554 1634; x_wconf 85' lang='lat' dir='ltr'><strong>si</strong></span> <span class='ocrx_word' id='word_1_370' title='bbox 1578 1601 1655 1646; x_wconf 92' lang='lat' dir='ltr'><strong>quis</strong></span> <span class='ocrx_word' id='word_1_371' title='bbox 1679 1612 1742 1646; x_wconf 91' lang='lat' dir='ltr'><strong>pro</strong></span> 
     </span>
     <span class='ocr_line' id='line_1_72' title="bbox 1079 1646 1743 1691; baseline 0 -11"><span class='ocrx_word' id='word_1_372' title='bbox 1079 1650 1198 1680; x_wconf 78' lang='lat' dir='ltr'><strong>neutro</strong></span> <span class='ocrx_word' id='word_1_373' title='bbox 1231 1646 1357 1679; x_wconf 86' lang='lat' dir='ltr'><strong>habeat</strong></span> <span class='ocrx_word' id='word_1_374' title='bbox 1387 1657 1430 1679; x_wconf 85' lang='lat' dir='ltr'><strong>ex</strong></span> <span class='ocrx_word' id='word_1_375' title='bbox 1471 1659 1580 1691; x_wconf 87' lang='lat' dir='ltr'><strong>eoque</strong></span> <span class='ocrx_word' id='word_1_376' title='bbox 1617 1647 1743 1681; x_wconf 81' lang='lat' dir='ltr'><strong>codicis</strong></span> 
     </span>
     <span class='ocr_line' id='line_1_73' title="bbox 1079 1692 1744 1737; baseline 0 -11"><span class='ocrx_word' id='word_1_377' title='bbox 1079 1692 1287 1726; x_wconf 85' lang='lat' dir='ltr'><strong>Ravennatis</strong></span> <span class='ocrx_word' id='word_1_378' title='bbox 1310 1692 1462 1726; x_wconf 87' lang='lat' dir='ltr'><strong>Nubium</strong></span> <span class='ocrx_word' id='word_1_379' title='bbox 1492 1695 1515 1726; x_wconf 95' lang='lat' dir='ltr'><strong>l.</strong></span> <span class='ocrx_word' id='word_1_380' title='bbox 1541 1704 1571 1727; x_wconf 91' lang='lat' dir='ltr'><strong>c.</strong></span> <span class='ocrx_word' id='word_1_381' title='bbox 1590 1693 1744 1737; x_wconf 76' lang='lat' dir='ltr'><strong>scriptii-</strong></span> 
     </span>
     <span class='ocr_line' id='line_1_74' title="bbox 1079 1738 1741 1783; baseline 0 -11"><span class='ocrx_word' id='word_1_382' title='bbox 1079 1750 1152 1772; x_wconf 85' lang='lat' dir='ltr'><strong>ram</strong></span> <span class='ocrx_word' id='word_1_383' title='bbox 1173 1738 1309 1772; x_wconf 80' lang='grc' dir='ltr'><strong><em>θακῶν</em></strong></span> <span class='ocrx_word' id='word_1_384' title='bbox 1336 1739 1471 1772; x_wconf 82' lang='lat' dir='ltr'><strong>defendi</strong></span> <span class='ocrx_word' id='word_1_385' title='bbox 1495 1750 1596 1783; x_wconf 82' lang='lat' dir='ltr'><strong>posse</strong></span> <span class='ocrx_word' id='word_1_386' title='bbox 1621 1739 1741 1773; x_wconf 78' lang='lat' dir='ltr'><strong>exis‘ti-</strong></span> 
     </span>
     <span class='ocr_line' id='line_1_75' title="bbox 1078 1786 1741 1825; baseline 0.003 -8"><span class='ocrx_word' id='word_1_387' title='bbox 1078 1789 1167 1825; x_wconf 83' lang='lat' dir='ltr'><strong>met,</strong></span> <span class='ocrx_word' id='word_1_388' title='bbox 1193 1797 1214 1818; x_wconf 84' lang='lat' dir='ltr'><strong>a</strong></span> <span class='ocrx_word' id='word_1_389' title='bbox 1236 1797 1317 1818; x_wconf 81' lang='lat' dir='ltr'><strong>vero</strong></span> <span class='ocrx_word' id='word_1_390' title='bbox 1342 1796 1407 1818; x_wconf 93' lang='lat' dir='ltr'><strong>non</strong></span> <span class='ocrx_word' id='word_1_391' title='bbox 1430 1786 1657 1820; x_wconf 82' lang='lat' dir='ltr'><strong>aberraverit.</strong></span> <span class='ocrx_word' id='word_1_392' title='bbox 1681 1786 1741 1819; x_wconf 79' lang='lat' dir='ltr'><strong>Si-</strong></span> 
     </span>
     <span class='ocr_line' id='line_1_76' title="bbox 1077 1831 1742 1875; baseline 0.003 -11"><span class='ocrx_word' id='word_1_393' title='bbox 1077 1831 1170 1864; x_wconf 84' lang='lat' dir='ltr'><strong>milia</strong></span> <span class='ocrx_word' id='word_1_394' title='bbox 1195 1843 1227 1864; x_wconf 91' lang='lat' dir='ltr'><strong>v.</strong></span> <span class='ocrx_word' id='word_1_395' title='bbox 1249 1831 1285 1864; x_wconf 91' lang='lat' dir='ltr'><strong>in</strong></span> <span class='ocrx_word' id='word_1_396' title='bbox 1318 1831 1514 1865; x_wconf 89' lang='lat' dir='ltr'><strong>Buttmanni</strong></span> <span class='ocrx_word' id='word_1_397' title='bbox 1545 1842 1686 1875; x_wconf 83' lang='lat' dir='ltr'><strong>grauun.</strong></span> <span class='ocrx_word' id='word_1_398' title='bbox 1710 1831 1742 1866; x_wconf 92' lang='grc' dir='ltr'><strong>Ι.</strong></span> 
     </span>
     <span class='ocr_line' id='line_1_77' title="bbox 1078 1878 1389 1923; baseline 0 -13"><span class='ocrx_word' id='word_1_399' title='bbox 1078 1888 1112 1922; x_wconf 88' lang='lat' dir='ltr'><strong>p.</strong></span> <span class='ocrx_word' id='word_1_400' title='bbox 1137 1879 1217 1912; x_wconf 74' lang='lat'><strong>208.</strong></span> <span class='ocrx_word' id='word_1_401' title='bbox 1242 1880 1311 1911; x_wconf 89' lang='lat' dir='ltr'><strong>not.</strong></span> <span class='ocrx_word' id='word_1_402' title='bbox 1338 1878 1389 1923; x_wconf 58' lang='grc'><strong>4.&gt;</strong></span> 
     </span>
    </p>

    <p class='ocr_par' dir='ltr' id='par_1_26' title="bbox 1077 1920 1742 2003">
     <span class='ocr_line' id='line_1_78' title="bbox 1123 1920 1742 1968; baseline 0.005 -12"><span class='ocrx_word' id='word_1_403' title='bbox 1123 1923 1339 1968; x_wconf 84' lang='grc' dir='ltr'><strong><em>καθίζοιτο]</em></strong></span> <span class='ocrx_word' id='word_1_404' title='bbox 1366 1920 1564 1965; x_wconf 80' lang='grc' dir='ltr'><strong><em>καθέζοιτο</em></strong></span> <span class='ocrx_word' id='word_1_405' title='bbox 1587 1923 1680 1959; x_wconf 88' lang='grc' dir='ltr'><strong><em>Μοιι.</em></strong></span> <span class='ocrx_word' id='word_1_406' title='bbox 1699 1922 1742 1959; x_wconf 89' lang='grc' dir='ltr'><strong>Β.</strong></span> 
     </span>
     <span class='ocr_line' id='line_1_79' title="bbox 1077 1969 1242 2004; baseline 0.006 -2"><span class='ocrx_word' id='word_1_407' title='bbox 1077 1969 1173 2004; x_wconf 88' lang='lat' dir='ltr'><strong>Flor.</strong></span> <span class='ocrx_word' id='word_1_408' title='bbox 1197 1970 1242 2003; x_wconf 89' lang='lat' dir='ltr'><strong>U.</strong></span> 
     </span>
    </p>

    <p class='ocr_par' dir='ltr' id='par_1_27' title="bbox 1077 2010 1744 2382">
     <span class='ocr_line' id='line_1_80' title="bbox 1126 2010 1490 2070; baseline 0 -22"><span class='ocrx_word' id='word_1_409' title='bbox 1126 2010 1184 2070; x_wconf 75' lang='grc' dir='ltr'><strong>ἆρ’</strong></span> <span class='ocrx_word' id='word_1_410' title='bbox 1198 2016 1210 2059; x_wconf 93' lang='grc'><strong><em>]</em></strong></span> <span class='ocrx_word' id='word_1_411' title='bbox 1238 2010 1296 2058; x_wconf 74' lang='grc' dir='ltr'><strong>ἄρ’</strong></span> <span class='ocrx_word' id='word_1_412' title='bbox 1321 2014 1422 2049; x_wconf 88' lang='lat' dir='ltr'><strong>Vind.</strong></span> <span class='ocrx_word' id='word_1_413' title='bbox 1445 2015 1490 2049; x_wconf 89' lang='lat' dir='ltr'><strong>F.</strong></span> 
     </span>
     <span class='ocr_line' id='line_1_81' title="bbox 1086 2058 1742 2104; baseline 0 -10"><span class='ocrx_word' id='word_1_414' title='bbox 1086 2074 1087 2077; x_wconf 52' lang='lat'>¹</span> <span class='ocrx_word' id='word_1_415' title='bbox 1125 2058 1332 2104; x_wconf 67' lang='grc' dir='ltr'><strong><em>ἀνάπλεως]</em></strong></span> <span class='ocrx_word' id='word_1_416' title='bbox 1361 2058 1534 2095; x_wconf 74' lang='grc' dir='ltr'><strong><em>ἀνάπλεω</em></strong></span> <span class='ocrx_word' id='word_1_417' title='bbox 1555 2060 1646 2095; x_wconf 88' lang='lat' dir='ltr'><strong>idem</strong></span> <span class='ocrx_word' id='word_1_418' title='bbox 1665 2072 1742 2095; x_wconf 85' lang='lat' dir='ltr'><strong>cum</strong></span> 
     </span>
     <span class='ocr_line' id='line_1_82' title="bbox 1078 2106 1744 2162; baseline 0 -22"><span class='ocrx_word' id='word_1_419' title='bbox 1078 2106 1181 2141; x_wconf 86' lang='lat' dir='ltr'><strong>litura</strong></span> <span class='ocrx_word' id='word_1_420' title='bbox 1213 2110 1302 2162; x_wconf 82' lang='lat' dir='ltr'><strong>post</strong></span> <span class='ocrx_word' id='word_1_421' title='bbox 1323 2118 1363 2141; x_wconf 92' lang='grc' dir='ltr'><strong>ω.</strong></span> <span class='ocrx_word' id='word_1_422' title='bbox 1426 2106 1562 2141; x_wconf 85' lang='lat' dir='ltr'><strong>Timaei</strong></span> <span class='ocrx_word' id='word_1_423' title='bbox 1593 2107 1744 2152; x_wconf 79' lang='lat' dir='ltr'><strong>glossam</strong></span> 
     </span>
     <span class='ocr_line' id='line_1_83' title="bbox 1078 2121 1740 2198; baseline -0.002 -10"><span class='ocrx_word' id='word_1_424' title='bbox 1078 2163 1111 2198; x_wconf 88' lang='lat' dir='ltr'><strong>p.</strong></span> <span class='ocrx_word' id='word_1_425' title='bbox 1138 2155 1194 2188; x_wconf 86' lang='lat'><strong>30.</strong></span> <span class='ocrx_word' id='word_1_426' title='bbox 1229 2149 1438 2192; x_wconf 82' lang='grc' dir='ltr'><strong><em>ανάπλεως·</em></strong></span> <span class='ocrx_word' id='word_1_427' title='bbox 1460 2121 1740 2197; x_wconf 67' lang='grc' dir='ltr'><strong><em>ἀναπεπλησμέ-</em></strong></span> 
     </span>
     <span class='ocr_line' id='line_1_84' title="bbox 1077 2196 1741 2244; baseline -0.002 -11"><span class='ocrx_word' id='word_1_428' title='bbox 1077 2211 1153 2239; x_wconf 87' lang='grc' dir='ltr'><strong><em>νος.</em></strong></span> <span class='ocrx_word' id='word_1_429' title='bbox 1185 2199 1317 2243; x_wconf 84' lang='grc' dir='ltr'><strong><em>χρῆται</em></strong></span> <span class='ocrx_word' id='word_1_430' title='bbox 1340 2197 1380 2233; x_wconf 73' lang='grc' dir='ltr'><strong>δὲ</strong></span> <span class='ocrx_word' id='word_1_431' title='bbox 1409 2196 1470 2233; x_wconf 82' lang='grc' dir='ltr'><strong>ἐπὶ</strong></span> <span class='ocrx_word' id='word_1_432' title='bbox 1499 2199 1568 2234; x_wconf 85' lang='grc' dir='ltr'><strong><em>τοῦ</em></strong></span> <span class='ocrx_word' id='word_1_433' title='bbox 1586 2201 1741 2244; x_wconf 83' lang='grc' dir='ltr'><strong><em>μεμολυ-</em></strong></span> 
     </span>
     <span class='ocr_line' id='line_1_85' title="bbox 1079 2243 1742 2291; baseline 0 -12"><span class='ocrx_word' id='word_1_434' title='bbox 1079 2243 1227 2288; x_wconf 85' lang='grc' dir='ltr'><strong><em>σμένον.</em></strong></span> <span class='ocrx_word' id='word_1_435' title='bbox 1245 2245 1352 2278; x_wconf 88' lang='lat' dir='ltr'><strong>minus</strong></span> <span class='ocrx_word' id='word_1_436' title='bbox 1370 2249 1465 2279; x_wconf 87' lang='lat' dir='ltr'><strong>recte</strong></span> <span class='ocrx_word' id='word_1_437' title='bbox 1484 2246 1550 2280; x_wconf 89' lang='lat' dir='ltr'><strong>huc</strong></span> <span class='ocrx_word' id='word_1_438' title='bbox 1566 2247 1742 2291; x_wconf 81' lang='lat' dir='ltr'><strong>pertinere</strong></span> 
     </span>
     <span class='ocr_line' id='line_1_86' title="bbox 1077 2291 1742 2335; baseline 0.002 -10"><span class='ocrx_word' id='word_1_439' title='bbox 1077 2292 1200 2325; x_wconf 75' lang='lat' dir='ltr'><strong>statuit</strong></span> <span class='ocrx_word' id='word_1_440' title='bbox 1233 2291 1517 2335; x_wconf 56' lang='lat' dir='ltr'><strong>WVyttenbachius</strong></span> <span class='ocrx_word' id='word_1_441' title='bbox 1558 2292 1658 2331; x_wconf 83' lang='lat' dir='ltr'><strong>anim.</strong></span> <span class='ocrx_word' id='word_1_442' title='bbox 1704 2292 1742 2326; x_wconf 83' lang='lat' dir='ltr'><strong>in</strong></span> 
     </span>
     <span class='ocr_line' id='line_1_87' title="bbox 1078 2337 1451 2382; baseline 0.005 -11"><span class='ocrx_word' id='word_1_443' title='bbox 1078 2337 1169 2371; x_wconf 88' lang='lat' dir='ltr'><strong>Plut.</strong></span> <span class='ocrx_word' id='word_1_444' title='bbox 1196 2338 1240 2371; x_wconf 89' lang='lat' dir='ltr'><strong>T.</strong></span> <span class='ocrx_word' id='word_1_445' title='bbox 1261 2338 1288 2371; x_wconf 91' lang='grc' dir='ltr'><strong>Ι.</strong></span> <span class='ocrx_word' id='word_1_446' title='bbox 1314 2349 1348 2382; x_wconf 89' lang='lat' dir='ltr'><strong>p.</strong></span> <span class='ocrx_word' id='word_1_447' title='bbox 1372 2339 1451 2373; x_wconf 71' lang='lat'><strong>292.</strong></span> 
     </span>
    </p>

    <p class='ocr_par' dir='ltr' id='par_1_28' title="bbox 1077 2383 1741 2603">
     <span class='ocr_line' id='line_1_88' title="bbox 1125 2383 1741 2429; baseline 0 -12"><span class='ocrx_word' id='word_1_448' title='bbox 1125 2384 1241 2428; x_wconf 87' lang='grc' dir='ltr'><strong><em>σχοίη]</em></strong></span> <span class='ocrx_word' id='word_1_449' title='bbox 1265 2383 1318 2417; x_wconf 87' lang='lat' dir='ltr'><strong>De</strong></span> <span class='ocrx_word' id='word_1_450' title='bbox 1341 2384 1405 2418; x_wconf 87' lang='lat' dir='ltr'><strong>hoc</strong></span> <span class='ocrx_word' id='word_1_451' title='bbox 1427 2383 1580 2428; x_wconf 86' lang='lat' dir='ltr'><strong>optativo</strong></span> <span class='ocrx_word' id='word_1_452' title='bbox 1601 2387 1741 2429; x_wconf 72' lang='lat' dir='ltr'><strong>praeter</strong></span> 
     </span>
     <span class='ocr_line' id='line_1_89' title="bbox 1077 2429 1741 2475; baseline 0 -11"><span class='ocrx_word' id='word_1_453' title='bbox 1077 2429 1230 2464; x_wconf 84' lang='lat' dir='ltr'><strong>Platonis</strong></span> <span class='ocrx_word' id='word_1_454' title='bbox 1267 2431 1542 2463; x_wconf 82' lang='lat' dir='ltr'><strong>consuetudinem</strong></span> <span class='ocrx_word' id='word_1_455' title='bbox 1570 2429 1741 2475; x_wconf 80' lang='lat' dir='ltr'><strong>particula</strong></span> 
     </span>
     <span class='ocr_line' id='line_1_90' title="bbox 1081 2476 1741 2520; baseline 0.005 -11"><span class='ocrx_word' id='word_1_456' title='bbox 1081 2488 1128 2509; x_wconf 86' lang='grc' dir='ltr'><strong>αν</strong></span> <span class='ocrx_word' id='word_1_457' title='bbox 1152 2476 1314 2510; x_wconf 86' lang='lat' dir='ltr'><strong>destituto</strong></span> <span class='ocrx_word' id='word_1_458' title='bbox 1349 2477 1390 2510; x_wconf 84' lang='lat' dir='ltr'><strong>cf.</strong></span> <span class='ocrx_word' id='word_1_459' title='bbox 1417 2476 1490 2511; x_wconf 90' lang='lat' dir='ltr'><strong>Vol.</strong></span> <span class='ocrx_word' id='word_1_460' title='bbox 1514 2476 1543 2510; x_wconf 91' lang='lat' dir='ltr'><strong>I.</strong></span> <span class='ocrx_word' id='word_1_461' title='bbox 1575 2487 1655 2520; x_wconf 77' lang='lat' dir='ltr'><strong>pag.</strong></span> <span class='ocrx_word' id='word_1_462' title='bbox 1682 2478 1741 2512; x_wconf 88' lang='grc'><strong>91.</strong></span> 
     </span>
     <span class='ocr_line' id='line_1_91' title="bbox 1078 2519 1740 2566; baseline 0.003 -11"><span class='ocrx_word' id='word_1_463' title='bbox 1078 2522 1167 2556; x_wconf 84' lang='lat' dir='ltr'><strong>Ante</strong></span> <span class='ocrx_word' id='word_1_464' title='bbox 1191 2519 1384 2562; x_wconf 69' lang='grc' dir='ltr'><strong><em>ἀνάπλεως</em></strong></span> <span class='ocrx_word' id='word_1_465' title='bbox 1406 2525 1518 2556; x_wconf 80' lang='lat' dir='ltr'><strong>tamen</strong></span> <span class='ocrx_word' id='word_1_466' title='bbox 1546 2522 1618 2556; x_wconf 74' lang='lat' dir='ltr'><strong>illa</strong></span> <span class='ocrx_word' id='word_1_467' title='bbox 1629 2523 1740 2566; x_wconf 81' lang='lat' dir='ltr'><strong>parti-</strong></span> 
     </span>
     <span class='ocr_line' id='line_1_92' title="bbox 1079 2568 1659 2614; baseline 0 -12"><span class='ocrx_word' id='word_1_468' title='bbox 1079 2570 1155 2602; x_wconf 80' lang='lat' dir='ltr'><strong>cula</strong></span> <span class='ocrx_word' id='word_1_469' title='bbox 1178 2569 1338 2602; x_wconf 87' lang='lat' dir='ltr'><strong>facillime</strong></span> <span class='ocrx_word' id='word_1_470' title='bbox 1361 2568 1519 2602; x_wconf 83' lang='lat' dir='ltr'><strong>excidere</strong></span> <span class='ocrx_word' id='word_1_471' title='bbox 1538 2568 1659 2614; x_wconf 78' lang='lat' dir='ltr'><strong>potuit.</strong></span> 
     </span>
    </p>
   </div>
   <div class='ocr_carea' id='block_1_18' title="bbox 1125 2607 1788 2660">
    <p class='ocr_par' dir='ltr' id='par_1_29' title="bbox 1125 2607 1788 2660">
     <span class='ocr_line' id='line_1_93' title="bbox 1125 2607 1788 2660; baseline 0 -12"><span class='ocrx_word' id='word_1_472' title='bbox 1125 2613 1223 2658; x_wconf 83' lang='grc' dir='ltr'><strong><em>Καὶ]</em></strong></span> <span class='ocrx_word' id='word_1_473' title='bbox 1260 2626 1326 2653; x_wconf 80' lang='lat' dir='ltr'><strong>om.</strong></span> <span class='ocrx_word' id='word_1_474' title='bbox 1361 2615 1461 2650; x_wconf 90' lang='lat' dir='ltr'><strong>Vind.</strong></span> <span class='ocrx_word' id='word_1_475' title='bbox 1493 2614 1537 2647; x_wconf 90' lang='lat' dir='ltr'><strong>F.</strong></span> <span class='ocrx_word' id='word_1_476' title='bbox 1577 2615 1663 2660; x_wconf 80' lang='lat' dir='ltr'><strong>Aug.</strong></span> <span class='ocrx_word' id='word_1_477' title='bbox 1696 2615 1739 2649; x_wconf 91' lang='lat' dir='ltr'><strong>B.</strong></span> <span class='ocrx_word' id='word_1_478' title='bbox 1782 2607 1788 2608; x_wconf 37' lang='lat'><em>⁷</em></span> 
     </span>
    </p>
   </div>
   <div class='ocr_carea' id='block_1_19' title="bbox 1078 2660 1742 2704">
    <p class='ocr_par' dir='ltr' id='par_1_30' title="bbox 1078 2660 1807 2704">
     <span class='ocr_line' id='line_1_94' title="bbox 1078 2660 1742 2704; baseline 0.001 -10"><span class='ocrx_word' id='word_1_479' title='bbox 1078 2660 1199 2694; x_wconf 87' lang='lat' dir='ltr'><strong>Iambl.</strong></span> <span class='ocrx_word' id='word_1_480' title='bbox 1223 2661 1320 2694; x_wconf 89' lang='lat' dir='ltr'><strong>codd.</strong></span> <span class='ocrx_word' id='word_1_481' title='bbox 1346 2664 1381 2693; x_wconf 84' lang='lat' dir='ltr'><strong>et</strong></span> <span class='ocrx_word' id='word_1_482' title='bbox 1403 2661 1457 2695; x_wconf 87' lang='lat' dir='ltr'><strong>ed.</strong></span> <span class='ocrx_word' id='word_1_483' title='bbox 1474 2672 1526 2704; x_wconf 83' lang='lat' dir='ltr'><strong>pr.</strong></span> <span class='ocrx_word' id='word_1_484' title='bbox 1553 2660 1742 2704; x_wconf 83' lang='lat' dir='ltr'><strong>(Kiesslin-</strong></span> 
     </span>
    </p>
   </div>
   <div class='ocr_carea' id='block_1_20' title="bbox 1077 2706 1739 2887">
    <p class='ocr_par' dir='ltr' id='par_1_31' title="bbox 1078 2706 1569 2752">
     <span class='ocr_line' id='line_1_95' title="bbox 1078 2706 1569 2752; baseline 0.002 -13"><span class='ocrx_word' id='word_1_485' title='bbox 1078 2707 1155 2752; x_wconf 88' lang='lat' dir='ltr'><strong>gius</strong></span> <span class='ocrx_word' id='word_1_486' title='bbox 1179 2717 1220 2739; x_wconf 87' lang='lat' dir='ltr'><strong>ex</strong></span> <span class='ocrx_word' id='word_1_487' title='bbox 1243 2706 1385 2740; x_wconf 83' lang='lat' dir='ltr'><strong>Platone</strong></span> <span class='ocrx_word' id='word_1_488' title='bbox 1408 2707 1569 2751; x_wconf 85' lang='lat' dir='ltr'><strong>addidit.)</strong></span> 
     </span>
    </p>

    <p class='ocr_par' dir='ltr' id='par_1_32' title="bbox 1077 2749 1739 2887">
     <span class='ocr_line' id='line_1_96' title="bbox 1123 2749 1739 2796; baseline 0 -10"><span class='ocrx_word' id='word_1_489' title='bbox 1123 2750 1222 2796; x_wconf 86' lang='grc' dir='ltr'><strong><em>μαλα</em></strong></span> <span class='ocrx_word' id='word_1_490' title='bbox 1246 2749 1301 2796; x_wconf 81' lang='lat' dir='ltr'><strong>y&#39;]</strong></span> <span class='ocrx_word' id='word_1_491' title='bbox 1350 2751 1452 2796; x_wconf 79' lang='grc' dir='ltr'><strong><em>μάλα</em></strong></span> <span class='ocrx_word' id='word_1_492' title='bbox 1486 2763 1525 2796; x_wconf 75' lang='grc' dir='ltr'><strong>γε</strong></span> <span class='ocrx_word' id='word_1_493' title='bbox 1574 2752 1666 2787; x_wconf 89' lang='grc' dir='ltr'><strong><em>Μοιι.</em></strong></span> <span class='ocrx_word' id='word_1_494' title='bbox 1697 2753 1739 2787; x_wconf 91' lang='lat' dir='ltr'><strong>C.</strong></span> 
     </span>
     <span class='ocr_line' id='line_1_97' title="bbox 1078 2797 1739 2852; baseline 0.005 -21"><span class='ocrx_word' id='word_1_495' title='bbox 1078 2798 1196 2832; x_wconf 86' lang='lat' dir='ltr'><strong>Iambl.</strong></span> <span class='ocrx_word' id='word_1_496' title='bbox 1236 2797 1338 2842; x_wconf 80' lang='grc' dir='ltr'><strong><em>μάλα</em></strong></span> <span class='ocrx_word' id='word_1_497' title='bbox 1359 2799 1462 2834; x_wconf 75' lang='lat' dir='ltr'><strong>Vind.</strong></span> <span class='ocrx_word' id='word_1_498' title='bbox 1483 2799 1529 2834; x_wconf 77' lang='lat' dir='ltr'><strong>E.</strong></span> <span class='ocrx_word' id='word_1_499' title='bbox 1554 2800 1635 2835; x_wconf 80' lang='lat' dir='ltr'><strong>vat.</strong></span> <span class='ocrx_word' id='word_1_500' title='bbox 1656 2799 1739 2852; x_wconf 82' lang='grc' dir='ltr'><strong>ΒΜ.</strong></span> 
     </span>
     <span class='ocr_line' id='line_1_98' title="bbox 1077 2841 1272 2887; baseline 0.011 -9"><span class='ocrx_word' id='word_1_501' title='bbox 1077 2841 1162 2887; x_wconf 80' lang='grc' dir='ltr'><strong><em>μάλ’</em></strong></span> <span class='ocrx_word' id='word_1_502' title='bbox 1186 2845 1272 2880; x_wconf 91' lang='lat' dir='ltr'><strong>Lob.</strong></span> 
     </span>
    </p>
   </div>
  </div>
 </body>
</html>
