1807 3219
307 148 392 188 146

757 103 1237 181 PLATONIS

307 257 510 304 τοιοῦτος
539 252 614 296 καὶ
645 250 818 308 οὐδαμῇ
850 246 1200 306 φιλοχρήματος·
1233 239 1297 290 ὦν
1325 244 1410 302 γὰρ
1439 246 1568 290 ἕνεκα
1594 246 1703 304 χρή-

279 374 285 376 ἶ
308 341 422 380 ματα
452 321 558 378 μετά
588 322 754 374 πολλῆς
784 317 979 374 δαπάνης
1001 315 1312 369 σπουδάζεται,
1343 313 1459 371 ἄλλῳ
1483 316 1565 358 τινὶ
1593 321 1704 371 μᾶλ-

310 397 413 444 λον,
454 389 484 447 ἢ
512 387 655 444 τούτῳ
689 385 900 443 προσήκει
942 384 1216 437 σπουδάζειν.

219 470 289 505 486
311 476 399 504 που
429 458 502 502 καὶ
532 458 632 501 τόδε
664 458 732 499 δεῖ
757 459 959 507 σκοπεῖν,
1008 455 1116 497 ὅταν
1156 454 1325 510 κρίνειν
1370 452 1527 509 μέλλῃς
1568 451 1708 509 φύσιν

940 521 999 566 Τό
1040 525 1195 573 ποῖονς

311 523 566 584 φιλόσοφόν
604 541 650 568 τε
688 524 760 568 καὶ
802 521 873 580 μή.

1283 383 1424 428 Οὕτω.
1485 383 1575 426 Καὶ
1615 384 1707 439 μήυ

1248 520 1327 578 Μή
1359 533 1404 564 σε
1433 521 1552 577 λάθῃ
1590 521 1711 576 μετέ-

309 606 450 653 χουσα
480 592 810 648 ἀνελευθερίας·
844 590 1160 635 ἐναντιώτατον
1189 589 1274 646 γάρ
1300 605 1391 634 που
1413 591 1705 645 σμικρολογία
1736 638 1740 640 V

310 667 435 721 ’ψυχῇ
465 663 682 719 μελλούσῃ
720 678 801 705 του
839 659 946 704 ὅλου
985 660 1061 704 καὶ
1102 658 1266 709 παντὸς
1305 656 1372 702 ἀεὶ
1422 657 1711 714 επορὲξεσθαι

311 733 443 777 θείου
473 747 516 774 τε
546 731 620 774 καὶ
647 728 953 784 ἀνθρωπίνου.

1011 725 1327 784 Ἄληθὲστατα,
1373 727 1469 784 ε’φη.
1520 723 1595 770 Ηι
1627 729 1712 770 οὐν

311 799 497 855 ὑπάρχει
535 799 710 856 διανοία
749 796 1095 853 μεγαλοπρέπεια
1135 796 1209 839 καὶ
1245 797 1411 850 θεωρία
1440 794 1602 846 παντὸς
1633 795 1713 850 μὲν

312 867 501 925 χρόνου,
541 866 684 922 πάσης
724 866 771 910 δὲ
812 863 989 917 ου’σίας,
1035 862 1133 909 οἶόν
1163 880 1207 907 τε
1237 865 1318 906 οἴει
1357 862 1497 923 τούτῳ
1529 864 1638 918 μέγα
1667 879 1711 906 τι

316 940 464 982 δοκεῖν
493 933 605 980 εἶναι
646 933 727 978 τὸν
756 932 1047 989 ἀνθρώπινον
1075 934 1198 990 βίους
1222 929 1487 984 Ἀδύνατον,
1517 926 1545 987 ἧ
1576 928 1620 975 δ’
1652 930 1712 982 ὅς.

253 1008 290 1055 Β
322 1005 504 1052 Οὐκοῦν
528 1005 602 1050 καὶ
631 1003 834 1049 θάνατον
865 1001 920 1047 οὐ
954 1000 1100 1047 δεινόν
1127 1018 1167 1045 τι
1197 997 1405 1057 ἡγήσεται
1438 999 1462 1044 ὁ
1485 1003 1710 1051 τοιοῦτοςς

364 1153 536 1199 ου’δαμῇ]
567 1150 715 1196 οὐδαμῆ
742 1153 863 1198 Steph.
911 1152 989 1186 Huc

316 1201 470 1247 respexit
502 1200 643 1234 Proelus
678 1199 713 1232 in
736 1200 847 1233 Alcib.
870 1200 915 1233 T.
940 1199 989 1234 II.

316 1261 353 1294 p.
376 1248 457 1283 255.
483 1247 587 1280 Cous.
620 1242 700 1279 ἐπεὶ
722 1244 786 1279 καὶ
816 1243 855 1279 ἐν
877 1247 988 1279 Πολι-

315 1294 398 1328 τεία
424 1295 606 1336 στοιχεῖον
632 1289 751 1346 ἔφατο
785 1291 849 1325 καὶ
875 1291 988 1325 τοῦτο

315 1330 387 1384 τῆς
408 1337 622 1393 φιλοσόφου
646 1335 794 1393 φύσεως
815 1335 924 1390 εἶναι,
943 1335 986 1372 τὸ

315 1398 395 1422 των
413 1383 610 1442 χρημάτων
632 1381 897 1438 υπεροπτικόν.

364 1431 455 1476 μετὰ
488 1431 626 1475 πολλῆς
661 1428 856 1475 δαπάνης]
893 1430 991 1474 Oxy·-

318 1490 460 1513 morum.

366 1520 463 1568 ἄλλῳ
484 1520 584 1566 τινὶ]
621 1525 700 1568 post
727 1522 868 1563 μᾶλλον
891 1521 989 1554 Flor.

317 1572 364 1607 T.
390 1559 503 1605 ἅλλωι
531 1582 568 1603 τι
591 1569 678 1604 Lob.
711 1566 802 1604 ἄλλο’
829 1581 865 1602 τι
889 1567 993 1603 Vind.

318 1619 362 1653 B.
386 1617 468 1650 Vae.
492 1615 542 1649 Μ.

365 1659 566 1717 προσήκει]
593 1673 657 1694 om
681 1660 783 1695 Vind.
807 1659 852 1694 F.

371 1704 521 1752 Ου’τω.]
565 1703 709 1746 Ου’τως.
743 1706 925 1741 Bekkerus
957 1708 993 1739 et

323 1754 575 1790 Stallbaumius.

233 1811 304 1848 486
371 1798 521 1846 μέλλῃς]
548 1797 688 1843 μέλλεις
711 1798 808 1832 Flor.
832 1797 876 1831 V.
911 1794 993 1840 με’λ-

326 1849 370 1893 λῃ
394 1847 474 1881 Par.
501 1846 545 1881 D.
593 1845 710 1879 Etiam
733 1845 768 1878 in
791 1844 887 1879 Mon.
910 1846 950 1879 B.
976 1855 994 1883 ς

321 1906 346 1929 a
369 1904 415 1928 m.
440 1904 470 1927 s.
495 1892 628 1926 demum
653 1902 864 1935 exptessum.

371 1937 513 1982 φύσιν]
531 1935 653 1992 φύσει
678 1938 774 1970 Flor.
800 1937 848 1970 T.

369 1983 463 2028 Μή]
488 1981 539 2028 μή
560 1994 600 2028 γε
623 1983 726 2018 vind.
744 1983 788 2017 F.

323 2029 499 2112 ΒἸλάθῃ]
525 2032 554 2064 λ.
582 2027 683 2074 ’ψυχὴ
719 2030 806 2073 Ang.
831 2027 995 2063 B.F10r.

374 2121 653 2166 ἀνελευθερίας]
674 2118 889 2165 ἐλευθερίας
908 2120 992 2154 Lob.

328 2169 430 2204 vind.
455 2170 496 2202 B.
505 2170 603 2248 a.Vat
628 2168 677 2203 M.
726 2167 826 2202 Conf.
863 2167 942 2204 Vol.
965 2167 996 2202 I.

328 2228 363 2264 p.
388 2217 476 2256 232,

376 2259 635 2305 σμικρολογία]
660 2258 877 2303 μικρολογία
896 2258 997 2294 Vind.

328 2308 373 2344 E.
406 2308 504 2341 Flor.
527 2307 668 2341 ACTV.
715 2306 876 2339 Alcinous
909 2305 997 2349 isag.

329 2366 360 2389 e.
387 2356 424 2389 1:
449 2350 721 2387 εναντιώτατον
738 2350 808 2396 γὰρ
826 2353 997 2395 μικρολο-

328 2400 393 2444 γία
420 2399 523 2444 ψυχῇ
552 2395 730 2452 μελλούσῃ
756 2400 916 2443 θεωρεῖν
947 2396 995 2432 τὰ

330 2448 421 2481 θεῖα
439 2446 502 2480 καὶ
523 2442 759 2501 ανθρώπινα.

376 2489 636 2536 επορέξεσθαι]
655 2488 901 2536 επορέγεσθαι
916 2489 999 2524 editi

332 2542 412 2573 ante
435 2539 639 2572 Bekkelffum

374 2577 496 2618 Ηι-
521 2583 694 2629 διανοίᾳ]
729 2575 761 2616 ώ
782 2601 829 2608 --
847 2577 997 2616 διάνοια

333 2629 435 2666 Vind.
459 2630 503 2664 Ε.
530 2632 609 2665 Vat.
634 2630 683 2664 Μ.
707 2629 761 2663 hio
785 2641 859 2662 cum
884 2628 992 2662 altero

335 2679 435 2710 acuto
452 2688 563 2732 super
588 2688 623 2709 οι
648 2679 683 2709 et
707 2687 752 2714 ας
782 2686 886 2719 super
917 2673 996 2707 ulti—

336 2718 695 2807 ἱέὶῖλαῑθῑὲἔοὲ
716 2723 813 2802 {1³33
821 2721 877 2800 Ῑῗ.
901 2714 998 2821 εἰς

336 2814 378 2852 B.
415 2814 683 2850 F1012RTUV.
716 2817 752 2849 et
782 2826 811 2848 ω
845 2824 949 2860 super
971 2805 998 2857 ἦ

1045 1150 1208 1196 scriptum
1241 1150 1369 1183 habent
1410 1149 1497 1184 Lob.
1543 1150 1632 1185 Ven.
1667 1148 1710 1183 C.

1045 1198 1124 1231 Par.
1151 1198 1193 1231 D.
1221 1208 1265 1235 ας
1291 1207 1393 1240 super
1418 1208 1442 1229 α
1469 1196 1556 1230 Lob.
1588 1189 1713 1230 Ὧι-

1047 1243 1218 1282 διανοίας
1251 1241 1370 1276 Astius
1404 1242 1439 1275 in
1485 1242 1636 1276 secunda
1678 1244 1714 1275 et

1047 1289 1290 1323 Stallbaumius
1324 1291 1557 1333 recepelQunt
1603 1288 1647 1320 F
1639 1299 1719 1322 1c1m

1047 1347 1183 1381 quoque
1205 1335 1491 1379 interpretatione
1516 1338 1550 1367 et
1574 1334 1624 1368 M.
1645 1335 1721 1368 An-

1048 1382 1157 1415 tonini
1207 1381 1412 1415 auctoritate
1457 1380 1618 1421 adducti,
1661 1379 1721 1425 qui

1045 1429 1123 1462 τῶν
1156 1427 1207 1466 εἰς
1231 1424 1374 1460 εαυτὸν
1407 1427 1449 1462 L.
1482 1427 1559 1460 VII.
1599 1438 1628 1460 c.
1661 1426 1720 1461 35.

1048 1474 1125 1507 hoc
1137 1471 1381 1507 Πλατωνικὸν
1405 1465 1631 1519 ρο5111ἰτὯι
1649 1471 1721 1506 οὐν

1047 1517 1206 1563 υπάρχει
1243 1517 1396 1554 διάνοια
1438 1516 1721 1574 μεγαλοπρεπης

1047 1579 1110 1600 και
1128 1566 1280 1621 θεωρία
1288 1585 1335 1590 -
1356 1562 1510 1608 ου’σίας,
1547 1576 1622 1608 αρα
1647 1564 1721 1598 οιέι

1048 1610 1170 1659 τούτῳ
1191 1632 1239 1637 --
1262 1607 1418 1645 Ἠκιστά
1443 1623 1494 1655 γε.
1529 1622 1618 1656 quae
1652 1621 1721 1644 non

1048 1660 1092 1693 ad
1125 1660 1267 1692 verbum
1300 1658 1475 1703 descripta
1517 1669 1561 1691 ex
1604 1657 1721 1690 codice

1049 1717 1126 1739 esse
1145 1707 1298 1750 appmet.
1321 1705 1364 1737 Γ
1354 1715 1479 1738 1ο11111111
1498 1703 1636 1748 quidem
1652 1714 1721 1736 non

1048 1752 1137 1785 intm
1141 1753 1222 1785 cedo
1244 1762 1309 1795 quo
1328 1751 1435 1784 miuus
1455 1749 1483 1796 ᾧ
1500 1753 1535 1783 et
1549 1749 1721 1802 διανοίας

1049 1798 1174 1842 legisse
1204 1797 1402 1838 credamus,
1447 1807 1653 1841 quamquam
1684 1795 1719 1828 in

1052 1843 1271 1889 sequentibus
1295 1843 1409 1888 paullo
1430 1841 1574 1876 liberius
1597 1852 1718 1875 versa-

1051 1894 1108 1923 tus
1140 1890 1297 1923 videtur:
1335 1890 1466 1934 Nempe
1495 1890 1549 1922 cui
1577 1888 1719 1933 cogita-

1052 1937 1158 1970 tionis
1179 1937 1279 1969 adest
1303 1936 1569 1980 magnificentia
1600 1940 1634 1968 et
1662 1939 1718 1967 to-

1050 1983 1120 2016 tius
1138 1983 1298 2025 temporis
1312 1983 1484 2025 totiusque
1501 1981 1718 2015 substantiae

1052 2029 1297 2072 contemplatio
1316 2055 1324 2068 ‚
1358 2028 1511 2061 humana
1540 2027 1617 2060 vita
1639 2037 1717 2059 ma-

1051 2087 1159 2119 gnum
1202 2075 1284 2117 quid
1324 2074 1439 2107 videri
1475 2085 1545 2106 non
1589 2076 1717 2118 potest.

1054 2122 1160 2156 Glau.
1194 2121 1274 2154 Non
1306 2121 1474 2163 prqfecto.
1531 2120 1589 2152 So.
1626 2119 1718 2151 Num

1052 2172 1194 2200 mortem
1213 2166 1267 2199 hic
1278 2166 1464 2199 terribilem
1482 2163 1719 2198 existimabit?

1056 2214 1161 2245 Glau.
1187 2212 1341 2246 Minime.
1389 2210 1459 2244 Sed
1483 2210 1585 2244 facile
1617 2210 1718 2243 intel-

1052 2258 1196 2302 ligitur,
1222 2257 1303 2302 quid
1327 2257 1421 2290 illam
1455 2256 1633 2290 lectionem
1657 2267 1720 2300 pe-

1053 2304 1196 2358 pererit.
1254 2301 1406 2337 διάνοια
1430 2314 1495 2336 11011
1519 2302 1719 2336 facmtatem

1053 2350 1265 2385 actionemve
1307 2349 1431 2382 mentis
1451 2374 1461 2391 ,
1507 2349 1569 2382 sed
1608 2348 1719 2393 ipsam

1053 2400 1198 2431 mentem
1232 2396 1422 2453 significat,
1465 2397 1504 2428 ut
1542 2395 1630 2428 infra
1663 2394 1717 2427 E:

1054 2441 1231 2486 ε’μμετρον
1256 2439 1332 2486 ἄρα
1351 2441 1413 2475 καὶ
1431 2436 1582 2485 εὔχαριν
1598 2439 1718 2494 ζητῶ-

1053 2501 1120 2543 μεν
1146 2487 1245 2533 πρὸς
1278 2491 1357 2527 τοῖς
1385 2483 1510 2526 ἄλλοις
1543 2483 1718 2520 διάνοιαν

1055 2533 1177 2579 φύσει.
1209 2535 1394 2579 multisque
1417 2533 1525 2574 locis,
1557 2543 1642 2577 quos
1664 2532 1719 2566 in-

1053 2582 1144 2615 dicat
1154 2581 1371 2616 Heindorfius
1392 2580 1436 2614 ad
1451 2578 1597 2613 Phaedr.
1616 2578 1650 2623 §.
1659 2577 1716 2613 34.

1053 2628 1144 2661 Huic
1165 2628 1271 2671 igitur
1295 2624 1416 2672 τούτῳ
1441 2628 1537 2659 lecte
1561 2628 1596 2658 et
1619 2624 1720 2668 quasi

1052 2686 1115 2708 sua
1139 2678 1260 2718 sponte
1290 2661 1454 2707 succedit.
1511 2670 1572 2704 Sic
1588 2671 1718 2727 (ἔοι-,ς

1053 2732 1086 2765 p.
1111 2721 1196 2755 523.
1214 2720 1268 2753 E:
1301 2719 1364 2754 καὶ
1398 2716 1466 2753 τὸν
1496 2713 1627 2761 κριτὴν
1660 2716 1719 2750 δεῖ

1052 2764 1194 2810 γυμνὸν
1224 2763 1343 2821 εἶναι,
1379 2763 1593 2806 τεθνεῶτα,
1621 2759 1717 2808 αὐτῇ

1053 2813 1098 2857 τῇ
1119 2812 1221 2858 ψυχῇ
1240 2791 1368 2858 αὐτὴν
1393 2808 1463 2855 τὴν
1478 2807 1605 2855 ψυχὴν
1621 2810 1719 2844 θεω-
