1807 3219
223 408 290 442 503

427 74 446 81 ἢ

313 155 398 195 228

760 143 1232 189 PLATONIS

305 261 363 306 uO
393 261 446 319 δὴ
479 261 532 305 σύ
561 264 731 313 καλεῖς,
759 255 817 316 ἦν
845 256 887 303 δ’
916 257 1022 314 ἐγώ,
1053 259 1161 312 φῶς.
1187 252 1371 312 Ἀληθῆ,
1401 253 1486 312 ἔφη
1503 287 1516 308 ,
1543 255 1691 312 λέγεις.

317 330 383 375 Οὐ
424 333 585 386 σμικρᾷ
623 327 710 382 ἄρα
751 327 844 384 ἰδέᾳ
882 325 910 383 ἡ
948 329 1029 369 τοῦ
1069 323 1181 382 ὁρςῖν
1219 325 1416 379 αἴσθησις
1453 323 1526 366 καὶ
1555 322 1582 379 ἡ
1612 326 1691 366 τοῦ

316 397 510 452 ὁρᾶσθαι.
542 396 727 452 δύναμις
755 400 842 439 τῶν
871 394 1018 438 ἄλλων
1048 390 1278 445 ξνζεύξεων
1310 391 1546 473 τιμιωτέρῳ
1579 394 1693 450 ζυγῷ

315 466 552 522 ἐζύγησαν,

605 467 724 519 εἴπερ
762 462 821 520 μὴ
863 461 1019 519 ἄτιμον
1048 460 1098 504 τὸ
1130 464 1237 516 φῶς.
1288 459 1416 504 'And
1447 459 1552 517 μὴν,
1595 459 1693 516 ἔφη,

314 538 484 578 πολλοῦ
513 550 561 590 γε
585 536 653 577 δεῖ
673 532 832 588 ἄτιμον
861 529 987 575 εἶναι.
1029 531 1139 573 Τίνα
1170 531 1253 572 οὐν
1277 529 1385 586 ἔχεις
1413 525 1695 572 αἰτιάσασθαι

314 619 405 646 των
435 603 481 646 ἐν
511 601 692 659 ου’ρανῷ
721 604 844 645 θεῶν
882 598 1046 643 τούτου
1083 596 1266 652 κύριον,
1301 599 1356 641 οὐ
1384 595 1490 653 ἡμῖν
1518 595 1567 640 τὸ
1599 599 1696 651 φῶς

318 671 422 723 ὄψιν
450 687 496 714 τε
525 676 643 714 ποιεῖ
671 669 781 727 ὁρᾷν
811 667 878 712 ότι.
909 666 1116 711 κάλλιστα
1153 665 1227 708 καὶ
1264 665 1314 708 τὰ
1350 664 1555 747 ὁρώμενα
1585 663 1694 720 ὁρᾶ-

316 745 447 789 σθαις
467 737 632 792 “Όνπερ
662 738 737 781 καὶ
766 737 846 787 σὺ,
876 736 981 792 ἔφη,
1011 735 1084 778 καὶ
1112 735 1155 777 οἱ
1185 733 1328 777 ἄλλοι·
1358 734 1436 778 τὸν
1463 733 1590 790 ηλιον
1610 731 1694 790 γὰρ

318 811 454 865 δῆλον
491 806 559 851 ὅτι
599 807 776 865 ἐρωτᾷς.

318 993 351 1025 p.
376 979 433 1015 43.
459 979 500 1013 C.
534 977 706 1012 Phaedon.
742 979 800 1013 71.
825 977 869 1011 Ε.
902 975 986 1009 τίνα

317 1025 482 1069 ταύτην,·
507 1025 617 1066 dixit,
642 1023 812 1068 genitivus
837 1026 950 1057 autem
966 1032 987 1054 a

319 1072 454 1106 nomine
476 1068 583 1114 γένος
607 1069 824 1115 repetendus.

364 1139 410 1174 σὺ
453 1142 574 1177 καλεῖς
609 1158 655 1162 -
690 1135 774 1172 τότε
817 1133 987 1179 ὁρώμενα

318 1186 359 1220 L.
384 1187 465 1221 VII.
499 1198 533 1231 p.
560 1185 639 1219 515.
664 1184 730 1228 D.]
770 1183 806 1216 in
833 1184 916 1215 Ven.
944 1182 984 1217 C.

318 1232 442 1267 excisis
468 1231 562 1266 foliis
587 1231 719 1264 duobus
744 1229 878 1263 desunt.

365 1323 496 1370 σμικρᾷ
525 1318 600 1366 ἄρα
619 1320 733 1376 ἰδέα]
759 1320 814 1354 Ita
837 1320 916 1353 Par.
942 1321 983 1352 A.

318 1370 404 1404 Lob.
431 1369 653 1413 (σμικραι-
674 1356 793 1411 ἰδέαι)
817 1365 916 1401 Vind.
940 1365 984 1398 Ε.

317 1417 399 1450 Par.
415 1416 461 1451 K.
486 1427 553 1449 sec.
578 1415 688 1449 Bekk.
713 1414 793 1447 Vat.
815 1412 863 1446 Μ.
889 1413 985 1456 (σμι-

317 1462 390 1507 κρᾶ
410 1482 458 1487 -
485 1459 595 1505 ἰδέα)
634 1460 771 1504 σμικρῶ
804 1470 879 1513 αρα
908 1457 987 1491 ἰδία

319 1509 414 1543 Mon.
445 1508 488 1542 B.
523 1508 617 1541 Flor.
652 1507 697 1540 U.
747 1502 879 1549 σμικρὰ
912 1499 988 1547 ἄρα

321 1552 406 1589 ἰδέα
429 1553 554 1598 reliqui
587 1552 721 1587 codices
756 1551 989 1595 editionesque

320 1603 467 1645 excepta
490 1599 661 1641 Bekkeri‚
700 1598 759 1652 qui
781 1608 868 1631 unus
891 1597 988 1630 vide-

321 1651 378 1681 tur
402 1658 534 1680 sensum
557 1645 734 1735 scriptorips
755 1643 988 1697 perspexisse.

322 1691 464 1727 Scilicet
486 1695 525 1726 ut
559 1692 600 1725 L.
625 1691 673 1724 ΙΙ.
733 1691 845 1726 ,373.
870 1689 913 1723 E.
940 1700 985 1722 ου

321 1752 358 1773 τι
379 1739 531 1784 σμικρῷ,
557 1734 634 1771 ἄλλ’
659 1703 732 1782 ὅλῳ
749 1732 988 1781 στρατοπέδῳ

322 1785 454 1829 μείζων
483 1781 592 1823 πόλις
622 1784 746 1817 civitas
773 1795 841 1816 ποπ
856 1782 987 1826 paullo,

322 1832 384 1865 sed
414 1832 552 1875 integro
582 1831 731 1863 exercitu
763 1829 917 1869 auctior,
940 1827 991 1860 ita

323 1877 378 1911 hic
403 1858 512 1920 ζυγὸν
533 1872 580 1909 ου’
601 1875 733 1922 σμικρᾷ
759 1872 843 1920 ἰδέςι
864 1870 989 1916 τιμιώ-

325 1934 432 1966 τερον
452 1923 623 1956 vinculum
641 1934 708 1955 non
728 1922 853 1965 exiguo
877 1931 989 1953 rerum

325 1980 452 2015 genere
478 1969 696 2002 excellentius
725 1967 868 2007 dicitur,
895 1965 990 1998 cuius

325 2014 536 2068 praestantia
569 2014 632 2047 tali
664 2025 787 2057 genere
819 2012 937 2045 nititur
962 2023 989 2045 s.

326 2060 519 2095 continetur
542 2071 605 2105 per
628 2060 805 2104 ipsumque
830 2057 989 2091 efficitur.

328 2105 413 2140 ἰδέα
445 2106 536 2139 idem
569 2113 642 2145 est,
679 2106 769 2149 quod
792 2101 920 2147 γένος,
952 2106 991 2136 ut

326 2153 426 2186 Polit.
454 2164 487 2206 p.
513 2153 593 2186 289.
617 2132 657 2185 Β.
682 2149 705 2195 ή
727 2151 793 2184 τοῦ
815 2150 990 2192 νομίσμα-

326 2211 392 2238 τος
424 2195 530 2240 ἰδέα,
573 2210 683 2243 neque
682 2164 850 2230 ndativus
883 2195 991 2228 offen—

327 2245 453 2279 sionem
488 2245 615 2277 habere
647 2247 771 2288 potes.t
833 2242 993 2274 Ceterum

328 2302 395 2324 non
432 2290 542 2331 male,
577 2294 615 2323 ut
648 2294 765 2344 cont'ra
798 2287 994 2327 veritatem,

329 2315 546 2392 Stephanus:
555 2335 588 2369 in
612 2347 655 2368 m.
683 2347 727 2369 ου
759 2333 895 2378 σμικρῷ
918 2328 994 2375 ἄρα

328 2379 397 2436 η’δε
424 2378 446 2425 ἡ
476 2382 546 2415 τοῦ
580 2377 676 2428 ὁρᾷν
706 2381 869 2414 coniecit:
910 2379 995 2412 illud

330 2429 440 2462 minus
466 2429 574 2470 perite
597 2429 701 2468 fecit,
733 2427 823 2471 quod
857 2425 994 2471 ibidem,

332 2486 435 2519 quum
466 2473 627 2507 Ficinum
662 2473 794 2519 σμικρᾷ
833 2464 916 2505 ἰδέα
946 2471 995 2504 le—

331 2521 423 2564 gisse
447 2531 489 2553 ex
513 2519 584 2553 eius
606 2518 888 2564 interpretatione
898 2507 996 2561 (non

333 2568 462 2611 exigua
482 2567 632 2610 quadam
649 2566 778 2610 specie)
790 2564 995 2606 collegisset,

334 2612 366 2647 ei
399 2612 590 2656 scripturae
623 2624 731 2657 aeque
765 2623 806 2644 ac
837 2610 996 2653 vulgatae

333 2669 489 2701 magnum
512 2659 652 2692 subesse
675 2668 827 2690 errorem
847 2667 996 2700 pronun-

333 2703 444 2738 tiavit.
481 2703 536 2737 Cf.
560 2704 601 2739 L.
627 2704 740 2737 VIIII.
765 2714 798 2748 p.
824 2703 903 2737 579.
929 2701 971 2734 C.

380 2767 428 2815 ἦ]
451 2767 478 2815 ἤ
496 2783 536 2805 τε
559 2772 651 2806 Mon.
676 2773 717 2806 B.
741 2772 836 2805 Flor.
860 2770 906 2804 U.
929 2782 994 2806 om.

337 2818 415 2852 Par.
438 2818 513 2851 ΒΚ.
539 2820 625 2862 Aug.
650 2818 689 2851 Β.
718 2819 794 2852 Vat.
817 2817 867 2850 M.

841 800 927 860 Ἆρ’
970 798 1056 847 οὖν
1095 797 1180 846 ὦδε
1219 802 1412 859 πέφυκεν
1449 801 1550 855 ὄψις
1587 800 1699 857 πρὸς

1089 971 1138 1018 ἦ]
1171 970 1195 1017 ἦ
1221 973 1282 1008 καὶ
1315 974 1392 1008 Ald.
1438 975 1518 1008 Bas.
1543 973 1597 1007 ab.
1634 984 1699 1006 om.

1043 1020 1129 1053 Lob.
1163 1020 1261 1054 Vind.
1285 1021 1325 1055 B.
1359 1021 1452 1054 Mon.
1483 1021 1525 1056 B.
1555 1021 1634 1054 Vat.
1657 1020 1699 1052 B.

1043 1066 1122 1099 Par.
1148 1066 1222 1100 DK.
1247 1079 1315 1101 sec.
1343 1067 1451 1099 Bekk.
1478 1065 1552 1110 (qui
1578 1077 1701 1110 perpe-

1042 1123 1115 1144 ram
1141 1112 1222 1145 Ven.
1250 1113 1291 1146 C.
1314 1112 1404 1146 inter
1428 1112 1621 1146 omittentes
1644 1122 1701 1144 re-

1043 1158 1137 1197 tulit,
1170 1159 1269 1192 Vind.
1293 1160 1335 1193 B.
1371 1159 1462 1193 Mon.
1488 1159 1529 1192 B.
1554 1156 1701 1201 omisit.)

1042 1204 1131 1237 Flor.
1156 1204 1234 1237 RU.

1090 1269 1278 1318 ὁρᾶσθαι]
1303 1270 1398 1318 ὁρᾶν
1422 1273 1509 1307 Lob.
1534 1271 1637 1308 Vind.
1660 1271 1702 1305 Β.

1043 1319 1120 1352 vat.
1148 1319 1196 1352 M.

1088 1408 1308 1455 ξυζεύξεων]
1352 1407 1408 1445 Ita
1438 1411 1617 1445 Bekkerus
1647 1411 1772 1447 se-508

1044 1458 1185 1490 cundum
1209 1457 1288 1490 Par.
1312 1457 1418 1491 ADK.
1452 1458 1495 1491 de
1527 1468 1594 1502 quo
1626 1457 1704 1502 Bip.

1044 1507 1178 1545 tacent,
1203 1507 1238 1537 et
1262 1504 1343 1538 Vat.
1368 1504 1408 1537 Β.
1441 1504 1512 1537 Mei
1535 1502 1611 1536 libri
1631 1514 1707 1536 cum

1045 1550 1117 1584 Ald.
1141 1550 1220 1584 Bas.
1241 1550 1296 1584 ab.
1322 1551 1442 1595 Steph.
1470 1550 1543 1591 σνζ.
1568 1549 1704 1583 habent.

1092 1619 1186 1652 Τίνα
1209 1612 1303 1663 οὖν]
1330 1612 1400 1653 οὖν
1421 1619 1563 1653 Ficinus
1583 1618 1705 1653 omisit.

1090 1681 1159 1731 οὗ]
1194 1683 1238 1727 ὃς
1261 1687 1353 1721 Mon.
1378 1689 1418 1721 B.
1451 1688 1531 1722 Par.
1556 1688 1599 1721 K.
1636 1699 1705 1722 sec.

1045 1733 1118 1779 Bip.
1143 1738 1178 1767 et
1202 1746 1223 1768 a
1245 1746 1289 1768 m.
1313 1746 1340 1768 s.
1364 1734 1461 1768 Flor.
1481 1734 1527 1768 U.

1091 1803 1198 1847 φῶς]
1231 1801 1402 1846 παρέχων
1427 1802 1523 1837 addit
1546 1803 1640 1837 Mon.
1664 1803 1704 1836 B.

1049 1853 1083 1882 et
1105 1862 1126 1883 a
1151 1862 1193 1882 111.
1221 1862 1247 1883 s.
1272 1850 1368 1882 Flor.
1394 1849 1439 1883 U.

1092 1914 1174 1961 ὅτι]
1200 1930 1265 1953 om.
1288 1918 1388 1952 Vind.
1413 1918 1454 1952 F.

1094 1984 1289 2031 ὁρώμενα]
1322 1999 1387 2021 om.
1422 1988 1507 2022 Ven.
1538 1986 1579 2021 B.
1613 1998 1633 2020 a
1665 1997 1707 2020 m.

1046 2045 1097 2078 pr.

1096 2099 1186 2146 ἔφη]
1210 2101 1303 2146 ἔφης
1327 2101 1426 2136 Vind.
1444 2102 1488 2135 E.

1096 2171 1210 2214 δῆλον
1231 2167 1309 2215 ὅτι]
1344 2171 1399 2204 Ita
1425 2171 1525 2204 Vind.
1550 2169 1589 2203 F.
1616 2170 1709 2204 Flor.

1049 2217 1091 2250 R.
1117 2215 1290 2261 δηλονότι
1310 2217 1433 2261 reliqui
1449 2217 1515 2250 mei
1535 2216 1710 2261 (etFlor.)

1050 2274 1124 2296 curn
1148 2264 1247 2311 editis
1270 2268 1349 2297 ante
1372 2263 1462 2297 Astii
1485 2275 1554 2297 sec.

1097 2327 1255 2378 ἐρωτᾷς]
1284 2330 1424 2376 ἕρῶτας
1448 2332 1546 2367 Vind.
1570 2332 1611 2366 F.

1092 2394 1180 2455 ἿΑρ]
1215 2400 1269 2434 Ita
1294 2402 1378 2435 Lob.
1417 2401 1517 2435 v1nd.
1542 2400 1583 2433 B.
1617 2399 1710 2433 Mon.

1050 2447 1091 2480 Β.
1142 2443 1200 2491 α’ρ’
1235 2448 1333 2481 Vind.
1369 2447 1409 2480 F.
1452 2446 1527 2480 Ald.
1561 2446 1642 2480 Bas.
1679 2456 1711 2479 a.

1052 2494 1170 2538 steph.
1194 2494 1268 2526 Ast.
1293 2505 1344 2539 pr.
1371 2489 1430 2537 ἄρ’
1453 2492 1552 2528 Vind.
1563 2492 1608 2525 E.
1629 2492 1711 2525 Bas.

1051 2540 1084 2572 b.
1122 2540 1179 2574 Ita
1195 2551 1339 2574 vero—.
1358 2539 1430 2573 Fic.

1099 2629 1239 2674 θεόνς]
1261 2632 1316 2665 Ita
1327 2631 1412 2665 Lob.
1431 2630 1531 2665 Vind.
1542 2630 1582 2663 B.
1605 2626 1713 2663 θεόν.

1052 2677 1175 2722 reliqui
1197 2677 1264 2711 mei
1295 2689 1372 2711 cum
1402 2676 1503 2711 editis
1525 2679 1605 2709 ante
1627 2674 1715 2709 Astii

1050 2735 1119 2757 sec.

1100 2815 1209 2857 110395
1239 2812 1340 2860 Οὐκ]
1366 2815 1446 2853 πῶς
1463 2810 1532 2848 οὔκ
1557 2812 1656 2846 Vind.
1676 2811 1713 2845 F.
