1807 3219
456 112 794 156 CIVITAS
839 116 1163 158 LIB.VI.491
1415 119 1500 158 165

114 224 297 269 Τούτων
326 223 379 282 δὴ
410 226 500 268 τῶν
530 222 690 280 ὀλίγων
728 226 880 272 σκόπει
919 244 979 279 ως
1013 226 1170 271 πολλοὶ
1209 227 1387 282 ὄλεθροι
1422 227 1499 271 καὶ

109 291 302 350 μεγάλοι.
375 293 500 344 Τίνες
548 291 622 348 δής
677 292 733 338 ‘O
771 312 853 351 μεν
900 311 1080 340 παντων
1125 295 1496 351 θαυμαστότατον

110 360 320 414 ἀκοῦσαι,
367 361 436 404 ὅτι
470 362 521 405 ἐν
562 361 746 406 ἕκαστον
793 365 856 406 ὠν
907 364 1178 422 ἐπῃνέσαμεν
1211 367 1288 420 τῆς
1323 364 1498 421 φύσεως

107 428 322 474 ᾰπόλλυσι
363 446 444 486 την
483 429 671 486 ἔχουσαν
709 433 854 487 ψυχήν
893 433 966 476 καὶ
1007 431 1184 491 αποσπᾷ
1213 434 1497 489 φιλοσοφίας.

106 499 218 555 λέγω
256 499 302 542 δὲ
335 495 544 554 ἀνδρίαν,
588 498 886 558 σωφροσύνην
923 501 1000 545 καὶ
1039 499 1205 553 πάντα,
1242 498 1285 543 ’ἃ
1314 500 1495 557 διήλθο-

106 584 200 625 μεν.
248 567 462 619 ’Ἀτοπον,
493 565 600 624 ἔφη,
632 565 835 612 ἀκοῦσαι.
885 569 980 612 ”En
1008 571 1184 618 τοίνυν,
1224 561 1282 624 ἦν
1312 565 1353 612 δ’
1391 567 1490 625 ἐγώ,
1521 568 1554 610 G

103 635 215 692 πρὸς
264 635 440 687 τούτοις
480 634 532 678 τοὶ
568 636 781 692 λεγόμενα
822 634 971 693 ἀγαθοὶ
1010 636 1156 681 πάντα
1203 637 1377 693 φθείρει
1417 637 1493 681 καὶ

103 704 301 762 ἀποσπᾷ,
352 702 513 756 κάλλος
552 705 628 748 καὶ
666 708 856 757 πλοῦτος
891 706 965 749 καὶ
1011 705 1135 762 ι’σχύς
1174 703 1373 761 σώματος
1419 705 1495 749 καὶ

102 772 328 830 ξυγγένεια
357 771 581 828 ἐῤῥωμένη
618 771 665 815 ἐν
693 771 818 817 πόλει
857 774 931 817 καὶ
968 773 1114 818 πάντα
1146 773 1200 818 τοὶ
1229 772 1400 818 τούτων
1428 776 1493 818 οἶ-

101 847 217 887 κεῖα·
268 839 376 897 ἔχεις
412 840 495 897 γὰρ
534 839 612 883 τὸν
648 839 790 885 τύπον
823 835 886 885 ὧν
912 841 1034 898 λέγω.
1079 839 1215 897 Ἔχω,
1253 842 1364 899 ἔφη’
1416 843 1492 886 καὶ

100 910 240 968 ἡδέως
274 907 311 966 γ’
349 907 405 953 ἂν
443 906 755 965 ἀκριβέστερον
795 907 823 952 ἃ
862 909 999 966 λέγεις
1033 912 1275 966 πυθοίμην.
1333 913 1494 967 Λαβοῦ

98 980 275 1032 τοίνυν,
313 972 370 1035 ἦν
401 975 441 1022 δ’
474 976 577 1034 ἐγώ,
617 976 728 1021 ὅλου
760 976 903 1022 αὐτοῦ
938 976 1115 1033 ὀρθῶς,
1156 980 1232 1022 καί
1263 990 1335 1023 σοι
1363 978 1490 1036 εὔδη-

98 1048 179 1092 λόν
215 1063 260 1091 τε
289 1051 514 1102 φανεῖται,
558 1046 631 1089 καὶ
672 1045 755 1090 οὐκ
795 1046 938 1090 ἄτοπα
967 1047 1081 1100 δόξει
1110 1047 1164 1091 τὰ
1193 1049 1490 1105 προειρημένα

98 1116 200 1172 περὶ
240 1114 399 1159 αὐτῶν.
460 1117 565 1163 Πῶς
606 1108 713 1166 οὖν,
762 1115 869 1171 ἔφη,
911 1116 1126 1167 κελεύεις;
1187 1115 1388 1170 Παντὸς,
1433 1111 1552 1173 ἦνΒ

98 1183 143 1230 δ’
181 1183 288 1242 ἐγώ,
339 1181 583 1239 σπέρματος
617 1183 716 1238 πέρι
755 1182 784 1241 ἢ
822 1188 994 1241 φυτοῦ,
1048 1187 1133 1229 εἴτε
1175 1184 1355 1241 ἐγγείων
1402 1187 1484 1230 εἴτε

818 1357 941 1402 φυγῆς
971 1355 1221 1402 τιμήσασθαι,
1249 1356 1284 1392 εἰ
1312 1354 1482 1413 ἐβούλου.

817 1404 989 1438 Phaedon.
1011 1416 1052 1461 p.
1068 1406 1145 1438 109.
1169 1405 1219 1438 A:
1244 1404 1406 1459 πρῶτον
1419 1402 1486 1447 μὲν

816 1450 966 1494 τοίνυν,
999 1463 1023 1495 η
1048 1448 1088 1483 δ’
1112 1446 1177 1493 ὂς,
1213 1451 1329 1484 τοῦτο
1357 1448 1481 1484 πέπει-

816 1506 915 1539 σμαι.
939 1496 1015 1531 Καὶ
1037 1494 1168 1540 ὀρθῶς
1193 1493 1236 1553 γ’,
1259 1495 1330 1540 ἔφη
1350 1494 1369 1530 ὁ
1386 1497 1486 1549 Σιμ-

815 1542 913 1586 μίας.
941 1539 1024 1577 ”En
1044 1543 1193 1597 τοίνυν,
1221 1541 1314 1588 ἔφη,
1339 1540 1482 1586 πάμμε-

50 1367 88 1411 Β
145 1354 297 1410 ὀλίγας]
331 1355 527 1413 Stephanus
558 1355 593 1390 in
616 1367 660 1389 m.
687 1352 760 1390 ὀλί-

97 1415 177 1450 γοις
196 1403 342 1438 coniecit
357 1400 442 1436 vel'
426 1414 464 1436 εν
484 1399 632 1446 ὀλίγοις,
644 1413 762 1457 quem-

95 1451 275 1486 admodum
296 1449 440 1483 Ficinus
456 1449 596 1493 legerit:
622 1460 704 1481 raro
724 1450 760 1483 in

92 1498 281 1543 paucisque
298 1497 392 1530 oriri.
441 1495 512 1528 Sed
536 1495 621 1528 haec
644 1495 687 1527 F
678 1506 760 1529 lcinl

93 1544 201 1578 verba
233 1553 369 1576 sensum
397 1540 559 1585 vulgatae
590 1540 760 1574 codicum-

93 1601 162 1651 qim
180 1589 327 1623 omnimn
348 1587 504 1621 lectionis
522 1591 683 1622 accurate
699 1587 760 1620 de-

93 1647 123 1669 c
117 1637 236 1669 'ai-ant.

138 1677 186 1727 ἢ]
211 1675 237 1726 ἦ
263 1679 363 1714 Vind.
386 1674 500 1714 Ε.Ἢ
519 1679 598 1713 Am.

129 1749 200 1785 mal
215 1747 386 1794 μεγάλοι]
414 1761 481 1784 om.
505 1749 607 1784 Vind.
617 1749 661 1783 Ε.
683 1761 758 1784 πια-

90 1798 238 1853 ximique
262 1797 340 1830 Fic.

127 1838 180 1877 uO
198 1839 286 1887 μεν]
315 1841 409 1876 Ναπι
432 1843 523 1886 quod
543 1841 622 1875 Fic.

135 1885 463 1933 θαυμαστότατον]
489 1886 755 1932 θαυμασιώτα-

89 1947 156 1970 τον
179 1935 282 1971 vind.
306 1935 351 1969 E.

137 2001 307 2050 αποσπᾷ]
332 2013 462 2037 ποσπα
479 2003 579 2038 idem.
601 2005 754 2048 plerum-

89 2063 153 2097 que
173 2052 353 2095 detorquet
369 2050 401 2083 F
404 2050 448 2083 ic.

136 2116 317 2163 οἷνδρίαν]
345 2115 523 2160 ἀνδρείαν
546 2117 632 2153 Lob.
653 2117 753 2152 Vind.

89 2165 133 2199 F.
158 2165 253 2198 Flor.
277 2165 449 2199 ACRTV.
482 2164 606 2198 Stallb.
655 2164 753 2198 Conf.

89 2212 134 2246 ad
161 2223 196 2256 p.
220 2211 300 2246 490.
327 2211 368 2244 C.
392 2213 521 2244 notata.

136 2275 162 2314 ἃ
189 2276 426 2324 διήλθομεν]
472 2273 497 2312 ἃ
526 2279 597 2312 νῦν
625 2275 672 2323 δή
704 2278 752 2312 δι.

89 2328 170 2364 vat.
193 2326 243 2360 M.

134 2371 288 2416 τοίνυν]
339 2382 403 2405 om.
441 2370 528 2405 Lob.
575 2371 676 2405 Vind.
712 2372 753 2405 B.

89 2420 170 2455 Vat.
194 2418 276 2452 ΒΜ.
307 2417 340 2450 F
342 2417 384 2450 ic.
411 2414 464 2450 ἔτι
479 2417 629 2460 τοίνυν,
649 2429 755 2461 porro

87 2477 190 2507 vero,
214 2464 251 2498 in
274 2463 584 2497 enumerationibus
605 2463 674 2497 dici
697 2475 753 2497 so-

86 2510 136 2544 let
167 2510 227 2545 ubi
257 2512 396 2543 ventum
428 2512 482 2543 est
516 2509 559 2542 ad
605 2509 747 2554 aliquid,

87 2556 179 2602 quod
212 2556 358 2590 maxime
381 2560 585 2601 *argmnento
608 2556 748 2589 coniun-

88 2605 180 2636 ctum
201 2603 414 2646 maximeque
437 2613 525 2635 nunc
549 2613 745 2635 commemo-

86 2649 228 2682 randum
268 2651 304 2682 et
344 2648 579 2693 superioribus
621 2647 748 2681 adden-

87 2695 166 2728 dum
195 2694 342 2729 videtur.
413 2694 475 2728 Sic
513 2695 626 2740 paullo
669 2698 748 2751 post

87 2751 121 2784 p.
146 2740 226 2775 493.
251 2741 291 2775 A.
316 2740 449 2774 Criton.
474 2752 508 2786 p.
533 2741 588 2775 52.
614 2740 666 2773 C:
693 2739 747 2774 ἔτι.

89 2784 216 2821 τοίνυν
238 2782 277 2821 ἐν
298 2783 395 2844 αντῇ
416 2786 460 2833 τῇ
482 2786 566 2833 δίκῃ
581 2783 667 2830 ἐξῆν
687 2798 744 2821 σοι

814 1587 862 1633 γά
883 1602 919 1622 τι
942 1587 1037 1623 εἶναι
1057 1586 1166 1623 αὐτό.

861 1633 1017 1690 κάλλος]
1045 1648 1109 1669 om.
1135 1635 1228 1669 Mon.
1250 1635 1292 1668 B.
1510 1641 1542 1682 C

861 1676 935 1724 ων]
964 1678 1008 1716 ὃν
1032 1682 1133 1716 Vind.
1159 1681 1197 1715 Β.
1224 1682 1302 1715 vat.
1325 1681 1374 1715 M.

861 1725 891 1772 γ’
912 1725 982 1773 ἂν]
1016 1725 1087 1773 γὰρ
1118 1727 1218 1762 Vind.
1243 1727 1287 1761 F.
1325 1727 1412 1772 Ang.
1439 1729 1481 1763 B.

814 1774 911 1808 Flor.
936 1774 979 1808 R.

860 1819 1075 1864 πυθοίμην]
1102 1818 1332 1864 ποιθοίμην,
1358 1831 1433 1864 sup.
1459 1831 1481 1854 a

811 1878 856 1901 m.
880 1877 909 1900 s.
933 1878 977 1910 ν,
1003 1867 1103 1902 Vind.
1128 1866 1172 1900 F.

855 1912 983 1946 τοίνυν
1033 1925 1098 1947 om.
1120 1912 1199 1946 Fic.

859 1955 1019 2003 εὔδηλον
1034 1959 1094 2003 τε]
1131 1955 1288 2002 ἔνδηλόν
1313 1967 1351 1992 τε·
1375 1957 1476 1994 Vind.

812 2006 853 2040 B.
880 2006 959 2039 Vat.
985 2005 1033 2039 M.
1058 2016 1098 2038 τε·
1123 2017 1188 2038 om.
1214 2006 1246 2038 V
1248 2008 1294 2038 at.
1318 2005 1360 2038 B.

857 2047 1007 2104 ἄτοπα]
1035 2047 1180 2084 ἄτοπον
1202 2051 1282 2084 Par.
1306 2050 1383 2084 DK.

858 2095 980 2142 δόξει]
1009 2095 1158 2139 δοξάζει
1180 2097 1261 2130 Bas.
1283 2098 1318 2131 b.

857 2142 1267 2234 Zssssssgssfff‘sszssgffffissz.
1272 2143 1389 2223 Ιῖιῗῂᾶ.
1401 2189 1474 2224 BF

809 2234 902 2269 Mon.
927 2237 968 2270 B.
993 2237 1071 2272 Σοί.
1098 2235 1177 2269 ΒΜ.
1208 2236 1294 2269 Ven.
1320 2235 1361 2269 C.
1393 2235 1473 2269 Par.

810 2281 887 2315 DK.
911 2282 998 2327 Ang.
1022 2283 1063 2315 B.
1086 2282 1183 2315 Flor.
1208 2281 1320 2315 RTU.

859 2312 1023 2372 Παντὸς]
1047 2325 1198 2366 πάντως
1222 2328 1300 2360 Par.
1312 2327 1352 2360 A.
1372 2327 1473 2361 ἵίιιᾶ.

810 2374 853 2408 Ε.
880 2375 958 2408 Vat.
983 2375 1028 2408 H.
1062 2377 1098 2408 et
1121 2386 1141 2408 a
1173 2385 1217 2406 m.
1241 2385 1295 2418 pr.
1321 2374 1404 2408 Ven.
1430 2374 1471 2407 Β.

811 2420 995 2454 Contrario
1027 2432 1145 2454 errore
1175 2420 1312 2463 Tim.p
1290 2431 1324 2463 p.
1349 2419 1405 2453 51.
1429 2420 1470 2453 A.

809 2465 890 2500 Par.
914 2467 954 2500 A.
989 2466 1090 2502 Vind.
1123 2464 1402 2500 CCCXXXVII.
1437 2469 1474 2498 et

808 2513 911 2556 pauci
935 2513 1124 2546 deteriores
1141 2508 1282 2551 παντὸς
1297 2522 1361 2556 pro
1375 2508 1471 2545 ποίν-

804 2570 878 2597 τως
901 2559 1043 2613 scriptu
1044 2571 1066 2592 n
1088 2559 1225 2592 habent.

852 2602 1059 2660 σπέρματος
1084 2602 1169 2648 πέρι
1199 2616 1223 2647 η
1252 2602 1400 2659 φυτοῦ]
1427 2614 1467 2646 φ.
1493 2608 1533 2650 D

803 2662 841 2684 π.
861 2646 883 2694 ἢ
905 2661 964 2684 σπ.
991 2651 1083 2684 Μοιι.
1103 2652 1143 2684 B.
1168 2650 1263 2684 Flor.
1282 2650 1328 2684 U.
1351 2644 1465 2693 ἢφυ-

801 2697 868 2730 τοῦ
894 2709 959 2730 om.
984 2697 1062 2730 Fic.

848 2741 900 2787 ἐκ
902 2743 1016 2799 -είων]
1060 2755 1119 2786 (ιγ’,
1120 2742 1214 2776 είων
1252 2741 1348 2776 Flor.
1391 2741 1462 2775 AC.

802 2797 861 2831 et,
885 2801 959 2835 sup.
985 2785 1020 2832 ε’,
1048 2791 1126 2824 Vat.
1151 2789 1195 2823 H.
