1807 3219
255 149 284 188 8
712 140 1189 184 PLATONIS

257 257 325 300 δεῖ
355 255 581 311 γίγνεσθαι
618 250 769 309 αὐτήν.

258 323 302 367 δ’
332 321 431 378 ἐγὼ,
461 323 671 364 διελθεῖν·

849 250 914 296 Ου’
964 252 1146 311 ῥᾴδιον,
1207 245 1242 295 ὦ
1281 249 1525 305 εὔδαιμον,
1578 244 1635 306 ἦν

710 319 872 371 πολλὰς
900 321 983 377 γάρ
1023 320 1223 370 ἀπιστίας
1260 319 1343 373 ἔχει
1376 318 1438 361 ἔτι
1467 321 1635 372 μᾶλλον

258 394 347 434 τῶν
377 390 622 445 ἔμπροσθεν
660 382 722 432 οἷν
753 387 1001 445 διήλθομεν.
1045 389 1119 433 καὶ
1147 386 1230 443 γάρ
1273 385 1331 437 ὥς
1370 384 1536 429 δυνατοὶ
1564 385 1636 428 λέ-

259 474 398 513 γεται,
451 454 660 500 ἀπιστοῖτ’
703 456 783 510 ἂν,
831 458 905 501 καὶ
942 460 978 501 εἰ
1017 457 1085 501 ὅτι
1124 455 1308 511 μάλιστα
1344 454 1536 510 γένοιτο,
1578 453 1638 506 ὥς

195 528 235 572 D
263 523 398 578 ἄριστ’
430 523 485 568 ἂν
515 525 579 579 εἴη
608 527 769 576 ταῦτα,
801 525 874 567 καὶ
903 524 1040 582 ταύτῃ
1072 522 1364 579 ἀπιστήσεται.
1398 523 1465 566 διὸ
1489 521 1638 577 δήκαὶ

261 592 391 643 ὄκνος
419 608 484 643 τις
516 590 662 634 αὐτῶν
694 591 927 642 ἅπτεσθαι,
956 593 1013 649 μή
1050 591 1149 648 εὐχή
1181 595 1290 648 δοκῇ
1322 590 1433 635 εἶναι
1455 589 1638 647 ὁλόγος,

261 657 295 704 ὦ
327 662 426 716 φίλε
456 658 606 713 ἑταῖρε.
637 660 814 716 Μηδὲν,
845 657 934 717 ἧδ’
967 660 1040 713 ὃς,
1074 659 1214 704 ὄκνει·
1249 658 1348 703 οὔτε
1376 658 1460 715 γὰρ
1492 657 1638 715 ἀγνώ-

260 744 391 782 μονες
430 726 531 771 οὔτε
573 725 749 770 ἄπιστοι
794 728 893 772 οὔτε
924 727 1079 772 δύσνοι
1113 730 1156 772 οἱ
1186 726 1490 782 ἀκουσόμενοι.
1551 727 1639 771 Καὶ

262 795 344 852 ἐγώ
376 792 499 840 εἶπον
513 810 521 819 ’

307 912 339 953 ὦ
363 916 555 967 εὔδαιμον]
581 913 808 964 ὦεῦδαίμων
826 921 919 954 Mon.

261 966 300 1001 Β.
325 967 410 1000 Ven.
439 967 478 1001 C
504 968 582 1002 Par.
606 968 681 1002 DK.
719 979 784 1001 sec.
811 968 920 1001 Bekk.

261 1013 290 1046 ω’
330 1009 507 1056 ευδαῖμον
554 1014 639 1047 Lob,
681 1013 781 1046 Vind.
817 1013 921 1047 BDF.

262 1059 339 1092 Vat.
366 1060 444 1092 ΒΜ.
495 1059 548 1092 Cf.
575 1060 649 1093 Vol.
674 1059 702 1092 I.
728 1071 759 1104 p.
779 1060 859 1097 333.
888 1059 922 1092 b.

260 1105 319 1138 ins.
366 1105 406 1137 In
431 1104 529 1138 Vind.
555 1105 597 1138 E.
621 1110 800 1149 utrumque
824 1105 925 1138 omis-

262 1162 334 1184 sum
360 1155 394 1185 et
416 1151 560 1194 spatium
583 1151 684 1183 trium
711 1151 844 1184 circiter
868 1150 925 1182 lit-

262 1201 412 1230 terarum
437 1208 578 1229 vacuum
600 1197 755 1229 relietum
781 1201 844 1230 est.

310 1242 489 1275 διελθεῖν·
510 1240 662 1287 πολλας]
682 1240 816 1275 ἐλθεῖν.
837 1243 924 1276 πολ-

263 1285 309 1321 λὰ
335 1288 432 1320 Vind.
458 1288 499 1321 D.

311 1332 403 1377 ε’χει]
442 1334 516 1368 Hoc
541 1334 784 1367 Stallbaumius
809 1333 843 1367 in
869 1345 923 1367 se-r

263 1381 373 1414 cunda
398 1380 449 1413 ed.
475 1385 638 1413 commate
657 1380 809 1413 distinxit
827 1392 847 1413 a
869 1391 924 1413 se-

263 1425 467 1470 quentibus‚
491 1437 559 1459 non
584 1426 655 1458 sine
680 1426 824 1459 ratione.
851 1425 924 1458 Ali-

262 1476 317 1506 ter
341 1472 426 1505 enim
451 1472 535 1505 haec
569 1472 659 1504 dicta
690 1478 789 1512 sunt,
825 1483 924 1526 quam

263 1518 291 1552 si
318 1514 370 1551 ε’τι
392 1529 463 1574 γαρ
495 1518 635 1573 μᾶλλον
667 1515 806 1556 πολλὰς
839 1515 924 1550 oim-

265 1563 367 1603 στίας
393 1561 462 1606 ε’χει
485 1564 560 1597 των
589 1562 799 1607 ἔμπροσθεν
831 1565 924 1607 lege-

262 1614 367 1643 retur.
415 1610 542 1642 Verum
566 1615 679 1643 tamen
705 1610 780 1654 ipsa
803 1611 925 1643 verbo-

263 1668 337 1690 rum
363 1656 540 1689 collocatio
564 1667 626 1701 per
660 1667 698 1690 se
721 1655 926 1700 ambiguita-

263 1708 332 1737 tem
353 1702 455 1735 tollit.

310 1747 396 1791 καὶ]
421 1744 493 1781 κᾶν
516 1748 595 1781 Par.
619 1747 663 1781 K.
687 1759 754 1782 sec.
778 1747 887 1782 Bekk.

311 1791 385 1837 ὥς]
412 1794 447 1827 εἰ
469 1791 519 1833 (ὃς
542 1794 636 1826 Flor.
661 1795 705 1828 T.

311 1838 480 1884 δυνατὰ]
506 1838 666 1873 δύναται
690 1839 790 1872 Vind.
815 1839 855 1874 F.

311 1884 471 1931 λέγεται]
507 1883 654 1930 λέγηται
682 1886 759 1920 Par.
785 1885 828 1919 K.
855 1896 924 1919 sec.

262 1932 374 1967 Bekk.

311 1974 493 2012 απιστοῖτ’
514 1973 587 2021 a'v,]
615 1978 726 2018 Quum
738 1990 813 2020 και,
833 1977 925 2033 quod

264 2024 437 2069 sequitur,
479 2024 630 2069 proximo
664 2024 711 2056 illi
743 2030 821 2056 ante
853 2021 924 2066 γὰρ

264 2071 489 2114 respondeat,
535 2074 569 2102 et
600 2069 697 2103 verbi
733 2066 924 2102 ἀπιστοῑτο

265 2116 375 2158 idem,
408 2116 498 2160 quod
523 2115 662 2149 alterius
687 2112 926 2159 ἀπιστήσεται

267 2162 453 2196 subiectum
477 2161 544 2203 sit,
569 2173 637 2195 non
660 2162 826 2194 diversum
843 2161 926 2194 illud

269 2220 290 2242 a
313 2208 466 2242 subiecto
489 2209 670 2241 verborum
705 2205 794 2250 ἔχει,
830 2204 925 2250 λέγε-

267 2265 350 2297 ται,
384 2250 527 2297 γένοιτο
561 2259 596 2286 et
620 2253 696 2297 εἰη,
731 2265 804 2286 cum
829 2253 927 2286 Basi-

267 2299 439 2333 leensibus
464 2304 499 2332 et
521 2299 616 2333 Astio
641 2311 768 2332 comma
800 2299 927 2344 potius,

267 2357 369 2390 quam
394 2346 490 2378 colon
514 2357 587 2378 cum
619 2345 812 2400 Stephano,
835 2345 928 2378 Bek-

268 2392 353 2425 kero
381 2397 416 2424 et
440 2392 661 2424 Stallbaumio
693 2396 771 2436 post
796 2386 842 2424 αἰ)
868 2402 928 2435 po·-

270 2437 414 2470 nendum
439 2437 640 2471 existimavi.
678 2437 782 2470 Aldus
805 2437 929 2471 nullam

270 2483 404 2517 omnino
428 2483 680 2516 distinctionem
703 2483 796 2516 fecit.

319 2525 377 2562 ὅτι
399 2526 580 2572 μαλιστα]
606 2525 819 2571 ὅτιμαλιστα
842 2528 871 2560 L
875 2528 929 2561 ob.

273 2571 487 2617 ὁτιμοὶλιστα
512 2575 609 2608 Vind.
635 2575 674 2608 F.
700 2575 817 2619 Steph.
848 2570 930 2608 ὅτι

271 2618 428 2663 μάλιστα
452 2621 692 2654 Stallbaumius
725 2621 758 2653 in
782 2632 848 2654 sec.
878 2620 929 2654 ed.

274 2666 327 2699 Cf.
357 2666 429 2699 Vol.
456 2666 483 2699 I.
509 2678 541 2711 p.
568 2666 797 2700 XXXXVllI.

319 2708 394 2755 ὣς]
435 2710 498 2745 καὶ
533 2709 583 2751 ὠς
626 2713 704 2746 Vat.
735 2712 812 2746 ΒΜ,
846 2712 931 2746 Lob

274 2757 374 2791 Vind.
399 2757 470 2791 BD.
496 2757 587 2791 Flor.
611 2758 654 2791 T.

319 2803 459 2846 ταῦτα,
493 2803 554 2837 καὶ
588 2801 706 2849 ταύτῃ
740 2800 934 2847 α’πιστήσε-

571 790 608 841 ni
638 795 806 851 ἄριστε,
844 791 872 853 ἦ
901 812 989 841 που
1018 794 1288 854 βουλόμενός
1325 812 1376 852 με
1402 796 1638 853 παραθαῤ-

977 919 1061 966 ται]
1093 921 1191 956 Hanc
1224 921 1391 966 Stephani
1423 924 1459 954 et
1489 919 1640 954 Bekkeri

977 968 1282 1012 interpunctionem
1323 967 1566 1000 Stallbaumius
1603 966 1640 999 in

978 1015 1125 1048 secunda
1150 1014 1202 1047 ed.
1229 1013 1423 1066 sententiae
1448 1023 1641 1057 repugnare

979 1072 1045 1093 non
1078 1064 1306 1100 autumasset,
1353 1058 1383 1092 si
1414 1058 1521 1103 ipsam
1554 1070 1638 1114 rem,

980 1107 1022 1138 de
1047 1117 1115 1149 qua
1138 1104 1336 1150 persuaderi
1360 1110 1528 1149 nequeat,
1554 1101 1640 1138 ἄπι-

980 1153 1161 1185 στεῖσθαι
1185 1151 1250 1184 dici
1275 1162 1374 1194 posse
1397 1150 1638 1194 reputavisset'.

981 1198 1060 1237 Qua
1083 1197 1367 1241 interp1etatione
1400 1197 1550 1230 adhibita
1574 1197 1641 1229 hac

981 1255 1109 1288 quoqne
1135 1245 1169 1276 in
1194 1249 1316 1287 parte,
1348 1254 1437 1287 quae
1472 1243 1513 1276 ad
1539 1253 1641 1286 prae—

981 1290 1138 1322 stantiam
1163 1293 1266 1333 atque
1290 1288 1469 1321 utilitatem
1494 1292 1639 1332 spectet,

981 1336 1048 1374 eis,
1074 1347 1161 1380 quae
1186 1335 1328 1368 dicenda
1352 1334 1430 1376 sint,
1455 1334 1557 1367 fidem
1574 1345 1642 1367 non

979 1381 1131 1414 habitum
1154 1381 1196 1413 iri
1229 1382 1390 1413 Socrates
1420 1381 1640 1414 demonstrat.

980 1428 1101 1461 Altera
1143 1426 1371 1470 interpunctio
1418 1427 1539 1459 ταῦτα
1578 1424 1642 1459 καὶ

979 1471 1117 1518 ταύτῃ,
1151 1470 1409 1517 (ἐπιστήσεται,
1444 1484 1545 1516 quam
1567 1472 1643 1516 ipse

980 1532 1023 1553 ex
1047 1519 1169 1553 Aldina
1203 1524 1238 1551 et
1260 1518 1509 1551 Basileensibus
1540 1529 1641 1562 repe—

980 1565 1059 1606 tiit,
1093 1577 1159 1598 non
1191 1567 1296 1598 solum
1328 1565 1551 1597 membrorum
1582 1575 1642 1596 ae-

981 1611 1218 1657 quabilitatem
1256 1611 1390 1651 turbat,
1443 1610 1502 1643 sed
1541 1610 1642 1643 etiam

980 1657 1201 1701 tautologiam
1233 1657 1366 1697 infert,
1414 1656 1468 1689 cui
1512 1657 1644 1689 frustra

981 1704 1108 1737 mederi
1121 1706 1262 1736 conatus
1278 1707 1330 1735 est
1342 1682 1381 1735 F
1372 1702 1501 1735 lcinus:
1526 1708 1643 1735 utrum

983 1751 1114 1791 optima
1141 1750 1211 1783 ista
1234 1750 1301 1782 sint
1321 1754 1354 1782 et
1379 1749 1556 1803 quomodo,
1578 1749 1644 1780 du-

982 1797 1158 1830 bztabc'tur.
1205 1812 1252 1819 —
1297 1794 1364 1827 Pro
1406 1790 1644 1849 απιστήσεται

982 1842 1061 1875 Par.
1095 1841 1138 1874 K.
1188 1852 1255 1874 sec.
1296 1840 1370 1895 Bip.
1414 1836 1645 1883 απιστήσετε,

983 1899 1051 1921 sec.
1075 1887 1183 1920 Bekk.
1209 1883 1425 1930 οἷπιστήσετι
1449 1886 1558 1930 (quod
1586 1888 1643 1928 ty-

982 1934 1144 1978 pothetae
1167 1932 1298 1975 tribuo)
1324 1931 1472 1965 exhibet.
1505 1932 1546 1964 In
1563 1931 1642 1964 Par.

983 1981 1023 2014 D.
1049 1980 1130 2012 item
1160 1976 1399 2022 ἀπιστήσετε,
1432 1977 1492 2011 sed
1524 1988 1645 2031 super-

981 2025 1110 2069 scripto
1135 2036 1216 2067 ται,
1249 2024 1284 2057 in
1309 2025 1386 2057 Vat.
1412 2024 1451 2057 B.
1488 2019 1643 2066 οἷπιστή-

982 2081 1083 2106 σεται
1107 2082 1181 2103 cum
1207 2081 1221 2104 ε
1246 2081 1349 2113 super
1373 2081 1412 2102 αι
1436 2069 1572 2113 legitur.

1029 2115 1110 2172 δῇ]
1126 2113 1164 2149 δὲ
1189 2116 1264 2149 Ald.
1290 2117 1369 2148 Bas.
1396 2126 1426 2147 a.

1029 2160 1138 2206 ευχὴ]
1182 2159 1289 2205 οφθῆ
1330 2161 1428 2194 Vind.
1453 2160 1493 2195 F.
1525 2166 1642 2196 votum

983 2210 1158 2261 quoddam
1183 2214 1216 2242 et
1238 2208 1340 2251 fictio
1365 2206 1438 2240 Fic.

1032 2254 1149 2298 δοκῃ]
1192 2254 1297 2287 δοκοῖ
1343 2253 1422 2286 ven
1455 2252 1493 2285 Β.
1542 2252 1647 2286 δοκεῖ

984 2301 1068 2335 Lob.
1096 2299 1190 2333 Vind.
1217 2299 1351 2332 BDEF.
1385 2299 1461 2331 Vat.
1485 2299 1525 2332 B.
1559 2299 1642 2332 Ven.

985 2348 1025 2380 C.
1064 2347 1141 2379 Par.
1176 2345 1251 2379 DK.
1294 2357 1360 2378 sec.
1393 2345 1502 2378 Bekk.
1549 2344 1642 2378 Flor.

984 2392 1155 2427 ACRUV.
1204 2392 1326 2435 Itaque
1346 2390 1447 2435 pauci
1471 2393 1645 2423 remanent

985 2437 1190 2473 coniunctivi
1215 2441 1404 2470 assertores
1421 2436 1513 2479 iique
1525 2447 1643 2480 parum

984 2484 1100 2524 validi,
1124 2485 1206 2526 Ang.
1221 2483 1257 2516 B.
1285 2483 1362 2516 Vat.
1387 2482 1469 2515 HM.
1496 2487 1530 2515 et
1549 2482 1642 2515 Flor.

985 2531 1029 2565 T.
1064 2529 1153 2563 Nam
1177 2530 1253 2562 Par.
1275 2529 1313 2561 Α.
1335 2528 1472 2561 exhibet
1493 2528 1549 2560 ille
1566 2527 1643 2572 qui-

987 2577 1062 2609 dem
1096 2575 1209 2618 δοκῆ,
1243 2575 1303 2607 sed
1328 2578 1521 2614 correctus,
1553 2573 1644 2618 quod

986 2626 1134 2655 testatur
1165 2621 1362 2659 Bekker,us
1407 2624 1442 2652 et
1475 2620 1566 2653 Mon.
1603 2619 1642 2653 B.

988 2668 1078 2713 quod
1089 2668 1267 2701 Bekkerus
1286 2665 1453 2710 neglexit,
1477 2665 1546 2710 -ῇ
1563 2665 1643 2698 item

988 2714 1099 2747 manui
1133 2713 1302 2746 secundae
1345 2712 1457 2745 debet.
1527 2711 1643 2745 Nihilo

988 2760 1115 2800 minus,
1150 2770 1262 2811 quum
1300 2769 1399 2792 uuum
1445 2756 1488 2790 de
1533 2757 1644 2790 tribus

989 2804 1178 2851 praesentis
1215 2804 1325 2840 modis
1370 2803 1477 2849 recipi
1508 2802 1643 2837 codices
