1807 3219
84 2671 152 2708 479
200 2669 242 2712 ὃς
271 2671 387 2719 αὐτὸ]

483 141 822 185 CIVITAS
867 142 988 185 LIB.
1015 142 1069 183 V.
1100 143 1166 180 479

1444 144 1521 186 131

148 251 208 306 ὦς
235 253 372 307 ἔοικε,
412 251 462 297 τό
502 251 766 310 ἀμφοτέρων
796 255 996 312 μετέχον,
1036 256 1118 297 τοῦ
1148 248 1260 296 εἶναί
1288 267 1333 296 τε
1361 251 1436 296 καὶ
1465 253 1525 309 μὴ

147 320 281 375 εἶναι,
312 321 387 366 καὶ
416 319 646 376 οὐδέτερον
675 324 900 378 εἱλικρινὲς
929 321 1075 377 ὀρθῶς
1105 318 1161 363 ἂν
1191 318 1525 376 προσαγορευό-

146 406 307 446 μενον,
357 391 430 434 ἴνα
469 389 547 434 ἐὰν
583 395 727 448 φανῇ,
783 391 995 443 δοξαστὸν
1035 386 1145 433 αὐτὸ
1186 385 1298 432 εἶναι
1335 388 1383 432 ἐν
1425 390 1525 446 δίκῃ

144 456 566 515 προσαγορεύωμεν,
596 464 689 511 τοῖς
718 458 797 514 μὲν
825 457 980 513 ἄκροις
1006 456 1059 502 τὰ
1090 455 1228 511 ἄκρα,
1257 460 1348 508 τοῖς
1377 455 1423 501 δὲ
1451 473 1528 513 με-

143 526 250 580 ταξύ
278 527 331 570 τοὶ
360 526 517 582 μεταξὺ
546 525 844 578 ἀποδιδόντες.
874 525 902 584 ἢ
935 524 1015 583 οὐχ
1038 524 1200 577 οὕτως,
1238 523 1376 568 Οὕτω.
1412 524 1527 569 Τού-

143 611 233 639 των
262 595 315 652 δὴ
344 593 645 652 ὑποκειμένων
677 595 831 651 λεγέτω
860 611 957 650 μοι,
1000 593 1153 650 φήσω,
1189 592 1262 637 καὶ
1293 589 1530 649 ἀποκρινέ-

145 667 241 706 σθω
272 661 296 706 ὁ
325 663 532 721 χρηστὸς,
571 662 621 716 ὂς
651 660 759 708 αὐτὸ
785 661 865 719 μὲν
897 661 1035 706 καλὸν
1064 661 1139 705 καὶ
1168 659 1291 705 ἰδέαν
1319 661 1418 705 τινοὶ
1444 659 1526 706 ai}-
1549 671 1618 708 479

144 733 228 775 τοῦ
269 731 459 784 κάλλους
504 732 718 790 μηδεμίαν
765 730 930 789 ἡγεῖται
988 728 1054 773 ἀεὶ
1099 729 1180 785 μὲν
1223 727 1334 773 κατὰ
1392 727 1530 774 ταύτά

146 879 308 924 inquam,
332 880 420 915 hunc
443 881 481 915 ἰπ
508 882 647 916 modum
663 881 814 925 interpo-

145 926 236 967 suit,
272 925 413 961 liberius
447 926 582 972 quidem
605 927 660 961 ille
674 953 683 967 ,
707 927 769 962 sed
793 938 815 960 a

145 976 258 1005 mente
281 971 459 1017 scriptoris
481 973 615 1007 minime
634 974 812 1008 aberrans.

145 1017 287 1051 Scilicet
319 1016 428 1062 φήσω
461 1018 517 1053 hic
549 1031 635 1062 non,
671 1024 710 1053 ut
734 1017 815 1053 alibi

146 1066 183 1097 et
204 1065 243 1097 ut
265 1063 357 1098 infra
381 1061 548 1109 φήσομεν
578 1068 657 1110 post
680 1058 714 1099 αἶ
734 1059 814 1109 ἄρι-

147 1118 226 1152 στε,
248 1109 313 1155 ipsi
337 1109 482 1156 alloquio
516 1110 682 1146 insertum
705 1114 816 1156 neque

135 1155 191 1190 'ad
213 1156 353 1190 formam
375 1156 576 1198 verborum,
600 1157 661 1190 sed
687 1157 729 1191 ad
755 1168 812 1191 an-

146 1204 341 1246 gumentum
365 1205 400 1235 et
432 1202 636 1237 sententiam
657 1204 812 1237 reseren-

146 1247 226 1281 dum
250 1258 327 1282 esse
349 1258 392 1281 ex
417 1259 457 1281 eo
480 1247 694 1292 intelligitur,
718 1247 812 1294 quod

147 1290 277 1337 λεγέτω
296 1297 332 1327 et
352 1289 626 1338 ἀποκρινέσθω,
650 1305 716 1328 non
735 1291 813 1338 λέγε

146 1343 182 1374 et
204 1335 409 1384 ἀποκρίνου
434 1339 675 1384 circumposita
698 1341 813 1383 habet,

94 1390 97 1394 '
145 1385 272 1431 quibus
309 1385 426 1420 formis
459 1386 664 1431 compellans
689 1387 813 1421 bonum

144 1431 255 1466 virum
279 1431 443 1466 Socrates
467 1433 662 1467 necessario
683 1432 734 1466 uti
751 1432 813 1466 de-

145 1477 272 1519 bebat,
307 1482 516 1523 poteratque
545 1478 600 1513 hic
641 1479 736 1513 locus
769 1477 813 1512 ad

146 1523 337 1569 oppositam
361 1525 530 1569 quandam
547 1523 698 1559 eiusdem
715 1523 812 1559 verbi

144 1569 312 1603 rationem
343 1569 384 1603 L.
408 1570 468 1603 III.
507 1582 542 1616 p.
566 1570 648 1607 415.
671 1572 711 1605 A.
734 1570 814 1604 illu-

145 1615 320 1649 sti-andam
343 1615 506 1651 adhiberi.
542 1617 662 1662 Itaque
686 1617 811 1650 Socra-

146 1666 200 1695 tes
223 1662 277 1695 his
293 1662 418 1706 positis
446 1663 493 1696 ad
519 1663 700 1697 dicendum
729 1664 812 1697 sibi-

147 1720 212 1752 que
232 1708 505 1752 respondendum
527 1710 756 1744 eaecitaturum
776 1709 809 1743 h.

148 1766 178 1787 e.
194 1759 478 1798 percontaturum
501 1765 578 1788 sese
604 1754 688 1788 dicit
708 1754 799 1788 illum

148 1810 249 1844 quem
276 1799 421 1843 primum
443 1799 610 1834 describit
638 1799 754 1834 verbis
789 1812 810 1834 ο

149 1843 306 1889 χρηστὸς
329 1850 395 1879 etc.
419 1856 529 1892 usque
550 1845 594 1880 ad
612 1839 728 1880 τᾶλλα
748 1841 811 1880 οὕ-

150 1903 224 1935 τω,
259 1890 382 1925 deinde
405 1895 444 1925 ut
465 1895 702 1937 praesentem,
727 1904 813 1938 qua—

149 1936 215 1971 lem
237 1936 305 1971 iam
327 1937 384 1972 hic
406 1938 527 1982 fingit,
563 1938 747 1984 alloquitur
770 1950 813 1972 ex

150 1981 380 2028 descriptione
420 1984 530 2029 petito
577 1983 814 2028 interrogandi

150 2029 305 2063 exordio:
335 2026 480 2064 τούτων
506 2027 576 2074 γοέρ
610 2027 657 2075 δὴ
677 2056 687 2074 ,
713 2024 745 2064 ὦ
770 2026 813 2064 ἅ-

149 2084 250 2120 ριστε
285 2078 351 2109 etc.
383 2076 417 2109 in
456 2076 580 2122 quibus
620 2074 692 2121 γὰρ
735 2076 815 2110 nihil

151 2121 243 2155 aliud
274 2121 464 2166 significat,
508 2121 573 2157 nisi
612 2134 687 2156 esse
727 2123 814 2157 hanc

152 2166 439 2202 continuationem
473 2169 637 2203 sermonis
670 2169 816 2203 iamin·

152 2212 275 2255 dicati,
298 2225 410 2260 neque
430 2214 495 2253 alio
518 2218 667 2260 spectat,
689 2214 752 2249 nisi
771 2214 814 2248 ad

151 2258 239 2293 haec
269 2263 388 2294 nostra
416 2258 545 2304 λεγέτω
572 2272 658 2305 μοι,
691 2258 813 2305 φήσω,

151 2302 215 2339 καὶ
252 2301 535 2350 ἀποκρινέσθω,
575 2318 664 2352 quae
697 2318 815 2341 conse-

150 2351 324 2396 quentiam
354 2352 481 2386 habere
510 2363 689 2398 perperam
711 2357 817 2398 negat

151 2397 507 2440 Schleiermacherus‚
539 2410 659 2432 novam
694 2411 715 2433 a
737 2410 814 2447 νει·-ι

150 2442 207 2477 bis
227 2441 346 2477 πολλὰ
367 2440 406 2477 δὲ
423 2441 471 2478 τὰ
492 2441 587 2478 καλὰ
608 2448 816 2480 structuram

151 2488 229 2522 fleri
250 2492 423 2531 statuens,
455 2489 536 2524 nihil
560 2501 684 2525 curans
706 2491 815 2536 parti-

152 2534 260 2569 culam
291 2533 357 2579 μὲν
387 2536 477 2569 inter
510 2531 606 2570 αὐτὸ
641 2541 676 2570 et
699 2533 815 2572 καλὸν

151 2581 376 2616 interiectam.
390 2601 436 2607 —-
459 2582 527 2616 Pro
552 2579 814 2627 ἀποκρινέσθω

152 2626 238 2663 Lob.
263 2623 491 2682 ἀποκρινέτω
515 2629 630 2684 habet.

433 2686 475 2714 ος
509 2686 628 2718 αυτο,
671 2687 691 2708 e
729 2686 815 2709 corr.

153 2715 280 2763 αὕτῶ,
309 2718 353 2754 τὸ
390 2720 489 2754 Vind.
514 2720 554 2754 F.
592 2717 711 2760 αὐτὸς
734 2722 814 2754 Bas.

153 2776 184 2798 a.
211 2777 310 2811 quem
342 2778 491 2801 errorem
525 2769 645 2800 notans
667 2767 815 2812 Stepha-

154 2821 216 2844 nus
249 2812 322 2854 „in
354 2812 498 2859 quodam
542 2812 652 2848 veteri
695 2813 780 2847 libro
791 2817 814 2832 ‘⁶

869 877 932 913 καὶ
961 874 1058 912 αὐτό
1082 875 1151 921 μὲν
1180 881 1248 911 etc.
1270 875 1433 922 scriptum
1456 888 1532 912 esse

868 924 1026 971 perhibet
1048 935 1128 969 pag.
1152 925 1209 960 22.
1243 919 1338 958 αὐτο
1364 922 1463 957 Vind.
1487 923 1528 958 B.

867 971 943 1006 sine
965 974 1109 1006 accentu
1132 974 1169 1005 et
1198 968 1291 1004 linea
1313 968 1403 1003 infra
1426 969 1530 1004 ducta

868 1028 945 1052 cmn
986 1013 1104 1051 καλὸν
1142 1016 1292 1049 iunctum
1332 1015 1456 1058 habet,
1491 1018 1530 1049 ut

869 1075 906 1111 p.
928 1060 1007 1098 476.
1033 1062 1074 1097 C.
1099 1058 1193 1096 αὐτο
1214 1059 1255 1096 δὲ
1274 1058 1419 1102 κάλλος.

915 1106 1024 1152 τινὰ]
1049 1121 1154 1143 unam
1175 1107 1252 1142 Fic.

914 1152 1061 1199 αὐτοῦ]
1089 1147 1140 1188 αὖ
1156 1153 1224 1188 τοῦ
1251 1152 1336 1188 Lob.
1360 1152 1530 1189 Par.DK.

868 1213 938 1236 sec.
962 1200 1072 1235 Bekk.
1096 1202 1177 1235 Vat.
1200 1199 1251 1234 M.
1275 1198 1344 1233 τοῦ
1371 1199 1472 1235 vind,
1488 1200 1531 1234 B.

913 1245 1095 1290 κάλλους]
1125 1244 1189 1280 καὶ
1212 1243 1370 1284 κάλλους
1392 1246 1473 1280 Bas.
1497 1245 1532 1280 b.

915 1289 1070 1337 ἡγεῖται]
1094 1288 1230 1337 ἡγῆται
1253 1291 1352 1326 Vind.
1368 1291 1413 1326 F.
1437 1291 1532 1327 Mon.

868 1339 911 1374 B.
935 1340 1021 1375 ven.
1044 1339 1086 1372 B.
1110 1339 1208 1372 Flor.
1232 1337 1408 1373 ACRUV.
1440 1333 1531 1382 ἥγη-

868 1397 932 1419 ται
954 1385 1034 1419 Par.
1058 1384 1135 1419 DK.
1160 1396 1229 1419 sec.
1252 1383 1362 1418 Bekk.

915 1428 974 1465 ἀεὶ
991 1427 1080 1475 μὲν]
1113 1430 1320 1464 Particulam
1342 1426 1408 1472 μὲν
1431 1429 1532 1474 vulgo

868 1479 905 1511 et
927 1477 960 1510 in
983 1476 1110 1510 maiore
1133 1476 1285 1509 codicum
1308 1479 1407 1520 parte
1431 1476 1533 1509 omis-

868 1534 941 1556 sam
964 1534 1007 1556 ex
1029 1522 1109 1557 Par.
1133 1523 1172 1556 A.
1206 1521 1306 1557 Vind.
1331 1521 1407 1557 DE.
1444 1523 1532 1556 Ven.

868 1569 910 1603 Β.
935 1570 1016 1605 Vat.
1039 1568 1086 1603 Η.
1109 1568 1207 1603 Flor.
1229 1567 1338 1602 ACV.
1361 1567 1533 1612 recipien-

868 1614 946 1649 dam
968 1614 1105 1660 putavi‚
1137 1613 1218 1660 quia
1241 1614 1389 1658 repetita
1411 1613 1533 1648 discri-

868 1661 966 1694 minis
987 1660 1076 1694 inter
1097 1659 1132 1693 id
1145 1686 1155 1702 ,
1181 1660 1271 1705 quod
1296 1671 1372 1693 esse
1388 1659 1455 1694 iste
1474 1671 1534 1694 ne-

869 1710 929 1751 gat
952 1710 988 1740 et
1010 1705 1122 1752 qualia
1156 1706 1276 1741 statuit
1299 1717 1391 1747 esse,
1423 1706 1533 1739 iuter-

869 1752 1020 1786 cedentis
1062 1751 1266 1796 significatio
1310 1751 1446 1785 minime
1487 1752 1531 1786 ab

868 1798 933 1832 hoc
956 1799 1031 1832 loco
1056 1798 1166 1833 aliena
1199 1809 1310 1844 neque
1343 1798 1408 1831 alio
1432 1797 1532 1832 modo

869 1844 1073 1879 commodius
1095 1844 1272 1886 facienda,
1297 1843 1449 1878 codicum
1471 1856 1533 1877 au-

868 1894 937 1925 tem
969 1890 1137 1925 dissensio
1169 1890 1282 1935 potius
1313 1889 1534 1934 praetermis-

869 1937 997 1971 sionem
1027 1936 1213 1981 particulae
1238 1948 1259 1970 a
1282 1935 1451 1978 librariis,
1477 1935 1534 1981 qui

870 1995 944 2017 eam
964 1982 1170 2029 superfluam
1185 1982 1430 2023 existimarent,
1452 1993 1534 2026 pro-

869 2031 1005 2071 sectam,
1024 2040 1124 2074 quam
1144 2028 1440 2073 interpolationem
1457 2026 1536 2061 alibi

870 2086 975 2117 sane,
997 2078 1037 2107 ut
1061 2074 1101 2108 L.
1125 2074 1187 2109 VI.
1211 2087 1242 2118 p.
1260 2073 1340 2109 492.
1364 2075 1406 2109 A.
1431 2073 1535 2107 semel

871 2124 907 2155 et
927 2122 1072 2163 iterum,
1103 2121 1230 2154 factam
1253 2123 1314 2153 aut
1336 2120 1459 2154 calami
1480 2131 1537 2153 er-

871 2179 983 2201 rorem
1007 2177 1152 2210 arguere
1174 2166 1368 2201 videbatur.
1406 2166 1536 2200 Exem-

871 2213 936 2259 plis
974 2213 1091 2247 iterati
1123 2209 1190 2256 μὲν
1230 2224 1251 2246 a
1286 2212 1447 2247 Dorvillio
1491 2211 1536 2245 ad

872 2259 1003 2293 Charit.
1034 2270 1069 2304 p.
1101 2259 1182 2294 399.
1213 2269 1265 2303 sq.
1313 2261 1349 2291 et
1385 2269 1421 2304 p.
1454 2256 1535 2293 543.

870 2306 966 2351 Lips.
997 2305 1129 2339 collatis
1161 2316 1227 2338 non
1262 2306 1360 2345 utor,
1407 2303 1536 2349 quippe

870 2352 995 2398 partim
1028 2353 1217 2396 corruptis,
1249 2353 1288 2383 ut
1322 2348 1420 2383 huius
1455 2349 1537 2384 libri

871 2410 905 2443 p.
930 2398 1008 2433 473.
1034 2397 1076 2433 C.
1111 2397 1218 2431 δοκεῖ
1241 2393 1329 2440 μέν,
1367 2395 1534 2430 Herodot.

872 2444 913 2479 L.
937 2443 998 2479 VI.
1023 2455 1053 2479 c.
1075 2445 1153 2478 101.
1178 2440 1333 2476 ἔπιπτον
1354 2439 1434 2484 μέν,
1453 2453 1534 2486 par-

871 2491 931 2524 tim
959 2490 1009 2524 ita
1049 2488 1253 2534 comparatis
1267 2513 1278 2530 ‚
1319 2490 1358 2521 ut
1398 2489 1535 2532 utrique

870 2533 937 2581 μὲν
969 2547 1066 2570 suum
1095 2534 1304 2580 respondeat
1326 2531 1367 2567 δὲ
1392 2533 1449 2567 vel
1473 2545 1534 2566 ex-

872 2593 1027 2628 pressum
1060 2581 1115 2615 vel
1162 2579 1368 2624 cogitatione
1408 2579 1536 2613 adden-

872 2629 970 2670 dum,
1004 2630 1043 2661 ut
1075 2627 1160 2671 Leg.
1185 2626 1227 2661 L.
1251 2627 1294 2661 V.
1326 2637 1361 2670 p.
1385 2626 1466 2660 735.
1490 2625 1533 2659 D.

871 2672 935 2708 καὶ
964 2671 1033 2712 τὰς
1068 2670 1135 2716 μὲν
1176 2669 1360 2716 τύραννος
1387 2669 1452 2714 μὲν
1481 2666 1534 2704 ὢν

872 2723 938 2754 etc.
971 2720 1079 2753 Isocr.
1115 2719 1244 2763 Paneg.
1286 2729 1321 2763 p.
1353 2718 1409 2753 57.
1446 2721 1533 2751 extr.

871 2766 982 2800 Bekk.
1006 2765 1161 2810 Xenoph.
1185 2764 1228 2798 de
1251 2766 1363 2798 venat.
1388 2764 1453 2801 13,
1481 2765 1533 2797 10.

872 2823 982 2858 neque
1024 2811 1167 2845 alterum
1209 2813 1325 2845 nostro
1368 2808 1534 2854 geminum

1285 2867 1345 2909 12
