1807 3219
294 113 378 154 174

744 104 1222 149 PLATONlS

294 238 450 280 μενος,
493 218 572 266 εἴτ’
608 220 656 264 ἐν
684 222 881 277 γραφικῇ
920 217 997 263 εἴτ’
1028 217 1076 262 ἐν
1105 218 1295 272 μουσικῇ
1327 216 1411 260 εἴτε
1439 217 1493 274 δὴ
1522 216 1570 261 ἐν
1597 233 1678 263 πο-

293 294 456 349 λιτικῆς
488 289 555 333 ὅτι
584 288 664 345 μὲν
691 287 790 345 γὰρ,
822 286 900 332 ἐάν
927 303 994 339 τις
1019 284 1194 336 τούτοις
1223 282 1353 343 ὁμιλῇ
1382 284 1680 342 ἐπιδεικνύμε-

293 375 372 409 νος
406 358 437 415 ἢ
471 359 648 413 ποίησιν
677 357 706 414 ἤ
735 373 833 401 τινα
871 354 1008 412 ἄλλην
1046 354 1337 410 δημιουργίαν
1364 352 1394 409 ἢ
1430 351 1555 397 πόλει
1585 355 1679 397 δια-

294 429 474 479 κονίαν,
514 428 700 481 κυρίους
739 423 880 469 advo&
918 426 1062 468 ποιῶν
1092 422 1205 474 ’,τούς
1233 421 1424 473 πολλοὺς
1451 421 1566 477 πέρα
1593 426 1682 465 τῶν

295 493 574 551 ἀναγκαίων,
613 494 641 551 ἡ
671 493 917 550 Διομήδεια
949 491 1156 547 λεγομένη
1188 488 1357 548 ἀνάγκη
1391 495 1534 534 ποιεῖν
1564 489 1683 549 αὐτῷ

298 569 458 617 ταῦτα,
504 562 532 607 ἃ
575 562 630 606 ἂν
671 558 798 607 οὗτοι
839 561 1094 606 ἐπαινῶσιν·
1140 557 1202 610 ὥς
1241 559 1288 603 δὲ
1320 559 1394 603 καὶ
1431 557 1581 616 ἀγαθὰ
1608 559 1716 603 καὶ·

345 710 409 748 εἴτ’
429 709 467 747 ἐν
484 713 536 757 μ.]
564 709 628 746 εἴτ’
651 709 705 755 ἐμ.
727 711 819 746 Μοιι.
843 711 882 745 Β.

347 780 418 827 δὴ]
447 779 485 815 di?
511 780 608 814 vind.
629 781 673 815 E.

350 847 408 885 ότι
437 862 502 894 μεν
528 847 624 894 γὰρ]
650 852 749 891 'patet
767 848 856 882 enim
878 847 968 892 quod

301 898 376 932 Fic.
421 897 611 942 supplens
629 895 719 940 quod
767 895 968 938 scriptorem

303 944 454 978 omisisse
478 931 628 987 putaret.
655 941 770 975 Etiam
795 940 967 974 Stallbau-

302 991 390 1024 mius
415 989 549 1033 ellipsin
565 988 689 1022 statuit
708 987 886 1043 ξετὶιοτιιιιι
905 985 970 1028 δῆ-

303 1038 368 1070 λον
407 1047 467 1069 seu
505 1031 671 1078 φανερόν
701 1030 794 1075 ἐστι,
828 1043 970 1085 eamque

306 1085 483 1127 comparat
506 1082 577 1122 iili,
610 1091 698 1125 quae
728 1083 808 1124 post
845 1077 879 1111 εἰ
905 1074 971 1121 μὲν

304 1129 434 1163 usitata
453 1131 517 1161 est.
541 1126 611 1160 Sed
631 1126 866 1164 Diomedemm
887 1136 972 1168 qua-

305 1175 349 1209 lis
377 1175 413 1208 in
432 1173 615 1217 proverbio
645 1173 711 1212 sit,
734 1171 972 1204 necessitatem

303 1220 354 1255 illi
377 1219 508 1262 iniungi
531 1218 751 1260 manifestum
772 1216 886 1251 dicere
907 1217 971 1248 So-

305 1269 418 1302 crates
451 1266 507 1299 vix
542 1267 682 1310 poterat
722 1264 791 1305 ita,
833 1267 872 1296 ut
907 1262 971 1295 hoc

305 1313 529 1355 manifestum
553 1309 776 1354 supplendum
800 1309 970 1352 relinque-

306 1363 373 1400 ret,
398 1369 509 1403 neque
531 1356 720 1400 exemplum
742 1355 820 1388 talis
844 1354 972 1399 ellipsis

306 1417 329 1440 a
352 1385 572 1439 S'tallbaumio
605 1407 665 1436 aut
696 1402 739 1436 ab
777 1401 888 1446 aliquo
912 1412 973 1433 eo-

305 1463 401 1493 rum,
443 1461 525 1493 quos
569 1448 706 1490 citavit,
739 1447 877 1481 allatum
909 1450 973 1480 est.

306 1497 430 1542 Itaque
465 1495 716 1530 constructione
746 1493 857 1538 potius
883 1493 974 1526 exci-

307 1544 399 1577 disse
431 1543 660 1598 scriptorenL,
709 1543 745 1573 et
777 1551 879 1594 quum
917 1534 975 1572 ὅτι

307 1587 375 1634 μὲν
394 1587 463 1632 γάρ
477 1614 486 1631 ,
513 1585 577 1621 ἐάν
595 1599 651 1625 τις
675 1583 828 1624 τούτοις
846 1582 974 1640 ὁμιλῇ,

307 1635 430 1670 ταῦτα
453 1636 575 1677 ποιεῖ,
603 1630 648 1666 ου’
663 1629 897 1688 θαυμαστὸν,
914 1633 975 1664 άλ-

310 1678 356 1716 zo}
375 1680 437 1715 καὶ
458 1678 560 1714 πάνυ
595 1676 801 1722 αναγκαῖόν
823 1675 898 1711 ἐστι
921 1678 977 1712 vel

311 1728 422 1763 simile
444 1728 480 1761 in
504 1726 615 1760 animo
640 1724 837 1766 habuisset,
856 1724 898 1757 ad
916 1735 977 1757 ne-

313 1773 485 1809 cessitatis
528 1772 811 1817 significationem
848 1781 978 1815 augen-

313 1820 393 1854 dam
435 1818 628 1873 posteriora
676 1819 908 1851 conformasse
941 1820 977 1849 et

313 1866 504 1912 particulae
529 1860 588 1899 ὅτι
618 1863 713 1898 initio
737 1863 870 1909 positae
892 1862 979 1897 obli-

315 1919 389 1946 tum
412 1923 488 1946 esse
511 1911 664 1945 dixerim.

366 1978 496 2027 ὁμιλῇ]
526 1976 651 2024 ὁμιλοῖ
673 1983 753 2013 ante
772 1989 858 2013 corr.
881 1976 982 2012 vind.

354 2054 413 2119 ⁰⁷⁹5]
439 2085 505 2107 om.
529 2071 607 2106 Ald.
631 2072 711 2105 Bas.
732 2082 763 2107 a.

366 2153 452 2176 τινα
471 2137 610 2185 ἄλλην]
647 2136 761 2183 ἄλλην
785 2137 869 2173 τινὰ
895 2138 982 2172 Lob.

319 2188 422 2223 vind.
447 2189 488 2222 Β.
520 2189 600 2222 V.at
629 2187 677 2221 M.
712 2187 792 2220 Bas.
817 2187 850 2219 b.
874 2185 983 2218 minus

318 2236 419 2270 bene.
452 2233 508 2273 τὶς
533 2232 696 2289 praeponi
720 2233 817 2273 solet,
849 2231 940 2265 ubi·
930 2243 984 2264 in-

319 2281 407 2316 certi
440 2279 554 2321 notio,
589 2275 719 2323 ἄλλος,
766 2278 825 2311 ubi
857 2275 985 2311 diversi

318 2326 509 2381 praevalet.
535 2326 596 2359 Sic
620 2325 731 2370 paullo
755 2327 833 2359 ante
849 2335 883 2368 p.
903 2324 983 2358 492.

319 2375 362 2407 B.
386 2368 410 2416 ἥ
432 2383 516 2405 τινα
537 2367 650 2405 ἄλλον
666 2368 796 2405 κοινὸν
814 2367 986 2424 πλήθους

320 2417 511 2476 ξύλλογον.
547 2412 778 2474 4960271'
784 2413 876 2471 γάρ
909 2412 985 2449 πού

321 2477 395 2499 τινι
426 2459 565 2520 duco*
542 2477 565 2508 η
588 2460 716 2498 ου’δενὶ
747 2463 824 2497 τῶν
853 2461 986 2505 ἕ«μπρο

323 2512 417 2546 σθεν
440 2500 577 2554 γέγονε.
596 2514 633 2544 et
649 2521 752 2554 saepe
769 2509 868 2551 alibi3
892 2509 988 2542 ideo-

322 2569 392 2603 que
425 2557 490 2598 fit,
537 2561 598 2613 ut,
645 2555 780 2601 quoties
821 2554 990 2609 particula

323 2614 524 2648 comparans
553 2598 578 2646 ἢ
612 2602 788 2647 sequitur,
817 2603 893 2635 fere
927 2595 989 2634 ἄλ-

324 2650 388 2689 λος
410 2660 490 2692 τις,
526 2652 621 2683 certe
644 2648 749 2682 multo
779 2647 990 2700 frequentius

324 2695 411 2737 hoc,
441 2706 542 2740 quam
573 2707 630 2734 τις
655 2690 766 2733 ἄλλος
788 2692 948 2727 dictum
938 2704 992 2726 m-

324 2741 492 2775 veniatur.
542 2740 597 2775 Cf.
622 2740 767 2775 Phaedr.
792 2751 826 2785 p.
846 2739 926 2775 245.
947 2738 990 2773 Ε

325 2788 407 2823 258.
429 2787 471 2822 A.
494 2788 575 2823 268.
599 2787 642 2822 D.
690 2786 821 2821 Contra
839 2784 966 2821 semel
956 2796 991 2818 in

1023 708 1142 743 eodem
1164 707 1305 763 dialogo
1323 719 1355 752 p.
1374 703 1453 745 273.
1471 710 1519 743 ·A.
1541 728 1587 735 —
1619 708 1684 741 Fi-

1024 756 1117 788 cinus
1163 766 1247 788 τινα
1290 750 1402 798 ἄλλην
1442 754 1684 799 δημιουργίαν

1025 802 1169 835 alterius
1204 802 1293 834 artis
1323 813 1406 846 opus
1437 802 1686 846 interpretatus

1024 858 1109 880 τινα
1132 846 1294 892 neglexit.

1070 936 1200 983 πόλει]
1235 936 1378 978 πόλεως
1409 939 1490 973 Bas.
1514 939 1547 973 b.
1595 939 1689 973 Idem

1026 985 1061 1019 in
1086 985 1178 1020 Flor.
1202 986 1245 1018 T.
1272 997 1375 1030 super
1397 986 1536 1039 vulgato
1560 986 1689 1020 adscri-

1027 1037 1122 1076 ptum
1147 1036 1181 1065 et
1206 1033 1412 1075 aStephano
1436 1032 1469 1066 in
1494 1044 1537 1065 m.
1563 1036 1600 1065 ut
1620 1043 1690 1066 me-

1028 1078 1091 1111 lius
1115 1083 1267 1112 notatum
1299 1083 1362 1112 est.
1411 1079 1462 1121 („
1472 1078 1588 1112 Malim
1623 1075 1691 1113 πό-

1028 1125 1129 1166 λεως,
1158 1128 1195 1157 ut
1219 1124 1252 1157 in
1276 1136 1342 1157 uno
1366 1125 1482 1168 vet.)
1508 1125 1564 1159 Cf.
1582 1125 1690 1158 Bern-

1029 1170 1137 1214 hardy
1161 1175 1250 1214 s'ynt.
1276 1182 1310 1216 p.
1335 1171 1392 1205 93.

1075 1257 1218 1306 αὐτοῦ]
1266 1262 1320 1295 Ita
1368 1262 1547 1296 Bekkerus
1591 1273 1693 1296 unum

1027 1309 1114 1344 ien.
1138 1309 1177 1342 B.
1205 1312 1406 1349 antestatus
1429 1309 1472 1342 de
1495 1308 1636 1354 reliquis
1659 1312 1694 1342 et

1029 1354 1071 1388 de
1084 1354 1223 1397 uulgata
1239 1354 1410 1409 sctiptura
1425 1359 1553 1389 tacens.
1578 1355 1693 1388 Etiam

1028 1401 1122 1435 Mon.
1147 1402 1187 1435 B.
1223 1397 1365 1444 αὑτοῦ,
1401 1401 1498 1436 Vind.
1533 1402 1575 1436 B.
1606 1413 1694 1446 pun-

1031 1451 1121 1480 ctum
1144 1459 1207 1499 pro
1232 1447 1353 1500 spiritu
1377 1458 1480 1492 super
1499 1448 1694 1491 expositum,

1030 1493 1154 1538 reliqui
1186 1493 1253 1527 mei
1297 1504 1371 1527 cum
1407 1494 1483 1528 Ald.
1525 1494 1607 1528 Bas.
1640 1494 1695 1527 ab.

1033 1539 1153 1583 Steph.
1190 1540 1263 1573 Ast.
1307 1539 1428 1573 Stallb.
1471 1538 1591 1574 αὐτοῦ
1635 1539 1696 1573 ha-

1031 1585 1126 1627 bent,
1149 1586 1238 1630 quod
1255 1585 1375 1619 Ficino
1400 1597 1534 1631 quoque
1559 1581 1699 1630 placuit,

1033 1631 1090 1676 qui
1123 1633 1344 1676 exhibeatque
1378 1634 1485 1678 vulgo
1518 1633 1699 1666 iudicandi

1034 1678 1147 1722 operis
1169 1679 1413 1712 auctoritatem
1429 1680 1524 1712 ultra
1544 1690 1699 1712 necessa-

1032 1725 1090 1757 ria
1122 1724 1271 1768 scripsit.
1330 1720 1451 1758 αυτοῦ
1498 1724 1615 1758 Astius
1664 1727 1700 1757 et

1034 1769 1279 1804 Stallbaumius
1305 1770 1348 1804 ad
1368 1782 1572 1816 praegressa
1589 1769 1698 1812 ποίη·

1035 1826 1116 1858 σιν,
1165 1816 1407 1861 δημιονρΙίαν
1441 1823 1476 1851 et
1506 1815 1700 1851 διακονίαν

1036 1863 1226 1896 referentes
1254 1867 1289 1896 et
1317 1864 1424 1897 verba
1447 1859 1544 1907 πέρα
1562 1862 1639 1896 τῶν
1657 1858 1699 1896 οἷ-

1037 1907 1224 1952 vctlnczt‘cov
1261 1910 1484 1953 sequentibus
1523 1909 1701 1954 iungentes

1039 1955 1258 1988 necessitatis
1293 1955 1571 2000 significationem
1610 1955 1702 1988 ultra

1040 2001 1176 2034 modum
1207 2005 1243 2034 et
1275 2001 1428 2035 inaudito
1461 2000 1618 2046 loquendi
1640 2012 1701 2045 ge—

1041 2058 1123 2080 nere
1156 2052 1303 2090 augent,
1336 2052 1456 2081 contra
1485 2047 1600 2089 illius,
1642 2046 1702 2092 qui

1041 2104 1118 2127 sese
1150 2093 1357 2126 multitudini
1394 2092 1536 2138 probari
1574 2093 1702 2134 studet,

1040 2139 1264 2173 abiectionem
1310 2151 1377 2173 non
1431 2139 1516 2173 satis
1571 2141 1703 2173 notant.

1042 2185 1207 2226 Quamvis
1239 2185 1327 2219 enim
1359 2197 1477 2230 parum
1512 2184 1615 2230 digne
1649 2186 1703 2219 fa-

1041 2231 1109 2268 ciat
1131 2232 1189 2276 qui
1213 2231 1435 2265 multitudinis
1455 2231 1579 2265 iudicio
1599 2241 1705 2276 opera

1040 2289 1102 2312 sua
1125 2277 1284 2311 subiiciat
1305 2277 1409 2332 idque
1432 2283 1543 2311 ratum
1566 2278 1704 2318 habeat,

1041 2323 1130 2369 quod
1154 2323 1203 2357 illi
1234 2324 1277 2357 de
1308 2324 1358 2358 eis
1387 2323 1632 2366 iudicaverint,
1669 2329 1705 2356 et

1041 2370 1195 2414 quamvis
1241 2370 1404 2404 credibile
1450 2370 1495 2404 sit
1540 2369 1705 2404 eiusmodi

1042 2416 1207 2450 artificem
1239 2416 1320 2450 nihil
1351 2418 1486 2459 facere,
1520 2416 1610 2469 quod
1641 2427 1705 2460 po-

1041 2462 1122 2507 pulo
1166 2462 1276 2496 minus
1321 2462 1457 2508 placere
1503 2460 1705 2506 suspicetur,

1044 2508 1109 2545 dici
1133 2511 1247 2543 tamen
1253 2509 1388 2562 nequit
1406 2507 1497 2542 nullo
1513 2507 1611 2542 modo
1628 2507 1704 2541 fieri

1046 2566 1168 2599 posse,
1205 2554 1287 2600 quin
1312 2567 1353 2589 ea
1374 2555 1500 2596 faciat,
1542 2565 1631 2598 quae
1657 2554 1706 2587 illi

1045 2602 1210 2645 placent,
1259 2601 1338 2646 quia
1383 2601 1473 2635 inter
1517 2599 1706 2634 faciendum

1047 2647 1201 2681 oblivisci
1236 2647 1450 2681 decretorum
1482 2645 1706 2680 multitudinis

1046 2696 1083 2726 et
1124 2693 1249 2738 ingenii
1283 2693 1336 2728 sui
1368 2693 1497 2738 impetu
1537 2691 1624 2726 ferri
1663 2692 1707 2726 ad

1047 2739 1116 2773 alia
1149 2743 1185 2773 et
1219 2739 1360 2774 meliora
1382 2742 1506 2785 potest.
1554 2738 1625 2772 Sed
1650 2737 1709 2792 qui

1047 2785 1262 2831 semetipsum
1308 2789 1343 2819 et
1389 2788 1496 2820 totum
1541 2784 1709 2830 potestati
