1807 3219
426 209 765 252 CIVITAS
812 212 934 254 LIB.
955 213 1049 254 VH.
1076 218 1143 251 525

1396 214 1484 253 289

101 325 151 366 Τί
179 321 288 378 μήνς
319 323 556 377 Προσῆκον
586 321 640 377 δὴ
671 323 720 366 τὸ
758 324 943 381 μαθημα
974 323 1029 367 ἂν
1058 324 1145 380 εἴη,
1188 338 1223 364 ω
1255 325 1297 364 I
1294 319 1487 377 λαυκων

93 387 390 462 νομοθετῆσαι
428 389 503 432 καὶ
545 391 715 434 πείθειν
754 409 860 444 τους
897 394 1133 449 μέλλοντας
1172 407 1219 452 εν
1258 394 1312 447 τῇ
1348 389 1476 433 πόλει

93 466 182 506 τῶν
211 461 422 517 μεγίστων
451 457 645 513 μεθέξειν
676 460 744 503 ἐπὶ
773 461 1026 518 λογιστικὴν
1067 459 1183 503 ἰέναι
1220 459 1294 502 καὶ
1326 456 1471 501 ἅνθά-
1516 463 1549 506 C

93 535 278 575 πτεσθαι
308 526 442 582 αὐτῆς
471 527 529 583 μη
560 529 810 581 ἰδιωτικῶς,
842 528 940 574 ἀλλ’
972 531 1053 581 ἕως
1084 527 1139 572 ἂν
1167 527 1236 571 ἐπὶ
1264 526 1377 570 θέαν
1402 529 1478 582 τῆς

94 605 181 642 τῶν
220 595 423 651 ἀριθμῶν
455 594 630 650 φύσεως
669 596 915 653 ἀφίκωνται
948 603 1002 655 τῇ
1032 596 1182 653 νοήσει
1213 593 1352 651 αὐτῇ,
1395 592 1480 638 οὐκ

95 665 210 723 ὠνῆς
252 663 356 708 οὐδὲ
397 663 596 717 πράσεως
638 665 769 721 χάριν
815 665 874 719 ὥς
924 665 1145 723 ἐμπόρους
1184 662 1214 721 ἢ
1252 654 1481 718 καπήλους

23 774 32 786 l
95 738 384 793 μελετῶντας,
416 730 517 775 ἀλλ’
547 733 675 776 ἕνεκα
704 735 901 791 πολέμου
931 752 976 779 τε
995 735 1069 778 καὶ
1087 731 1223 789 αὐτῆς
1244 735 1322 787 τῆς
1341 733 1483 787 ψυχῆς

95 802 321 862 ῥᾳστώνης
357 806 664 858 μεταστροφῆς
701 802 788 847 οέπὸ
832 804 1041 858 γενέσεως
1081 799 1151 846 ἐπ’
1185 799 1398 856 ἀλήθειάν
1436 815 1482 843 τε

93 873 169 918 καὶ
199 868 372 916 οὐσίαν.

435 868 665 922 Κάλλιστ’,
708 871 823 927 ἔφη,
867 873 1014 929 λέγεις.

1076 870 1164 913 Καὶ
1197 869 1309 925 μὴν,
1350 864 1406 925 ἦν
1437 866 1481 912 6²

93 942 203 999 syc-3,
233 944 319 985 νῦν
347 939 421 982 καὶ
449 938 589 982 ἐννοω
620 939 832 995 ῥηθέντος
861 946 945 985 τοῦ
974 940 1073 995 περὶ
1102 937 1206 988 τούς
1235 937 1476 993 λογισμοὺς
1501 943 1542 985 D

94 1009 377 1068 μαθήματος,
410 1005 469 1058 ὥς
498 1007 676 1063 κομψόν
705 1007 795 1052 ἐστι
824 1009 897 1052 καὶ
930 1011 1121 1064 πολλαχῆ
1141 1006 1356 1063 χρήσιμον
1375 1003 1482 1061 ἡμῖν

92 1079 203 1136 πρὸς
232 1078 258 1122 6
288 1077 566 1133 βουλόμεθα,
606 1075 684 1119 ἐαν
720 1081 801 1120 τοῦ
839 1071 1075 1132 γνωρίζειν
1107 1074 1236 1119 ἕνεκα
1276 1090 1342 1125 τις
1372 1070 1480 1117 αὐτὸ

92 1144 339 1205 επιτηδεύῃ,
360 1142 467 1189 ἇλλοὶ
487 1145 545 1206 μὴ
563 1149 644 1189 τοῦ
658 1144 929 1202 καπηλεύειν.
955 1149 1026 1202 Πῆ
1042 1143 1144 1202 δή;’
1131 1144 1228 1200 εᾛφη
1257 1139 1401 1186 Τοῦτό
1417 1157 1478 1197 γε,

140 1271 372 1318 ἀφίκωνται]
423 1267 628 1313 ἄφίκονται
660 1271 759 1305 Vind.

94 1322 135 1356 F.
159 1321 252 1354 Flor.
278 1320 320 1353 R.

142 1364 270 1412 αὐτῇ]
311 1365 398 1398 Ven.
430 1363 472 1395 B
505 1362 559 1395 ὤν
591 1373 694 1407 super
732 1364 758 1408 ἦ

94 1415 208 1449 habet.

139 1459 262 1504 ψυχῆς
279 1453 471 1503 ῥᾳστώνης
487 1456 758 1502 μεταστροφῆς]

93 1506 149 1540 Ita
171 1506 272 1540 Vind.
299 1493 377 1537 EF.
401 1503 493 1536 Mon.
519 1502 559 1535 B.
585 1502 659 1546 (bic
684 1514 759 1536 cum

93 1552 192 1608 gravi
227 1563 249 1585 a
284 1562 328 1582 111.
364 1560 392 1583 s.
425 1560 529 1593 super
563 1560 588 1581 α
621 1548 761 1594 posito:

93 1596 380 1651 μετὰστροφῆς)
406 1596 485 1628 vat.
507 1596 548 1628 B.
575 1595 649 1631 Ven
686 1594 762 1631 BC.

94 1645 175 1678 Par.
203 1645 246 1678 D.
271 1638 371 1676 Flor.
405 1641 580 1675 ACRUV.
616 1647 651 1677 et
682 1642 760 1675 Ald.

94 1691 174 1724 Bas.
201 1691 254 1724 ab.
289 1689 383 1732 (hae
417 1699 490 1721 cum
523 1695 646 1732 puncto
681 1691 763 1731 post

93 1737 236 1781 ψυχῆς)
261 1735 334 1768 Ast.
359 1745 428 1768 sec.
447 1736 526 1766 tert.
551 1735 676 1769 Stallb.
698 1746 762 1768 nec

95 1783 196 1817 aliter
219 1782 318 1816 Theo
351 1780 486 1814 videtur
508 1780 644 1824 legisse.
688 1787 761 1824 ψυ-

93 1829 162 1874 χῆς
189 1824 382 1875 ῥᾳστώνης
410 1825 475 1859 καὶ
502 1828 762 1873 μεταστροφῆς

95 1876 180 1910 L.ob
214 1876 293 1908 Par.
328 1874 371 1906 K.
408 1875 497 1916 Ang.
528 1874 569 1907 B.
607 1875 687 1910 Vat.
711 1874 763 1908 Μ.

94 1922 187 1955 Flor.
211 1921 256 1954 T.
290 1920 410 1965 Steph.
442 1920 516 1952 Ast.
550 1931 602 1964 pr.
637 1920 762 1965 ψυχῆς

95 1964 289 2014 ῥᾳστώνης
303 1976 344 1999 τε
354 1967 613 2010 μεταστροφῆς
630 1967 708 2001 Par.
718 1967 760 1999 A.

95 2015 285 2048 Bekkerus.
311 2012 400 2057 quod
432 2012 498 2045 etsi
533 2013 616 2046 ferri
639 2013 761 2058 possit,

94 2060 145 2094 ita
170 2062 209 2093 ut
231 2070 283 2102 τε,
309 2057 586 2112 quemadmodum
602 2059 665 2094 καὶ
682 2071 760 2094 sae-

94 2107 191 2151 pius,
221 2104 425 2150 epexegesi
428 2103 602 2138 inservire
627 2110 759 2140 statua-

95 2157 175 2194 tur,
207 2152 340 2197 qualem
362 2150 457 2193 Leg.
483 2150 524 2183 L.
551 2152 592 2185 V.
618 2163 651 2197 p.
677 2152 758 2187 744.

97 2199 137 2233 B.
162 2178 197 2232 in
230 2198 344 2233 verbis
376 2197 524 2230 πολλῶν
550 2194 657 2231 ἕνεκα
683 2198 760 2232 τῶν

95 2255 136 2278 τε
161 2242 257 2278 κατὰ
284 2241 394 2278 πόλιν
424 2242 564 2286 καιρῶν
590 2241 762 2288 ἰσότητος

97 2288 204 2324 ενεκα
227 2291 342 2324 facere
360 2289 504 2331 videtur,
529 2301 637 2334 eoque
654 2291 760 2324 ascito

49 2351 52 2354 ⁴
72 2366 75 2369 ,
96 2336 265 2381 particula
287 2334 351 2369 καὶ
374 2335 540 2380 quomodo
567 2335 603 2368 in
627 2336 761 2370 codices

99 2383 272 2416 nonnullos
304 2381 438 2415 venerit
476 2381 611 2415 facilius
634 2382 761 2416 intelli-

97 2432 218 2473 gatur,
265 2433 378 2462 tamen
410 2437 511 2471 quum
543 2439 582 2461 τε
622 2428 657 2462 in
694 2440 761 2462 uno

97 2479 228 2508 tantum
251 2475 335 2508 libro
361 2476 484 2514 exstet,
509 2474 638 2518 pariter
657 2477 762 2519 atque

97 2520 161 2555 καὶ
207 2521 251 2554 ad
297 2519 493 2554 evitandum
535 2519 762 2564 genitivorum

98 2578 297 2600 concursum
340 2565 576 2610 interpolando
609 2566 761 2600 additum

99 2612 309 2647 crediderim
336 2612 446 2652 Quem
463 2623 659 2646 concursum
673 2612 761 2646 scri-

98 2663 216 2704 ptores
238 2670 306 2692 non
323 2657 563 2692 reformidasse
581 2657 762 2692 Matthiaei

98 2705 252 2749 exempla
276 2715 415 2761 gramm.
439 2715 473 2747 p.
491 2705 570 2738 699.
596 2716 628 2737 n.
649 2707 682 2740 2
701 2704 763 2737 do-

98 2754 187 2784 cent.
213 2750 345 2794 ’ψυχῆς
370 2746 540 2796 ῥᾳστωνη
568 2753 679 2784 autem
702 2761 761 2793 με·

91 2796 314 2842 ιταστροφῆς
345 2808 411 2829 non
447 2795 658 2839 ineleganter
681 2808 763 2830 con-

99 2842 261 2876 ditionem
287 2842 386 2875 animi
411 2853 473 2884 eo,
504 2842 594 2885 quod
618 2843 684 2875 iam
708 2843 762 2875 fa-

99 2887 198 2921 cilius
221 2891 440 2922 convertatur
451 2913 459 2929 ,
489 2888 659 2922 meliorem
682 2888 762 2922 red-

175 2944 379 2987 Pam-oms
409 2947 482 2987 ΟΡ.
506 2945 558 2986 Π.

820 1272 962 1306 dendam
995 1271 1167 1315 significat
1208 1272 1244 1302 et
1276 1267 1326 1301 ita
1359 1266 1482 1311 ψυχῆς

820 1313 991 1372 ῥᾳστώνη
1016 1317 1158 1355 dieitur,
1192 1318 1231 1348 ut
1253 1314 1350 1348 simul
1372 1323 1481 1356 μετοι-

819 1365 986 1409 στροφῆς
1028 1360 1198 1416 ῥᾳστώνη
1236 1372 1313 1395 esse
1342 1360 1482 1393 demon-

817 1414 954 1444 stretur.
981 1411 1059 1444 Pari
1078 1408 1247 1442 brevitate
1262 1406 1357 1440 Tim.
1376 1417 1411 1450 p.
1422 1405 1479 1440 24.

817 1457 857 1491 B.
882 1454 906 1501 ἡ
928 1457 996 1501 τῆς
1023 1453 1212 1493 ὁπλίσεως
1220 1449 1347 1486 αντῶν
1364 1450 1483 1495 σχέσις

817 1499 986 1537 ασπίδων
1006 1514 1070 1536 και
1089 1498 1260 1544 δοράτων
1281 1505 1484 1532 armaturae

820 1562 935 1583 eorum
954 1550 1048 1583 ratio
1071 1549 1107 1582 in
1136 1549 1329 1591 clypeorum
1355 1550 1389 1578 et
1418 1545 1484 1577 Ιια-

819 1602 950 1630 starum
963 1608 1026 1629 usu
1034 1595 1165 1647 poszta
1171 1591 1374 1636 appellatur,
1385 1589 1485 1645 quasi

819 1642 952 1675 dicatur
989 1637 1012 1686 ἡ
1044 1640 1114 1684 τῆς
1146 1635 1325 1676 ὁπλίσεως
1365 1633 1486 1679 σχέσις

819 1685 990 1721 ασπίὸων
1033 1685 1097 1721 καὶ
1138 1681 1312 1730 δορατων
1366 1680 1486 1726 σχέσις

819 1733 926 1767 οὐσα.

865 1776 918 1812 ἐπ
940 1775 1128 1823 ἀλήθειαν
1156 1777 1220 1820 τε]
1259 1787 1299 1809 τε
1321 1771 1375 1809 ἐπ’
1393 1771 1484 1818 ἀλή-

817 1827 930 1859 θειαν
954 1826 1055 1858 Vind.
1082 1824 1125 1857 Ε.
1150 1823 1243 1857 Flor.
1268 1822 1372 1856 ACR.

862 1872 933 1905 νῦν
962 1869 1045 1914 καὶ]
1082 1883 1148 1904 om.
1183 1869 1286 1903 Vind.
1321 1868 1365 1901 E.
1420 1865 1485 1901 καὶ

816 1918 911 1952 Flor.
936 1918 981 1951 T.
1006 1917 1076 1974 νῦν
1102 1915 1201 1949 Vi.nd
1228 1915 1268 1949 F.
1294 1915 1388 1949 Flor.
1414 1913 1458 1947 R.

862 1961 1001 2008 ἐννοῶ]
1030 1960 1144 2009 ἐννοῷ
1169 1961 1247 1996 Ald.

861 2032 1039 2076 πολλαχῆ]
1065 2030 1231 2076 πολλαχῇ
1257 2026 1331 2064 Ald.
1356 2029 1480 2063 Bas.a.
1504 2026 1545 2068 D

816 2079 1014 2124 (Bekkerus
1040 2081 1074 2112 et
1091 2076 1366 2119 Stallbaumius.)
1391 2076 1481 2109 πολ-

817 2121 907 2168 λαχῆ
932 2124 1032 2160 Vind.
1058 2124 1101 2157 F.
1125 2121 1312 2167 πολλαχοῦ
1338 2122 1418 2155 Par.
1436 2121 1480 2155 Κ.

815 2173 996 2214 πολλαχοῖ
1018 2170 1112 2204 Μοῃ.
1137 2171 1180 2204 Β.

862 2226 979 2273 αὐτὸ]
1016 2225 1145 2262 αὐτῶν
1169 2227 1269 2263 Vind.
1296 2225 1344 2260 E.

819 2275 895 2309 Vat.
923 2275 972 2309 Μ.
1063 2301 1066 2305 .

863 2321 947 2365 Πῆ]
973 2320 1054 2360 πῶς
1078 2319 1177 2355 Vind.
1201 2319 1245 2352 Ε.
1270 2316 1365 2370 Flor.
1391 2316 1439 2350 T.
1484 2349 1486 2352 ,

869 2376 995 2413 Τοῦτό
1016 2378 1077 2422 γε]
1117 2375 1194 2409 Τοῦ
1221 2373 1306 2419 τόγε
1337 2374 1413 2407 Ald
1439 2393 1487 2398 —

816 2427 916 2460 Theo
942 2426 964 2459 l.
991 2437 1021 2457 c..
1049 2426 1128 2478 ppst
1153 2418 1249 2456 ὁδοῦ
1276 2422 1325 2454 ita
1349 2418 1482 2473 pergitz

816 2473 931 2506 τοῦτο
960 2467 1030 2515 γάρ
1061 2464 1141 2502 α’νω
1171 2463 1252 2511 ἄγει
1272 2479 1341 2522 την
1361 2461 1488 2509 ’ψυχην

816 2517 880 2552 καὶ
910 2516 995 2560 περὶ
1032 2512 1160 2549 αὐτῶν
1197 2513 1273 2547 τῶν
1315 2509 1489 2567 ἀριθμῶν

817 2561 1015 2618 ἀναγκάζει
1030 2557 1281 2618 διαλέγεσθαι,
1301 2555 1370 2592 οὐκ
1393 2555 1488 2591 ἄπο-

819 2608 1036 2665 δεχόμενον,
1063 2604 1111 2641 ἄν
1135 2618 1191 2646 τις
1207 2602 1310 2651 αυτῷ
1334 2601 1489 2658 σώματα

819 2655 843 2701 ἢ
868 2652 968 2690 aizo}
999 2649 1118 2698 ὁρατοὶ
1147 2650 1279 2696 ε’χοντα
1288 2640 1490 2694 ἀριθμούς

819 2697 1004 2758 (αριθμὸν
1038 2699 1113 2733 cod.
1139 2697 1288 2741 Scalig.)
1321 2706 1487 2740 προσφε-

820 2747 977 2793 ρόμενος
1017 2742 1242 2802 διαλέγηται.
1287 2743 1323 2775 in
1345 2742 1487 2786 quibus

820 2795 990 2829 Gelderus
1021 2787 1044 2836 ἢ
1079 2786 1177 2824 αὕτα
1210 2792 1246 2823 et
1266 2786 1413 2844 ε’χοντα
1431 2797 1486 2820 se-

819 2840 962 2875 cundum
986 2839 1160 2871 Platonem
1181 2836 1217 2870 in
1252 2830 1356 2869 απτοὶ
1388 2828 1413 2877 ἢ
1450 2836 1488 2865 et

820 2885 972 2931 ε’χοντας
993 2883 1149 2917 mutavit.

1379 2221 1484 2259 αὐτῶ
