1807 3219
250 209 309 248 38

706 199 1185 244 PLATONIS

251 316 543 372 ἐπιθυμοῦσι,
570 315 704 357 τοῦτο
733 313 965 368 παρέντες,
1005 314 1081 377 ἵνα
1107 310 1165 369 μὴ
1194 310 1397 368 κάμνωσι
1426 309 1640 367 βουλευό-

250 401 375 442 μενοι
411 399 512 437 περι,
548 385 629 425 τοῦ
673 383 871 425 δυνατοῦ
907 381 982 430 καὶ
1020 380 1097 438 μὴ,
1154 381 1307 434 θέντες
1345 378 1405 431 ὦς
1441 376 1642 463 ὖπΗάρχον

205 495 212 500 .
256 452 369 498 εἶναι
398 451 433 496 3
457 448 719 509 βούλονται,
759 449 844 507 ἤδη
879 448 933 501 τὰ
967 450 1100 494 λοιπὰ
1127 448 1409 494 διαπίπτουσι
1436 448 1516 492 καὶ.
1545 449 1643 504 χαί-

255 523 388 577 ρουσι
418 518 683 573 διεξιόντες,
724 516 797 563 οἶα
835 514 1049 571 δράσουσι
1088 517 1351 576 γενομένου,
1396 514 1539 572 ἆργον
1567 516 1653 579 καὶ.

191 596 227 638 Β
256 590 397 640 ἄλλως
434 587 592 644 ψυχήν
629 587 691 632 ἔτι
737 585 983 644 ἀργοτέραν
1021 590 1267 638 ποιοῦντες.
1321 586 1405 643 ἤδη
1445 586 1530 629 οὐν
1566 584 1644 628 καὶ

255 657 390 710 αὐτὸς
428 658 752 742 μαλθακίζομαι
789 655 865 701 καὶ
901 655 1044 699 ἐκεῖνα
1081 672 1160 712 μεν
1197 654 1400 711 έπιθυμω
1427 651 1644 709 ‹imponas-

257 729 366 771 σθαι
394 726 474 771 καὶ.
496 723 683 781 ὕστερον
718 723 1056 777 ἐπισκέψασθαι,
1104 725 1135 807 33
1160 723 1354 775 δυνατα,
1390 726 1475 766 νῦν
1506 722 1552 765 δὲ
1580 718 1645 772 οἷς

259 798 464 840 δυνατῶν
494 793 641 839 ὄντων
672 793 770 846 θεὶς
810 793 1057 849 σκέψομαι,

1107 791 1165 836 ἂν
1199 810 1275 848 μΟὖ
1314 791 1506 847 παρὶῃς,
1551 794 1644 842 πῶς

255 861 537 916 διατάξουσιν
570 860 684 906 αὐτοὶ
702 863 760 906 1οἱ
788 861 993 919 ἄρχοντες
1021 860 1286 918 γιγνόμενα,
1327 860 1402 903 καὶ
1433 858 1500 902 ὅτι
1529 857 1642 903 πάν-

254 947 349 976 των
370 928 676 988 ξυμφορώτατ’
707 928 763 975 ἂν
793 931 859 987 εἴη
887 930 1141 987 πραχθέντα
1169 933 1223 986 τῇ
1248 945 1293 972 τε
1311 927 1435 973 πόλει
1454 927 1530 971 καὶ
1551 933 1645 979 τοῖς

299 1070 504 1125 παρέντες]
529 1078 722 1124 παρέντισι
745 1079 846 1114 Vind.
873 1080 915 1114 Ε.

299 1138 363 1173 καὶ
386 1137 460 1182 μὴ]
496 1139 537 1172 Ιιι
563 1138 661 1172 Vind.
689 1138 730 1172 B.
752 1136 801 1182 μὴ
829 1149 850 1172 a
873 1149 915 1171 ιιι.

252 1198 280 1219 s.
305 1186 463 1219 deletum.

298 1239 493 1286 υπάρχον]
523 1252 694 1285 υπαρχον
725 1240 813 1274 Lob.
839 1245 875 1273 et
898 1251 925 1274 a

253 1301 296 1323 m.
323 1301 377 1334 pr.
404 1288 502 1321 Vind.
525 1288 601 1323 BF.
633 1288 717 1320 Post
740 1287 804 1320 hoc
828 1286 940 1339 quod

254 1335 382 1379 legitur
423 1330 542 1377 εἶναι,
589 1333 624 1366 id
659 1345 727 1368 non
766 1331 918 1366 dubitavi

255 1394 329 1415 cum
352 1380 512 1414 Bekkero
538 1391 580 1413 ex
610 1379 690 1414 Par.
715 1379 801 1413 AD.
813 1378 918 1412 Vind.

254 1428 294 1460 F.
344 1427 428 1461 Ven.
467 1426 507 1459 C.
555 1427 643 1469 Ang.
675 1426 717 1459 B.
771 1425 847 1458 Vat.
873 1424 919 1457 H.

254 1473 345 1508 Flor.
371 1472 545 1507 ACRTV.
566 1471 636 1507 reci
664 1482 732 1506 ere.
757 1471 797 1504 Ιιι
817 1469 916 1504 Vind.

254 1519 297 1553 E.
324 1520 395 1555 eius
420 1518 493 1552 loco
521 1515 574 1551 e‘st
596 1513 622 1561 ἤ
650 1529 693 1561 η,
724 1517 759 1550 in
780 1516 921 1560 reliquis

255 1570 291 1599 et
314 1565 348 1599 in
380 1563 587 1600 editionibus
618 1564 758 1608 praeter
781 1563 920 1597 Bekke-

254 1611 384 1646 riauam
408 1610 562 1644 omissum
587 1614 652 1650 est,
677 1614 724 1651 et,
747 1609 776 1643 si
798 1604 919 1650 ‘uncio-

254 1669 321 1701 χον
341 1655 595 1711 significatione
625 1655 759 1699 vulgari
788 1666 851 1699 pro
876 1653 921 1689 ὃν

255 1701 432 1759 accipitur,
453 1701 564 1736 omitti
588 1701 701 1735 debet.
728 1701 800 1734 Sed
820 1712 922 1746 quum

254 1760 436 1793 νπαρχειν
458 1748 563 1782 etiam
588 1747 679 1781 certo
700 1748 829 1787 adesse,
853 1759 922 1780 non

257 1797 371 1830 deesse
399 1793 586 1838 significet,
626 1805 692 1843 quo
724 1805 826 1827 sensu
856 1793 923 1827 So-

257 1847 369 1875 crates
393 1840 565 1874 Phaedon.
593 1851 625 1885 p.
651 1841 706 1875 78.
731 1841 773 1873 A.
798 1838 921 1873 ταῦτα

256 1885 322 1930 μὲν
347 1885 392 1930 δὴ
418 1882 578 1929 υπάρξει
609 1885 712 1927 dicit,
745 1889 839 1918 recte
871 1884 921 1918 illi

254 1934 342 1976 hoc,
364 1937 403 1967 ut
426 1931 472 1966 sit
498 1942 555 1966 res
580 1931 717 1976 cupita,
750 1935 922 1984 tamquam

255 1984 385 2014 certum
403 1983 439 2012 et
455 1977 628 2011 indubium
628 1982 815 2032 ponentes
833 1974 920 2010 θέν-

254 2037 314 2064 τες
338 2037 390 2064 ως
412 2021 583 2067 ὑπάρχον
609 2034 703 2056 ειναι
722 2018 742 2057 ὃ
765 2020 919 2080 βούλον-

254 2083 318 2105 ται
343 2071 511 2104 dicuntur.
559 2069 668 2104 Simul
700 2073 865 2122 apparet
870 2065 918 2102 εἷ-

254 2129 319 2151 ναι
341 2116 442 2150 facile
464 2126 764 2160 supervacaneum,
788 2113 922 2149 minime

255 2175 338 2197 vero
373 2161 622 2216 explicationis
643 2161 758 2205 gratia
793 2161 922 2195 adden-

256 2205 336 2244 dum
357 2207 468 2242 videri
489 2206 642 2241 librariis
665 2206 828 2252 potuisse.

303 2274 525 2330 βούλονται]
560 2272 806 2321 βουλεύονται
841 2276 922 2309 Par.

257 2323 301 2357 K.
327 2335 395 2357 sec.
420 2323 495 2368 Bip.

303 2387 555 2440 διατάττουσι]
569 2387 827 2424 διαλλάττουσι
835 2389 920 2423 Lob.

259 2437 358 2471 Vind.
384 2438 424 2471 B.
450 2438 529 2471 vat.
557 2435 608 2471 Μ.

282 2502 502 2551 squamae]
529 2502 732 2550 δράσσουσι
760 2503 859 2538 Vind.
877 2504 918 2538 D.

302 2595 534 2651 ιενομένου]
580 2572 689 2640 νενου
739 2595 837 2628 vind.
874 2595 917 2629 E.

255 2641 454 2688 γενομένην
487 2643 573 2687 Ang.
598 2643 639 2677 B.
666 2646 702 2676 et
732 2653 754 2676 a
782 2653 825 2675 ιιι.
849 2653 918 2675 sec.

257 2691 349 2724 Flor.
375 2690 452 2724 RT.

305 2776 422 2823 α’·ργόν
445 2778 508 2814 καὶ
534 2775 652 2818 ἄλλως
688 2777 886 2822 ψυχὴν]α
888 2784 922 2812 t-

258 2839 322 2871 que
351 2827 406 2860 ita
438 2830 630 2882 torpentem
662 2827 813 2859 animum
846 2824 918 2857 Fic.

259 2873 326 2906 Pro
367 2868 486 2915 α’ργὸν
520 2871 611 2906 Μοιι.
647 2872 686 2906 Β.
730 2870 809 2904 Par.
844 2870 918 2904 ΒΚ.

974 1090 1043 1113 sec.
1069 1078 1178 1112 Bekk
1215 1075 1334 1121 ἀργὴν
1364 1077 1513 1120 habeut,
1546 1077 1640 1111 Flor.

974 1125 1020 1159 U.
1047 1120 1164 1169 ἄργην
1189 1124 1315 1158 habere
1340 1124 1473 1157 dicitur.

1022 1191 1169 1237 ἐκεῖνα]
1203 1189 1320 1226 ἐκεῖνο
1344 1193 1437 1226 Μοιι.
1463 1193 1506 1226 Β.
1545 1185 1685 1227 Flor.ss

973 1240 1018 1274 U.
1055 1240 1339 1284 disceptationem
1360 1239 1458 1273 illam
1481 1238 1522 1272 F
1513 1250 1556 1272 ιο

1024 1305 1288 1353 ἀναβαλέσθαι
1297 1307 1309 1351 ]
1382 1303 1645 1362 ἀναλαβέσθαι

975 1354 1055 1388 Vat.
1081 1355 1126 1388 H.
1162 1354 1253 1387 Flor.
1279 1346 1387 1388 ACV.
1415 1350 1645 1400 dvafflafis'

976 1402 1068 1435 σθαι
1093 1400 1192 1434 Vind.
1216 1400 1261 1434 E.

1020 1470 1072 1515 ῃ]
1118 1469 1172 1503 Ita
1206 1469 1286 1502 Par.
1317 1470 1357 1502 A.
1404 1468 1491 1503 Lob.
1541 1470 1641 1504 Vind.

976 1516 1081 1550 BDF.
1108 1516 1186 1549 Vat.
1207 1515 1321 1548 BHM.
1348 1516 1435 1548 V.en
1456 1517 1527 1550 BC
1555 1518 1640 1560 Ang.

976 1562 1015 1596 B.
1048 1562 1141 1595 Flor.
1168 1561 1304 1594 ACRV.
1343 1561 1466 1606 quibus
1502 1562 1537 1595 in
1569 1575 1637 1597 see.

977 1608 1029 1641 e'd.
1067 1607 1310 1641 Stallbaumius
1342 1608 1435 1641 Flor.
1462 1609 1506 1642 T.
1538 1609 1642 1642 addit.

978 1653 1013 1688 εἰ
1034 1653 1159 1699 reliqui
1195 1664 1269 1686 cum
1302 1654 1403 1686 editis
1438 1660 1518 1688 ante
1550 1656 1643 1689 Bek-

976 1701 1114 1741 kerum,
1131 1711 1230 1744 quem
1249 1700 1527 1734 Stalibaumius
1519 1713 1552 1734 ιιι
1571 1713 1639 1735 sec.

978 1747 1031 1780 ed.
1069 1746 1245 1787 deseruit,
1289 1746 1370 1791 quia
1404 1758 1470 1780 non
1494 1759 1562 1792 qua
1586 1759 1642 1780 ra-

977 1792 1071 1826 tione
1102 1803 1158 1825 res
1192 1771 1269 1825 fie’ri
1301 1792 1412 1837 possit
1434 1793 1539 1837 potiss
1525 1793 1644 1827 simum

978 1839 1183 1880 dubitetur,
1232 1838 1292 1871 sed
1324 1850 1368 1872 an
1400 1839 1533 1873 omnino
1567 1839 1646 1873 fieri

978 1884 1097 1929 possit.
1146 1883 1217 1918 Sed
1260 1896 1362 1929 posse
1401 1885 1529 1930 aliquid
1567 1885 1646 1919 fieri

977 1930 1069 1964 haud
1095 1930 1195 1964 aliter
1219 1930 1491 1972 demonstratur,
1517 1931 1582 1965 nisi
1603 1936 1645 1965 ut

977 1976 1118 2017 modus,
1143 1988 1209 2021 quo
1232 1977 1309 2010 fieri
1332 1977 1457 2021 possit,
1482 1977 1643 2013 ostenda-

978 2027 1045 2056 tur
1094 2023 1218 2067 Itaque
1253 2022 1424 2057 codicibus
1467 2024 1643 2068 obtempe-

978 2080 1058 2102 rare
1080 2068 1171 2102 licet.
1212 2067 1352 2101 Ficinus
1375 2069 1519 2103 alterum
1543 2081 1642 2103 seen-

977 2119 1032 2148 tus
1057 2119 1131 2148 est·
1160 2115 1385 2159 possibiliane
1408 2116 1478 2150 ista
1500 2116 1570 2151 sint
1596 2128 1643 2150 an

977 2173 1056 2195 uon.

1026 2225 1204 2272 δυνατά]
1255 2225 1416 2262 δύναται
1462 2228 1564 2263 Vind.
1598 2229 1639 2263 F.

978 2276 1065 2323 Ang.
1092 2275 1134 2308 Β.

1024 2341 1232 2386 σκέψομαι]
1259 2340 1455 2386 σκέψωμαι
1477 2342 1571 2377 Flor.
1596 2343 1640 2378 R.

1023 2411 1106 2456 μοι]
1133 2422 1177 2455 με
1201 2411 1299 2445 Vind.
1323 2411 1367 2445 D.

1023 2479 1182 2525 παρίῃς]
1217 2480 1317 2513 Hunc
1349 2483 1525 2514 accentum
1549 2480 1642 2513 codi-

978 2538 1033 2560 ces
1059 2539 1079 2560 a
1103 2538 1155 2559 me
1181 2526 1327 2570 inspecti
1360 2537 1473 2560 omnes
1497 2538 1558 2559 sex
1581 2527 1642 2560 ha-

976 2574 1059 2606 bent
1094 2584 1168 2605 cum
1201 2573 1302 2606 editis
1327 2578 1407 2606 ante
1435 2572 1642 2613 Bekkermn,

978 2619 1036 2662 qui
1056 2618 1172 2652 tacite
1213 2618 1353 2663 scripsit
1385 2618 1533 2663 παριῇς.
1585 2619 1639 2651 Cf.

978 2631 1284 2706 qvol.1..‚305
1307 2666 1340 2698 b.
1366 2676 1417 2745 sq.
1443 2665 1538 2698 etl..
1559 2664 1637 2698 VII.

977 2722 1011 2756 p.
1037 2712 1115 2746 520.
1135 2676 1187 2743 PA.
1245 2711 1286 2743 Ιιι
1317 2711 1382 2744 Vin
1451 2710 1494 2744 D.
1538 2721 1640 2756 super

978 2757 1096 2791 ultima
1121 2767 1175 2796 οις
1198 2756 1337 2801 legitur.

980 2871 1020 2903 V
1012 2821 1289 2904 ξιὲμῗοριόταί
1302 2824 1317 2869 ]
1385 2821 1640 2868 ξυμφερώτατ’

1010 2882 1045 2904 ιιι
