<?xml version="1.0" encoding="UTF-8"?>
<!DOCTYPE html PUBLIC "-//W3C//DTD XHTML 1.0 Transitional//EN"
    "http://www.w3.org/TR/xhtml1/DTD/xhtml1-transitional.dtd">
<html xmlns="http://www.w3.org/1999/xhtml" xml:lang="en" lang="en">
 <head>
  <title>
</title>
<meta http-equiv="Content-Type" content="text/html;charset=utf-8" />
  <meta name='ocr-system' content='tesseract 3.04.00' />
  <meta name='ocr-capabilities' content='ocr_page ocr_carea ocr_par ocr_line ocrx_word'/>
</head>
<body>
  <div class='ocr_page' id='page_1' title='image "./operagraecerecen02platuoft_0102.png"; bbox 0 0 1807 3219; ppageno 0'>
   <div class='ocr_carea' id='block_1_1' title="bbox 285 222 761 265">
    <p class='ocr_par' dir='ltr' id='par_1_1' title="bbox 285 222 761 265">
     <span class='ocr_line' id='line_1_1' title="bbox 285 222 761 265; baseline -0.006 0"><span class='ocrx_word' id='word_1_1' title='bbox 285 224 341 265; x_wconf 81' lang='lat'><strong>54</strong></span> <span class='ocrx_word' id='word_1_2' title='bbox 732 222 761 262; x_wconf 82' lang='lat' dir='ltr'>P</span> 
     </span>
    </p>
   </div>
   <div class='ocr_carea' id='block_1_2' title="bbox 285 334 381 389">
    <p class='ocr_par' dir='ltr' id='par_1_2' title="bbox 285 334 381 389">
     <span class='ocr_line' id='line_1_2' title="bbox 285 334 381 389; baseline -0.042 -13"><span class='ocrx_word' id='word_1_3' title='bbox 285 334 381 389; x_wconf 72' lang='grc' dir='ltr'><strong>ἔφη.</strong></span> 
     </span>
    </p>
   </div>
   <div class='ocr_carea' id='block_1_3' title="bbox 793 221 1212 265">
    <p class='ocr_par' dir='ltr' id='par_1_3' title="bbox 793 221 1212 265">
     <span class='ocr_line' id='line_1_3' title="bbox 793 221 1212 265; baseline 0.007 -3"><span class='ocrx_word' id='word_1_4' title='bbox 793 221 1212 265; x_wconf 81' lang='lat' dir='ltr'><strong>LATONIS</strong></span> 
     </span>
    </p>
   </div>
   <div class='ocr_carea' id='block_1_4' title="bbox 435 330 1667 387">
    <p class='ocr_par' dir='ltr' id='par_1_4' title="bbox 435 330 1667 387">
     <span class='ocr_line' id='line_1_4' title="bbox 435 330 1667 387; baseline 0 -11"><span class='ocrx_word' id='word_1_5' title='bbox 435 332 486 376; x_wconf 87' lang='grc' dir='ltr'>Ὁ</span> <span class='ocrx_word' id='word_1_6' title='bbox 516 332 648 384; x_wconf 81' lang='grc' dir='ltr'><em>αὐτὸς</em></span> <span class='ocrx_word' id='word_1_7' title='bbox 687 333 732 376; x_wconf 82' lang='grc' dir='ltr'><strong>δέ</strong></span> <span class='ocrx_word' id='word_1_8' title='bbox 761 330 811 387; x_wconf 86' lang='grc' dir='ltr'><strong>γ’,</strong></span> <span class='ocrx_word' id='word_1_9' title='bbox 858 331 1004 385; x_wconf 82' lang='grc' dir='ltr'><em>εἶπον,</em></span> <span class='ocrx_word' id='word_1_10' title='bbox 1059 331 1221 387; x_wconf 84' lang='grc' dir='ltr'><em>νόμος,</em></span> <span class='ocrx_word' id='word_1_11' title='bbox 1263 331 1341 377; x_wconf 79' lang='grc' dir='ltr'><strong>ἐάν</strong></span> <span class='ocrx_word' id='word_1_12' title='bbox 1381 347 1446 383; x_wconf 82' lang='grc' dir='ltr'><strong>τις</strong></span> <span class='ocrx_word' id='word_1_13' title='bbox 1477 335 1566 375; x_wconf 74' lang='grc' dir='ltr'><strong>τῶν</strong></span> <span class='ocrx_word' id='word_1_14' title='bbox 1607 332 1667 376; x_wconf 77' lang='grc' dir='ltr'><strong>ἔτι</strong></span> 
     </span>
    </p>
   </div>
   <div class='ocr_carea' id='block_1_5' title="bbox 284 400 1669 526">
    <p class='ocr_par' dir='ltr' id='par_1_5' title="bbox 284 400 1669 526">
     <span class='ocr_line' id='line_1_5' title="bbox 284 400 1669 457; baseline -0.001 -13"><span class='ocrx_word' id='word_1_15' title='bbox 284 400 542 457; x_wconf 77' lang='grc' dir='ltr'><em>γεννώντων</em></span> <span class='ocrx_word' id='word_1_16' title='bbox 586 401 645 457; x_wconf 85' lang='grc' dir='ltr'><strong>μὴ</strong></span> <span class='ocrx_word' id='word_1_17' title='bbox 686 400 974 455; x_wconf 79' lang='grc' dir='ltr'><em>συνέρξαντος</em></span> <span class='ocrx_word' id='word_1_18' title='bbox 1016 400 1226 457; x_wconf 77' lang='grc' dir='ltr'><em>ἄρχοντος</em></span> <span class='ocrx_word' id='word_1_19' title='bbox 1269 400 1452 457; x_wconf 80' lang='grc' dir='ltr'><em>ἅπτηται</em></span> <span class='ocrx_word' id='word_1_20' title='bbox 1491 404 1581 443; x_wconf 75' lang='grc' dir='ltr'><strong>τῶν</strong></span> <span class='ocrx_word' id='word_1_21' title='bbox 1619 400 1669 444; x_wconf 81' lang='grc' dir='ltr'><strong>ἐν</strong></span> 
     </span>
     <span class='ocr_line' id='line_1_6' title="bbox 285 467 1666 526; baseline 0 -14"><span class='ocrx_word' id='word_1_22' title='bbox 285 469 433 525; x_wconf 75' lang='grc' dir='ltr'><em>ἡλικίᾳ</em></span> <span class='ocrx_word' id='word_1_23' title='bbox 463 473 710 526; x_wconf 78' lang='grc' dir='ltr'><em>γυναικῶν·</em></span> <span class='ocrx_word' id='word_1_24' title='bbox 741 468 882 512; x_wconf 85' lang='grc' dir='ltr'><em>νόθον</em></span> <span class='ocrx_word' id='word_1_25' title='bbox 910 470 993 526; x_wconf 80' lang='grc' dir='ltr'><strong>γὰρ</strong></span> <span class='ocrx_word' id='word_1_26' title='bbox 1026 470 1099 513; x_wconf 82' lang='grc' dir='ltr'><strong>καὶ</strong></span> <span class='ocrx_word' id='word_1_27' title='bbox 1130 467 1346 525; x_wconf 75' lang='grc' dir='ltr'><em>ἀνέγγυον</em></span> <span class='ocrx_word' id='word_1_28' title='bbox 1382 468 1456 512; x_wconf 82' lang='grc' dir='ltr'><strong>καὶ</strong></span> <span class='ocrx_word' id='word_1_29' title='bbox 1486 467 1666 522; x_wconf 74' lang='grc' dir='ltr'><em>ἀνίερον</em></span> 
     </span>
    </p>
   </div>
   <div class='ocr_carea' id='block_1_6' title="bbox 287 535 1669 663">
    <p class='ocr_par' dir='ltr' id='par_1_6' title="bbox 287 535 1669 663">
     <span class='ocr_line' id='line_1_7' title="bbox 287 535 1356 595; baseline 0.002 -15"><span class='ocrx_word' id='word_1_30' title='bbox 287 537 487 594; x_wconf 82' lang='grc' dir='ltr'><em>φήσομεν</em></span> <span class='ocrx_word' id='word_1_31' title='bbox 517 535 653 581; x_wconf 81' lang='grc' dir='ltr'><em>αὐτὸν</em></span> <span class='ocrx_word' id='word_1_32' title='bbox 682 539 818 580; x_wconf 82' lang='grc' dir='ltr'><em>παῖδα</em></span> <span class='ocrx_word' id='word_1_33' title='bbox 847 541 900 595; x_wconf 87' lang='grc' dir='ltr'><strong>τῇ</strong></span> <span class='ocrx_word' id='word_1_34' title='bbox 929 537 1053 582; x_wconf 88' lang='grc' dir='ltr'><em>πόλει</em></span> <span class='ocrx_word' id='word_1_35' title='bbox 1082 538 1356 583; x_wconf 75' lang='grc' dir='ltr'><em>καθιστάναι.</em></span> 
     </span>
     <span class='ocr_line' id='line_1_8' title="bbox 433 603 1669 663; baseline 0 -14"><span class='ocrx_word' id='word_1_36' title='bbox 433 604 571 649; x_wconf 70' lang='grc' dir='ltr'><em>’Ὅταν</em></span> <span class='ocrx_word' id='word_1_37' title='bbox 602 605 648 649; x_wconf 77' lang='grc' dir='ltr'><strong>δὲ</strong></span> <span class='ocrx_word' id='word_1_38' title='bbox 678 605 754 662; x_wconf 85' lang='grc' dir='ltr'><strong>δὴ,</strong></span> <span class='ocrx_word' id='word_1_39' title='bbox 785 603 926 663; x_wconf 81' lang='grc' dir='ltr'><em>οἶμαι,</em></span> <span class='ocrx_word' id='word_1_40' title='bbox 959 608 1009 650; x_wconf 83' lang='grc' dir='ltr'><strong>αἴ</strong></span> <span class='ocrx_word' id='word_1_41' title='bbox 1033 623 1077 651; x_wconf 87' lang='grc' dir='ltr'><em>τε</em></span> <span class='ocrx_word' id='word_1_42' title='bbox 1106 612 1310 663; x_wconf 79' lang='grc' dir='ltr'><em>γυναῖκες</em></span> <span class='ocrx_word' id='word_1_43' title='bbox 1339 607 1413 650; x_wconf 74' lang='grc' dir='ltr'><strong>καὶ</strong></span> <span class='ocrx_word' id='word_1_44' title='bbox 1441 607 1484 650; x_wconf 84' lang='grc' dir='ltr'><strong>οἱ</strong></span> <span class='ocrx_word' id='word_1_45' title='bbox 1513 604 1669 662; x_wconf 75' lang='grc' dir='ltr'><em>ἄνδρες</em></span> 
     </span>
    </p>
   </div>
   <div class='ocr_carea' id='block_1_7' title="bbox 285 606 951 846">
    <p class='ocr_par' dir='ltr' id='par_1_7' title="bbox 285 606 951 846">
     <span class='ocr_line' id='line_1_9' title="bbox 286 606 384 662; baseline 0 -14"><span class='ocrx_word' id='word_1_46' title='bbox 286 606 384 662; x_wconf 76' lang='grc' dir='ltr'><strong>ἔφη.</strong></span> 
     </span>
     <span class='ocr_line' id='line_1_10' title="bbox 285 754 951 800; baseline 0.003 -13"><span class='ocrx_word' id='word_1_47' title='bbox 285 754 408 798; x_wconf 80' lang='lat' dir='ltr'>logiam</span> <span class='ocrx_word' id='word_1_48' title='bbox 433 754 568 788; x_wconf 80' lang='lat' dir='ltr'><strong>ductum</strong></span> <span class='ocrx_word' id='word_1_49' title='bbox 593 755 761 800; x_wconf 75' lang='lat' dir='ltr'><strong>pertinet,</strong></span> <span class='ocrx_word' id='word_1_50' title='bbox 786 767 852 800; x_wconf 85' lang='lat' dir='ltr'><strong>quo</strong></span> <span class='ocrx_word' id='word_1_51' title='bbox 870 767 951 789; x_wconf 89' lang='lat' dir='ltr'><strong>usus</strong></span> 
     </span>
     <span class='ocr_line' id='line_1_11' title="bbox 285 801 950 846; baseline 0.003 -12"><span class='ocrx_word' id='word_1_52' title='bbox 285 804 339 834; x_wconf 86' lang='lat' dir='ltr'><strong>est</strong></span> <span class='ocrx_word' id='word_1_53' title='bbox 381 801 430 834; x_wconf 84' lang='lat' dir='ltr'><strong>M.</strong></span> <span class='ocrx_word' id='word_1_54' title='bbox 474 801 696 845; x_wconf 78' lang='lat' dir='ltr'><strong>Argentarius</strong></span> <span class='ocrx_word' id='word_1_55' title='bbox 743 801 852 846; x_wconf 81' lang='lat' dir='ltr'><strong>epigr.</strong></span> <span class='ocrx_word' id='word_1_56' title='bbox 896 804 950 836; x_wconf 81' lang='lat'><strong>16.</strong></span> 
     </span>
    </p>
   </div>
   <div class='ocr_carea' id='block_1_8' title="bbox 283 847 951 1903">
    <p class='ocr_par' dir='ltr' id='par_1_8' title="bbox 283 847 951 1903">
     <span class='ocr_line' id='line_1_12' title="bbox 284 847 950 892; baseline 0.003 -12"><span class='ocrx_word' id='word_1_57' title='bbox 284 858 318 892; x_wconf 88' lang='lat' dir='ltr'><strong>p.</strong></span> <span class='ocrx_word' id='word_1_58' title='bbox 349 847 429 882; x_wconf 73' lang='lat'><strong>245.</strong></span> <span class='ocrx_word' id='word_1_59' title='bbox 471 847 516 881; x_wconf 90' lang='lat' dir='ltr'><strong>T.</strong></span> <span class='ocrx_word' id='word_1_60' title='bbox 552 848 597 882; x_wconf 88' lang='lat' dir='ltr'><strong>II.</strong></span> <span class='ocrx_word' id='word_1_61' title='bbox 640 847 775 882; x_wconf 80' lang='lat' dir='ltr'><strong>Anthol.</strong></span> <span class='ocrx_word' id='word_1_62' title='bbox 816 849 950 882; x_wconf 80' lang='lat' dir='ltr'><strong>Iacobs.</strong></span> 
     </span>
     <span class='ocr_line' id='line_1_13' title="bbox 287 889 949 937; baseline 0.003 -12"><span class='ocrx_word' id='word_1_63' title='bbox 287 889 410 935; x_wconf 76' lang='grc' dir='ltr'><em>ἄλλος,</em></span> <span class='ocrx_word' id='word_1_64' title='bbox 435 889 514 926; x_wconf 74' lang='grc' dir='ltr'><em>ἐπεὶ</em></span> <span class='ocrx_word' id='word_1_65' title='bbox 532 891 654 937; x_wconf 75' lang='grc' dir='ltr'><em>πάσης</em></span> <span class='ocrx_word' id='word_1_66' title='bbox 671 891 816 937; x_wconf 76' lang='grc' dir='ltr'><em>γεύεται</em></span> <span class='ocrx_word' id='word_1_67' title='bbox 834 890 949 937; x_wconf 63' lang='grc' dir='ltr'><strong>(ἔκρα-</strong></span> 
     </span>
     <span class='ocr_line' id='line_1_14' title="bbox 285 939 949 984; baseline 0 -12"><span class='ocrx_word' id='word_1_68' title='bbox 285 939 385 982; x_wconf 81' lang='grc' dir='ltr'><em>σίης,</em></span> <span class='ocrx_word' id='word_1_69' title='bbox 418 939 508 983; x_wconf 89' lang='lat' dir='ltr'><strong>quod</strong></span> <span class='ocrx_word' id='word_1_70' title='bbox 540 952 651 984; x_wconf 86' lang='lat' dir='ltr'><strong>neque</strong></span> <span class='ocrx_word' id='word_1_71' title='bbox 676 952 750 972; x_wconf 90' lang='lat' dir='ltr'><strong>cum</strong></span> <span class='ocrx_word' id='word_1_72' title='bbox 774 940 949 984; x_wconf 84' lang='lat' dir='ltr'><strong>Stephano</strong></span> 
     </span>
     <span class='ocr_line' id='line_1_15' title="bbox 283 985 949 1028; baseline -0.002 -10"><span class='ocrx_word' id='word_1_73' title='bbox 283 985 319 1018; x_wconf 89' lang='lat' dir='ltr'><strong>iu</strong></span> <span class='ocrx_word' id='word_1_74' title='bbox 357 986 444 1018; x_wconf 85' lang='lat' dir='ltr'><strong>thes.</strong></span> <span class='ocrx_word' id='word_1_75' title='bbox 477 987 512 1018; x_wconf 88' lang='lat' dir='ltr'><strong>et</strong></span> <span class='ocrx_word' id='word_1_76' title='bbox 546 987 590 1017; x_wconf 74' lang='lat' dir='ltr'>W</span> <span class='ocrx_word' id='word_1_77' title='bbox 594 986 810 1028; x_wconf 60' lang='lat' dir='ltr'><strong>3ttenbach1o</strong></span> <span class='ocrx_word' id='word_1_78' title='bbox 847 986 949 1020; x_wconf 86' lang='lat' dir='ltr'><strong>anim.</strong></span> 
     </span>
     <span class='ocr_line' id='line_1_16' title="bbox 285 1031 950 1086; baseline 0.003 -23"><span class='ocrx_word' id='word_1_79' title='bbox 285 1031 318 1063; x_wconf 90' lang='lat' dir='ltr'><strong>in</strong></span> <span class='ocrx_word' id='word_1_80' title='bbox 336 1031 426 1064; x_wconf 82' lang='lat' dir='ltr'><strong>Plut.</strong></span> <span class='ocrx_word' id='word_1_81' title='bbox 451 1031 476 1065; x_wconf 89' lang='grc' dir='ltr'><strong>Ι.</strong></span> <span class='ocrx_word' id='word_1_82' title='bbox 512 1042 544 1086; x_wconf 86' lang='lat' dir='ltr'><strong>p.</strong></span> <span class='ocrx_word' id='word_1_83' title='bbox 569 1033 649 1066; x_wconf 72' lang='lat'><strong>209.</strong></span> <span class='ocrx_word' id='word_1_84' title='bbox 682 1043 744 1075; x_wconf 88' lang='lat' dir='ltr'><strong>per</strong></span> <span class='ocrx_word' id='word_1_85' title='bbox 779 1043 950 1076; x_wconf 71' lang='lat' dir='ltr'><strong>s&gt;ncopen</strong></span> 
     </span>
     <span class='ocr_line' id='line_1_17' title="bbox 286 1075 951 1122; baseline 0 -12"><span class='ocrx_word' id='word_1_86' title='bbox 286 1078 412 1110; x_wconf 85' lang='lat' dir='ltr'><strong>factum</strong></span> <span class='ocrx_word' id='word_1_87' title='bbox 437 1089 479 1110; x_wconf 85' lang='lat' dir='ltr'><strong>ex</strong></span> <span class='ocrx_word' id='word_1_88' title='bbox 497 1075 721 1121; x_wconf 78' lang='grc' dir='ltr'><em>οἷκρατησία,</em></span> <span class='ocrx_word' id='word_1_89' title='bbox 748 1089 857 1122; x_wconf 86' lang='lat' dir='ltr'><strong>neque</strong></span> <span class='ocrx_word' id='word_1_90' title='bbox 873 1090 951 1111; x_wconf 89' lang='lat' dir='ltr'><strong>cum</strong></span> 
     </span>
     <span class='ocr_line' id='line_1_18' title="bbox 286 1122 949 1169; baseline 0.005 -14"><span class='ocrx_word' id='word_1_91' title='bbox 286 1122 447 1167; x_wconf 87' lang='lat' dir='ltr'><strong>Poppone</strong></span> <span class='ocrx_word' id='word_1_92' title='bbox 471 1124 557 1167; x_wconf 83' lang='lat' dir='ltr'><strong>prol.</strong></span> <span class='ocrx_word' id='word_1_93' title='bbox 581 1124 616 1156; x_wconf 87' lang='lat' dir='ltr'><strong>in</strong></span> <span class='ocrx_word' id='word_1_94' title='bbox 639 1124 949 1169; x_wconf 69' lang='lat' dir='ltr'><strong>T1u1c.1.p.243.</strong></span> 
     </span>
     <span class='ocr_line' id='line_1_19' title="bbox 286 1169 950 1224; baseline 0.002 -23.012"><span class='ocrx_word' id='word_1_95' title='bbox 286 1169 478 1212; x_wconf 84' lang='lat' dir='ltr'><strong>Thucydidi</strong></span> <span class='ocrx_word' id='word_1_96' title='bbox 502 1169 645 1213; x_wconf 83' lang='lat' dir='ltr'><strong>aliisque</strong></span> <span class='ocrx_word' id='word_1_97' title='bbox 664 1169 782 1224; x_wconf 80' lang='lat' dir='ltr'>probis</span> <span class='ocrx_word' id='word_1_98' title='bbox 804 1170 950 1214; x_wconf 88' lang='lat' dir='ltr'><strong>scripto-</strong></span> 
     </span>
     <span class='ocr_line' id='line_1_20' title="bbox 286 1212 950 1269; baseline 0.003 -22"><span class='ocrx_word' id='word_1_99' title='bbox 286 1215 379 1251; x_wconf 82' lang='lat' dir='ltr'><strong>ribus</strong></span> <span class='ocrx_word' id='word_1_100' title='bbox 403 1215 495 1248; x_wconf 86' lang='lat' dir='ltr'><strong>velut</strong></span> <span class='ocrx_word' id='word_1_101' title='bbox 519 1227 738 1269; x_wconf 77' lang='lat' dir='ltr'>synonymum</span> <span class='ocrx_word' id='word_1_102' title='bbox 752 1212 950 1259; x_wconf 77' lang='grc' dir='ltr'><em>οἷκρατείας</em></span> 
     </span>
     <span class='ocr_line' id='line_1_21' title="bbox 286 1257 951 1317; baseline 0.002 -25"><span class='ocrx_word' id='word_1_103' title='bbox 286 1260 416 1304; x_wconf 77' lang='lat' dir='ltr'><strong>potius,</strong></span> <span class='ocrx_word' id='word_1_104' title='bbox 441 1273 542 1316; x_wconf 89' lang='lat' dir='ltr'><strong>quam</strong></span> <span class='ocrx_word' id='word_1_105' title='bbox 567 1257 727 1304; x_wconf 74' lang='grc' dir='ltr'><em>οὶκρατία</em></span> <span class='ocrx_word' id='word_1_106' title='bbox 750 1265 951 1317; x_wconf 82' lang='lat' dir='ltr'><strong>usurpatum</strong></span> 
     </span>
     <span class='ocr_line' id='line_1_22' title="bbox 286 1303 949 1361; baseline 0.005 -23"><span class='ocrx_word' id='word_1_107' title='bbox 286 1306 438 1339; x_wconf 76' lang='lat' dir='ltr'><strong>dixerim.</strong></span> <span class='ocrx_word' id='word_1_108' title='bbox 480 1303 639 1350; x_wconf 59' lang='grc' dir='ltr'><em>ἄκρα-τιατ</em></span> <span class='ocrx_word' id='word_1_109' title='bbox 663 1307 743 1340; x_wconf 87' lang='lat' dir='ltr'><strong>mihi</strong></span> <span class='ocrx_word' id='word_1_110' title='bbox 767 1309 810 1341; x_wconf 90' lang='lat' dir='ltr'><strong>ab</strong></span> <span class='ocrx_word' id='word_1_111' title='bbox 833 1304 949 1361; x_wconf 71' lang='grc' dir='ltr'><em>ἀκρά-</em></span> 
     </span>
     <span class='ocr_line' id='line_1_23' title="bbox 286 1350 950 1408; baseline 0.002 -23"><span class='ocrx_word' id='word_1_112' title='bbox 286 1364 366 1385; x_wconf 73' lang='grc' dir='ltr'><em>τεια</em></span> <span class='ocrx_word' id='word_1_113' title='bbox 399 1364 464 1385; x_wconf 86' lang='grc'><strong>11011</strong></span> <span class='ocrx_word' id='word_1_114' title='bbox 497 1353 597 1386; x_wconf 70' lang='lat' dir='ltr'><strong>aliter</strong></span> <span class='ocrx_word' id='word_1_115' title='bbox 619 1379 629 1395; x_wconf 83' lang='lat'>‚</span> <span class='ocrx_word' id='word_1_116' title='bbox 667 1365 767 1397; x_wconf 88' lang='lat' dir='ltr'><strong>quun</strong></span> <span class='ocrx_word' id='word_1_117' title='bbox 799 1350 950 1408; x_wconf 72' lang='grc' dir='ltr'><em>εὐσεβίοι</em></span> 
     </span>
     <span class='ocr_line' id='line_1_24' title="bbox 286 1395 948 1443; baseline 0.003 -12"><span class='ocrx_word' id='word_1_118' title='bbox 286 1400 329 1431; x_wconf 84' lang='lat' dir='ltr'><strong>ab</strong></span> <span class='ocrx_word' id='word_1_119' title='bbox 354 1395 520 1443; x_wconf 72' lang='grc' dir='ltr'><em>εὐσέβεια</em></span> <span class='ocrx_word' id='word_1_120' title='bbox 552 1403 586 1432; x_wconf 83' lang='lat' dir='ltr'><strong>et</strong></span> <span class='ocrx_word' id='word_1_121' title='bbox 615 1396 757 1442; x_wconf 78' lang='grc' dir='ltr'><em>ωφελία</em></span> <span class='ocrx_word' id='word_1_122' title='bbox 781 1401 824 1433; x_wconf 88' lang='lat' dir='ltr'><strong>ab</strong></span> <span class='ocrx_word' id='word_1_123' title='bbox 850 1397 948 1442; x_wconf 81' lang='grc' dir='ltr'><em>ωφέ-</em></span> 
     </span>
     <span class='ocr_line' id='line_1_25' title="bbox 286 1445 947 1489; baseline 0.002 -12"><span class='ocrx_word' id='word_1_124' title='bbox 286 1446 387 1487; x_wconf 82' lang='grc' dir='ltr'><em>λεια,</em></span> <span class='ocrx_word' id='word_1_125' title='bbox 425 1446 468 1478; x_wconf 87' lang='lat' dir='ltr'><strong>de</strong></span> <span class='ocrx_word' id='word_1_126' title='bbox 504 1457 571 1489; x_wconf 90' lang='lat' dir='ltr'><strong>quo</strong></span> <span class='ocrx_word' id='word_1_127' title='bbox 605 1446 680 1479; x_wconf 82' lang='lat' dir='ltr'><strong>Vol.</strong></span> <span class='ocrx_word' id='word_1_128' title='bbox 715 1445 742 1479; x_wconf 94' lang='lat' dir='ltr'><strong>I.</strong></span> <span class='ocrx_word' id='word_1_129' title='bbox 775 1457 808 1489; x_wconf 88' lang='lat' dir='ltr'><strong>p.</strong></span> <span class='ocrx_word' id='word_1_130' title='bbox 834 1448 889 1486; x_wconf 70' lang='grc' dir='ltr'><strong>ΞΟ,</strong></span> <span class='ocrx_word' id='word_1_131' title='bbox 914 1447 947 1480; x_wconf 93' lang='lat' dir='ltr'><strong>b.</strong></span> 
     </span>
     <span class='ocr_line' id='line_1_26' title="bbox 285 1487 950 1535; baseline 0.002 -12"><span class='ocrx_word' id='word_1_132' title='bbox 285 1490 376 1532; x_wconf 80' lang='lat' dir='ltr'><strong>dixi,</strong></span> <span class='ocrx_word' id='word_1_133' title='bbox 399 1491 539 1524; x_wconf 82' lang='lat' dir='ltr'><strong>differre</strong></span> <span class='ocrx_word' id='word_1_134' title='bbox 562 1491 717 1535; x_wconf 75' lang='lat' dir='ltr'><strong>videtur,</strong></span> <span class='ocrx_word' id='word_1_135' title='bbox 743 1493 778 1524; x_wconf 67' lang='lat' dir='ltr'><strong>et</strong></span> <span class='ocrx_word' id='word_1_136' title='bbox 798 1487 950 1535; x_wconf 75' lang='grc' dir='ltr'><em>ἡδονῶν</em></span> 
     </span>
     <span class='ocr_line' id='line_1_27' title="bbox 286 1533 951 1581; baseline 0.003 -12"><span class='ocrx_word' id='word_1_137' title='bbox 286 1533 446 1579; x_wconf 73' lang='grc' dir='ltr'><em>οἷκρατία</em></span> <span class='ocrx_word' id='word_1_138' title='bbox 470 1537 558 1571; x_wconf 85' lang='lat' dir='ltr'><strong>Tim.</strong></span> <span class='ocrx_word' id='word_1_139' title='bbox 594 1549 628 1581; x_wconf 96' lang='lat' dir='ltr'><strong>p.</strong></span> <span class='ocrx_word' id='word_1_140' title='bbox 653 1539 709 1572; x_wconf 79' lang='lat'><strong>86.</strong></span> <span class='ocrx_word' id='word_1_141' title='bbox 735 1537 776 1571; x_wconf 93' lang='lat' dir='ltr'><strong>D.</strong></span> <span class='ocrx_word' id='word_1_142' title='bbox 810 1538 890 1581; x_wconf 66' lang='lat' dir='ltr'><strong>vulo</strong></span> <span class='ocrx_word' id='word_1_143' title='bbox 888 1541 951 1571; x_wconf 84' lang='lat' dir='ltr'><strong>ata</strong></span> 
     </span>
     <span class='ocr_line' id='line_1_28' title="bbox 285 1578 950 1617; baseline 0 -1"><span class='ocrx_word' id='word_1_144' title='bbox 285 1586 321 1616; x_wconf 84' lang='lat' dir='ltr'><strong>et</strong></span> <span class='ocrx_word' id='word_1_145' title='bbox 353 1583 503 1617; x_wconf 81' lang='lat' dir='ltr'><strong>codicmu</strong></span> <span class='ocrx_word' id='word_1_146' title='bbox 539 1586 671 1616; x_wconf 84' lang='lat' dir='ltr'><strong>tantum</strong></span> <span class='ocrx_word' id='word_1_147' title='bbox 705 1595 770 1617; x_wconf 90' lang='lat' dir='ltr'><strong>non</strong></span> <span class='ocrx_word' id='word_1_148' title='bbox 803 1578 950 1616; x_wconf 87' lang='lat' dir='ltr'><strong>omnium</strong></span> 
     </span>
     <span class='ocr_line' id='line_1_29' title="bbox 285 1627 949 1672; baseline 0.002 -11"><span class='ocrx_word' id='word_1_149' title='bbox 285 1628 384 1662; x_wconf 80' lang='lat' dir='ltr'><strong>lectio</strong></span> <span class='ocrx_word' id='word_1_150' title='bbox 407 1640 509 1670; x_wconf 85' lang='lat' dir='ltr'><strong>vera,</strong></span> <span class='ocrx_word' id='word_1_151' title='bbox 543 1627 721 1672; x_wconf 75' lang='grc' dir='ltr'><em>οἷκρατίας</em></span> <span class='ocrx_word' id='word_1_152' title='bbox 754 1629 830 1662; x_wconf 79' lang='grc' dir='ltr'><strong>τῶν</strong></span> <span class='ocrx_word' id='word_1_153' title='bbox 854 1641 949 1672; x_wconf 85' lang='grc' dir='ltr'><em>πρα-</em></span> 
     </span>
     <span class='ocr_line' id='line_1_30' title="bbox 286 1674 949 1719; baseline 0 -12"><span class='ocrx_word' id='word_1_154' title='bbox 286 1674 378 1716; x_wconf 80' lang='grc' dir='ltr'><em>ξεων</em></span> <span class='ocrx_word' id='word_1_155' title='bbox 404 1676 513 1717; x_wconf 82' lang='lat' dir='ltr'><strong>Gorg.</strong></span> <span class='ocrx_word' id='word_1_156' title='bbox 537 1687 572 1719; x_wconf 91' lang='lat' dir='ltr'><strong>p.</strong></span> <span class='ocrx_word' id='word_1_157' title='bbox 596 1675 676 1709; x_wconf 71' lang='lat'><strong>525.</strong></span> <span class='ocrx_word' id='word_1_158' title='bbox 701 1676 741 1709; x_wconf 87' lang='lat' dir='ltr'><strong>A.</strong></span> <span class='ocrx_word' id='word_1_159' title='bbox 767 1676 949 1710; x_wconf 88' lang='lat' dir='ltr'><strong>secundum</strong></span> 
     </span>
     <span class='ocr_line' id='line_1_31' title="bbox 285 1720 950 1765; baseline 0.002 -12"><span class='ocrx_word' id='word_1_160' title='bbox 285 1720 435 1765; x_wconf 88' lang='lat' dir='ltr'><strong>potiores</strong></span> <span class='ocrx_word' id='word_1_161' title='bbox 465 1720 576 1760; x_wconf 15' lang='lat' dir='ltr'><strong>libros*</strong></span> <span class='ocrx_word' id='word_1_162' title='bbox 594 1732 615 1754; x_wconf 88' lang='lat' dir='ltr'><strong>a</strong></span> <span class='ocrx_word' id='word_1_163' title='bbox 637 1721 796 1755; x_wconf 87' lang='lat' dir='ltr'><strong>Bekkero</strong></span> <span class='ocrx_word' id='word_1_164' title='bbox 828 1721 863 1754; x_wconf 91' lang='lat' dir='ltr'><strong>in</strong></span> <span class='ocrx_word' id='word_1_165' title='bbox 894 1732 950 1754; x_wconf 85' lang='lat' dir='ltr'><strong>or-</strong></span> 
     </span>
     <span class='ocr_line' id='line_1_32' title="bbox 283 1766 950 1810; baseline 0 -11"><span class='ocrx_word' id='word_1_166' title='bbox 283 1766 394 1799; x_wconf 82' lang='lat' dir='ltr'>dinem</span> <span class='ocrx_word' id='word_1_167' title='bbox 416 1770 589 1810; x_wconf 86' lang='lat' dir='ltr'><strong>receptum</strong></span> <span class='ocrx_word' id='word_1_168' title='bbox 621 1770 684 1801; x_wconf 84' lang='lat' dir='ltr'><strong>est.</strong></span> <span class='ocrx_word' id='word_1_169' title='bbox 733 1766 803 1807; x_wconf 83' lang='lat' dir='ltr'><strong>Qui</strong></span> <span class='ocrx_word' id='word_1_170' title='bbox 834 1766 865 1800; x_wconf 88' lang='lat' dir='ltr'><strong>si</strong></span> <span class='ocrx_word' id='word_1_171' title='bbox 888 1778 950 1800; x_wconf 86' lang='lat' dir='ltr'><strong>no·-</strong></span> 
     </span>
     <span class='ocr_line' id='line_1_33' title="bbox 285 1812 950 1858; baseline 0.002 -13"><span class='ocrx_word' id='word_1_172' title='bbox 285 1815 357 1845; x_wconf 88' lang='lat' dir='ltr'><strong>stro</strong></span> <span class='ocrx_word' id='word_1_173' title='bbox 381 1813 455 1845; x_wconf 92' lang='lat' dir='ltr'><strong>loco</strong></span> <span class='ocrx_word' id='word_1_174' title='bbox 479 1812 567 1845; x_wconf 87' lang='lat' dir='ltr'><strong>idem</strong></span> <span class='ocrx_word' id='word_1_175' title='bbox 598 1813 818 1855; x_wconf 81' lang='lat' dir='ltr'><strong>exhiberent,</strong></span> <span class='ocrx_word' id='word_1_176' title='bbox 854 1812 950 1858; x_wconf 85' lang='lat' dir='ltr'><strong>equi-</strong></span> 
     </span>
     <span class='ocr_line' id='line_1_34' title="bbox 285 1857 814 1903; baseline 0.006 -13"><span class='ocrx_word' id='word_1_177' title='bbox 285 1857 362 1891; x_wconf 88' lang='lat' dir='ltr'><strong>dem</strong></span> <span class='ocrx_word' id='word_1_178' title='bbox 385 1857 483 1903; x_wconf 90' lang='lat' dir='ltr'><strong>sequi</strong></span> <span class='ocrx_word' id='word_1_179' title='bbox 506 1869 572 1892; x_wconf 86' lang='lat' dir='ltr'><strong>non</strong></span> <span class='ocrx_word' id='word_1_180' title='bbox 595 1858 814 1893; x_wconf 84' lang='lat' dir='ltr'><strong>dubitassem.</strong></span> 
     </span>
    </p>
   </div>
   <div class='ocr_carea' id='block_1_9' title="bbox 332 1949 694 1994">
    <p class='ocr_par' dir='ltr' id='par_1_9' title="bbox 332 1949 694 1994">
     <span class='ocr_line' id='line_1_35' title="bbox 332 1949 694 1994; baseline 0.003 -11"><span class='ocrx_word' id='word_1_181' title='bbox 332 1949 430 1994; x_wconf 76' lang='grc' dir='ltr'><em>τῶν]</em></span> <span class='ocrx_word' id='word_1_182' title='bbox 457 1962 522 1984; x_wconf 89' lang='lat' dir='ltr'><strong>om.</strong></span> <span class='ocrx_word' id='word_1_183' title='bbox 546 1949 625 1984; x_wconf 85' lang='lat' dir='ltr'><strong>Par.</strong></span> <span class='ocrx_word' id='word_1_184' title='bbox 649 1949 694 1984; x_wconf 91' lang='lat' dir='ltr'><strong>K.</strong></span> 
     </span>
    </p>
   </div>
   <div class='ocr_carea' id='block_1_10' title="bbox 286 2015 952 2098">
    <p class='ocr_par' dir='ltr' id='par_1_10' title="bbox 286 2015 952 2098">
     <span class='ocr_line' id='line_1_36' title="bbox 333 2015 950 2062; baseline 0 -11"><span class='ocrx_word' id='word_1_185' title='bbox 333 2015 611 2062; x_wconf 79' lang='grc' dir='ltr'><em>συνέρξαντος]</em></span> <span class='ocrx_word' id='word_1_186' title='bbox 659 2017 738 2059; x_wconf 80' lang='grc' dir='ltr'><em>ξυν.</em></span> <span class='ocrx_word' id='word_1_187' title='bbox 786 2019 871 2053; x_wconf 88' lang='lat' dir='ltr'><strong>Ven.</strong></span> <span class='ocrx_word' id='word_1_188' title='bbox 908 2018 950 2053; x_wconf 89' lang='grc' dir='ltr'><strong>Β.</strong></span> 
     </span>
     <span class='ocr_line' id='line_1_37' title="bbox 286 2064 952 2098; baseline -0.003 0"><span class='ocrx_word' id='word_1_189' title='bbox 286 2064 365 2098; x_wconf 89' lang='lat' dir='ltr'><strong>Vat.</strong></span> <span class='ocrx_word' id='word_1_190' title='bbox 391 2064 435 2098; x_wconf 91' lang='lat' dir='ltr'><strong>H.</strong></span> <span class='ocrx_word' id='word_1_191' title='bbox 477 2064 574 2098; x_wconf 89' lang='lat' dir='ltr'><strong>Flor.</strong></span> <span class='ocrx_word' id='word_1_192' title='bbox 599 2064 671 2098; x_wconf 84' lang='lat' dir='ltr'><strong>AC.</strong></span> <span class='ocrx_word' id='word_1_193' title='bbox 713 2064 891 2097; x_wconf 84' lang='lat' dir='ltr'><strong>Bekkerus</strong></span> <span class='ocrx_word' id='word_1_194' title='bbox 916 2067 952 2096; x_wconf 90' lang='lat' dir='ltr'><strong>et</strong></span> 
     </span>
    </p>
   </div>
   <div class='ocr_carea' id='block_1_11' title="bbox 286 2109 948 2199">
    <p class='ocr_par' dir='ltr' id='par_1_11' title="bbox 286 2109 948 2199">
     <span class='ocr_line' id='line_1_38' title="bbox 286 2109 948 2154; baseline 0 -11"><span class='ocrx_word' id='word_1_195' title='bbox 286 2109 540 2144; x_wconf 88' lang='lat' dir='ltr'><strong>Stallbaumius.</strong></span> <span class='ocrx_word' id='word_1_196' title='bbox 565 2109 620 2144; x_wconf 85' lang='lat' dir='ltr'><strong>cf.</strong></span> <span class='ocrx_word' id='word_1_197' title='bbox 646 2109 722 2145; x_wconf 91' lang='lat' dir='ltr'><strong>Vol.</strong></span> <span class='ocrx_word' id='word_1_198' title='bbox 742 2110 770 2145; x_wconf 96' lang='lat' dir='ltr'><strong>I.</strong></span> <span class='ocrx_word' id='word_1_199' title='bbox 795 2123 826 2154; x_wconf 83' lang='lat' dir='ltr'><strong>p.</strong></span> <span class='ocrx_word' id='word_1_200' title='bbox 847 2110 948 2152; x_wconf 75' lang='lat' dir='ltr'><strong>42,b.</strong></span> 
     </span>
     <span class='ocr_line' id='line_1_39' title="bbox 287 2155 706 2199; baseline 0.002 -10"><span class='ocrx_word' id='word_1_201' title='bbox 287 2155 346 2199; x_wconf 79' lang='lat'><strong>44,</strong></span> <span class='ocrx_word' id='word_1_202' title='bbox 372 2156 405 2189; x_wconf 89' lang='lat' dir='ltr'><strong>b.</strong></span> <span class='ocrx_word' id='word_1_203' title='bbox 430 2156 487 2198; x_wconf 88' lang='lat'><strong>95,</strong></span> <span class='ocrx_word' id='word_1_204' title='bbox 511 2157 547 2190; x_wconf 91' lang='lat' dir='ltr'><strong>b.</strong></span> <span class='ocrx_word' id='word_1_205' title='bbox 569 2157 649 2198; x_wconf 75' lang='lat'><strong>233,</strong></span> <span class='ocrx_word' id='word_1_206' title='bbox 675 2167 706 2190; x_wconf 87' lang='lat' dir='ltr'><strong>a.</strong></span> 
     </span>
    </p>
   </div>
   <div class='ocr_carea' id='block_1_12' title="bbox 332 2243 878 2383">
    <p class='ocr_par' dir='ltr' id='par_1_12' title="bbox 332 2243 878 2383">
     <span class='ocr_line' id='line_1_40' title="bbox 334 2243 825 2291; baseline 0.002 -10"><span class='ocrx_word' id='word_1_207' title='bbox 334 2243 537 2291; x_wconf 70' lang='grc' dir='ltr'><em>ἀνέγγυον]</em></span> <span class='ocrx_word' id='word_1_208' title='bbox 560 2248 725 2282; x_wconf 81' lang='lat' dir='ltr'><strong>incestum</strong></span> <span class='ocrx_word' id='word_1_209' title='bbox 746 2247 825 2282; x_wconf 83' lang='lat' dir='ltr'><strong>Fic.</strong></span> 
     </span>
     <span class='ocr_line' id='line_1_41' title="bbox 332 2335 878 2383; baseline 0.002 -11"><span class='ocrx_word' id='word_1_210' title='bbox 332 2336 395 2372; x_wconf 78' lang='grc' dir='ltr'><strong>καὶ</strong></span> <span class='ocrx_word' id='word_1_211' title='bbox 420 2335 595 2383; x_wconf 79' lang='grc' dir='ltr'><em>οένίερον]</em></span> <span class='ocrx_word' id='word_1_212' title='bbox 621 2351 686 2373; x_wconf 84' lang='lat' dir='ltr'><strong>om.</strong></span> <span class='ocrx_word' id='word_1_213' title='bbox 717 2338 810 2373; x_wconf 91' lang='lat' dir='ltr'><strong>Mon.</strong></span> <span class='ocrx_word' id='word_1_214' title='bbox 836 2339 878 2373; x_wconf 93' lang='lat' dir='ltr'><strong>B.</strong></span> 
     </span>
    </p>
   </div>
   <div class='ocr_carea' id='block_1_13' title="bbox 285 2427 953 2932">
    <p class='ocr_par' dir='ltr' id='par_1_13' title="bbox 285 2427 953 2932">
     <span class='ocr_line' id='line_1_42' title="bbox 332 2427 946 2473; baseline 0 -10"><span class='ocrx_word' id='word_1_215' title='bbox 332 2427 521 2473; x_wconf 85' lang='grc' dir='ltr'><em>φήσομεν]</em></span> <span class='ocrx_word' id='word_1_216' title='bbox 547 2429 601 2463; x_wconf 75' lang='lat' dir='ltr'><strong>Ita</strong></span> <span class='ocrx_word' id='word_1_217' title='bbox 625 2429 705 2464; x_wconf 86' lang='lat' dir='ltr'><strong>Par.</strong></span> <span class='ocrx_word' id='word_1_218' title='bbox 730 2430 772 2464; x_wconf 82' lang='lat' dir='ltr'><strong>A.</strong></span> <span class='ocrx_word' id='word_1_219' title='bbox 797 2430 878 2465; x_wconf 78' lang='lat' dir='ltr'><strong>vat.</strong></span> <span class='ocrx_word' id='word_1_220' title='bbox 902 2428 946 2463; x_wconf 93' lang='lat' dir='ltr'><strong>H.</strong></span> 
     </span>
     <span class='ocr_line' id='line_1_43' title="bbox 287 2474 949 2511; baseline -0.002 -2"><span class='ocrx_word' id='word_1_221' title='bbox 287 2474 385 2510; x_wconf 90' lang='lat' dir='ltr'><strong>Vind.</strong></span> <span class='ocrx_word' id='word_1_222' title='bbox 411 2476 737 2511; x_wconf 73' lang='lat' dir='ltr'><strong>1⁴3.F10r.ACTV.</strong></span> <span class='ocrx_word' id='word_1_223' title='bbox 764 2487 949 2510; x_wconf 85' lang='lat' dir='ltr'><strong><em>asseremus</em></strong></span> 
     </span>
     <span class='ocr_line' id='line_1_44' title="bbox 285 2519 949 2566; baseline 0.002 -13"><span class='ocrx_word' id='word_1_224' title='bbox 285 2520 361 2555; x_wconf 83' lang='lat' dir='ltr'><strong>Fic.</strong></span> <span class='ocrx_word' id='word_1_225' title='bbox 407 2519 576 2565; x_wconf 82' lang='grc' dir='ltr'><em>θήσομεν</em></span> <span class='ocrx_word' id='word_1_226' title='bbox 610 2533 684 2555; x_wconf 87' lang='grc'><strong>011111</strong></span> <span class='ocrx_word' id='word_1_227' title='bbox 719 2533 748 2565; x_wconf 83' lang='grc' dir='ltr'>φ</span> <span class='ocrx_word' id='word_1_228' title='bbox 780 2533 883 2566; x_wconf 86' lang='lat' dir='ltr'><strong>super</strong></span> <span class='ocrx_word' id='word_1_229' title='bbox 918 2521 949 2554; x_wconf 84' lang='grc' dir='ltr'><em>θ</em></span> 
     </span>
     <span class='ocr_line' id='line_1_45' title="bbox 286 2565 950 2611; baseline -0.003 -10"><span class='ocrx_word' id='word_1_230' title='bbox 286 2566 385 2601; x_wconf 88' lang='lat' dir='ltr'><strong>Vind.</strong></span> <span class='ocrx_word' id='word_1_231' title='bbox 409 2567 452 2601; x_wconf 92' lang='lat' dir='ltr'><strong>D.</strong></span> <span class='ocrx_word' id='word_1_232' title='bbox 477 2568 561 2602; x_wconf 83' lang='lat' dir='ltr'><strong>Ven.</strong></span> <span class='ocrx_word' id='word_1_233' title='bbox 575 2568 616 2602; x_wconf 90' lang='grc' dir='ltr'><strong>Β.</strong></span> <span class='ocrx_word' id='word_1_234' title='bbox 639 2565 805 2611; x_wconf 75' lang='grc' dir='ltr'><em>θήσομεν</em></span> <span class='ocrx_word' id='word_1_235' title='bbox 830 2566 950 2611; x_wconf 84' lang='lat' dir='ltr'><strong>reliqui</strong></span> 
     </span>
     <span class='ocr_line' id='line_1_46' title="bbox 287 2612 949 2668; baseline -0.002 -23"><span class='ocrx_word' id='word_1_236' title='bbox 287 2612 421 2646; x_wconf 88' lang='lat' dir='ltr'><strong>codices</strong></span> <span class='ocrx_word' id='word_1_237' title='bbox 455 2613 618 2668; x_wconf 86' lang='lat' dir='ltr'><strong>editique</strong></span> <span class='ocrx_word' id='word_1_238' title='bbox 633 2617 711 2647; x_wconf 87' lang='lat' dir='ltr'><strong>ante</strong></span> <span class='ocrx_word' id='word_1_239' title='bbox 744 2613 949 2654; x_wconf 81' lang='lat' dir='ltr'><strong>Bekkerum,</strong></span> 
     </span>
     <span class='ocr_line' id='line_1_47' title="bbox 285 2655 951 2703; baseline 0.002 -13"><span class='ocrx_word' id='word_1_240' title='bbox 285 2659 374 2703; x_wconf 87' lang='lat' dir='ltr'><strong>quod</strong></span> <span class='ocrx_word' id='word_1_241' title='bbox 400 2657 443 2691; x_wconf 89' lang='lat' dir='ltr'><strong>ad</strong></span> <span class='ocrx_word' id='word_1_242' title='bbox 465 2659 572 2693; x_wconf 78' lang='lat' dir='ltr'><strong>veiba</strong></span> <span class='ocrx_word' id='word_1_243' title='bbox 598 2655 618 2693; x_wconf 82' lang='grc' dir='ltr'>ὁ</span> <span class='ocrx_word' id='word_1_244' title='bbox 638 2656 757 2698; x_wconf 77' lang='grc' dir='ltr'><em>αυτὸς</em></span> <span class='ocrx_word' id='word_1_245' title='bbox 779 2657 817 2693; x_wconf 84' lang='grc' dir='ltr'><em>δε</em></span> <span class='ocrx_word' id='word_1_246' title='bbox 836 2656 951 2701; x_wconf 80' lang='grc' dir='ltr'><em>νόμος</em></span> 
     </span>
     <span class='ocr_line' id='line_1_48' title="bbox 288 2703 951 2749; baseline 0.005 -14"><span class='ocrx_word' id='word_1_247' title='bbox 288 2703 484 2747; x_wconf 83' lang='lat' dir='ltr'><strong>respicienti</strong></span> <span class='ocrx_word' id='word_1_248' title='bbox 510 2705 611 2738; x_wconf 87' lang='lat' dir='ltr'><strong>alicui</strong></span> <span class='ocrx_word' id='word_1_249' title='bbox 644 2707 791 2740; x_wconf 65' lang='lat' dir='ltr'><strong>sortisse</strong></span> <span class='ocrx_word' id='word_1_250' title='bbox 814 2706 951 2749; x_wconf 84' lang='lat' dir='ltr'><strong>praefe-</strong></span> 
     </span>
     <span class='ocr_line' id='line_1_49' title="bbox 286 2749 953 2795; baseline 0.004 -14"><span class='ocrx_word' id='word_1_251' title='bbox 286 2749 428 2782; x_wconf 86' lang='lat' dir='ltr'><strong>rendum</strong></span> <span class='ocrx_word' id='word_1_252' title='bbox 460 2750 602 2785; x_wconf 77' lang='lat' dir='ltr'><strong>videtui.</strong></span> <span class='ocrx_word' id='word_1_253' title='bbox 657 2751 727 2785; x_wconf 79' lang='lat' dir='ltr'><strong>Sed</strong></span> <span class='ocrx_word' id='word_1_254' title='bbox 760 2751 846 2785; x_wconf 85' lang='lat' dir='ltr'><strong>haec</strong></span> <span class='ocrx_word' id='word_1_255' title='bbox 876 2751 953 2795; x_wconf 84' lang='lat' dir='ltr'><strong>ipsa</strong></span> 
     </span>
     <span class='ocr_line' id='line_1_50' title="bbox 285 2795 953 2852; baseline 0.004 -25"><span class='ocrx_word' id='word_1_256' title='bbox 285 2795 392 2828; x_wconf 84' lang='lat' dir='ltr'><strong>verba</strong></span> <span class='ocrx_word' id='word_1_257' title='bbox 424 2795 482 2828; x_wconf 90' lang='grc'><strong>1110</strong></span> <span class='ocrx_word' id='word_1_258' title='bbox 516 2800 694 2852; x_wconf 75' lang='lat' dir='ltr'><strong>spectant,</strong></span> <span class='ocrx_word' id='word_1_259' title='bbox 729 2797 831 2852; x_wconf 85' lang='lat' dir='ltr'><strong>quod</strong></span> <span class='ocrx_word' id='word_1_260' title='bbox 848 2807 953 2841; x_wconf 84' lang='lat' dir='ltr'><strong>supra</strong></span> 
     </span>
     <span class='ocr_line' id='line_1_51' title="bbox 286 2838 950 2883; baseline 0.006 -11"><span class='ocrx_word' id='word_1_261' title='bbox 286 2841 411 2873; x_wconf 85' lang='lat' dir='ltr'><strong>dictum</strong></span> <span class='ocrx_word' id='word_1_262' title='bbox 432 2845 506 2883; x_wconf 88' lang='lat' dir='ltr'><strong>est,</strong></span> <span class='ocrx_word' id='word_1_263' title='bbox 541 2838 628 2876; x_wconf 78' lang='grc' dir='ltr'><em>ου’τε</em></span> <span class='ocrx_word' id='word_1_264' title='bbox 654 2838 759 2876; x_wconf 79' lang='grc' dir='ltr'><em>δ’σιον</em></span> <span class='ocrx_word' id='word_1_265' title='bbox 786 2838 872 2876; x_wconf 74' lang='grc' dir='ltr'><em>οὔτε</em></span> <span class='ocrx_word' id='word_1_266' title='bbox 897 2842 950 2876; x_wconf 84' lang='grc' dir='ltr'><strong>δι’·</strong></span> 
     </span>
     <span class='ocr_line' id='line_1_52' title="bbox 286 2884 953 2932; baseline 0.004 -13"><span class='ocrx_word' id='word_1_267' title='bbox 286 2898 394 2920; x_wconf 76' lang='grc' dir='ltr'><em>καιον</em></span> <span class='ocrx_word' id='word_1_268' title='bbox 420 2885 587 2931; x_wconf 82' lang='grc' dir='ltr'><em>φήσομεν</em></span> <span class='ocrx_word' id='word_1_269' title='bbox 611 2886 654 2922; x_wconf 89' lang='grc' dir='ltr'>τό</span> <span class='ocrx_word' id='word_1_270' title='bbox 683 2884 893 2932; x_wconf 72' lang='grc' dir='ltr'><em>αμάρτημα,</em></span> <span class='ocrx_word' id='word_1_271' title='bbox 920 2889 953 2923; x_wconf 81' lang='lat' dir='ltr'><strong>h.</strong></span> 
     </span>
    </p>
   </div>
   <div class='ocr_carea' id='block_1_14' title="bbox 1407 535 1666 592">
    <p class='ocr_par' dir='ltr' id='par_1_14' title="bbox 1407 535 1666 592">
     <span class='ocr_line' id='line_1_53' title="bbox 1407 535 1666 592; baseline 0 -12"><span class='ocrx_word' id='word_1_272' title='bbox 1407 535 1666 592; x_wconf 80' lang='grc' dir='ltr'><em>Ὀρθότατα,</em></span> 
     </span>
    </p>
   </div>
   <div class='ocr_carea' id='block_1_15' title="bbox 1004 756 1671 1572">
    <p class='ocr_par' dir='ltr' id='par_1_15' title="bbox 1004 756 1671 1572">
     <span class='ocr_line' id='line_1_54' title="bbox 1009 756 1670 801; baseline -0.002 -11"><span class='ocrx_word' id='word_1_273' title='bbox 1009 769 1039 791; x_wconf 81' lang='lat' dir='ltr'><strong>e.</strong></span> <span class='ocrx_word' id='word_1_274' title='bbox 1061 761 1241 801; x_wconf 78' lang='lat' dir='ltr'><strong>peccatum</strong></span> <span class='ocrx_word' id='word_1_275' title='bbox 1264 769 1331 790; x_wconf 76' lang='lat' dir='ltr'><strong>non</strong></span> <span class='ocrx_word' id='word_1_276' title='bbox 1355 758 1451 797; x_wconf 76' lang='lat' dir='ltr'><strong>leve,</strong></span> <span class='ocrx_word' id='word_1_277' title='bbox 1484 757 1543 790; x_wconf 86' lang='lat' dir='ltr'><strong>sed</strong></span> <span class='ocrx_word' id='word_1_278' title='bbox 1569 756 1670 798; x_wconf 84' lang='lat' dir='ltr'><strong>faci-</strong></span> 
     </span>
     <span class='ocr_line' id='line_1_55' title="bbox 1008 803 1671 847; baseline -0.002 -11"><span class='ocrx_word' id='word_1_279' title='bbox 1008 815 1071 836; x_wconf 79' lang='lat' dir='ltr'><strong>nus</strong></span> <span class='ocrx_word' id='word_1_280' title='bbox 1094 805 1236 847; x_wconf 83' lang='lat' dir='ltr'><strong>impium</strong></span> <span class='ocrx_word' id='word_1_281' title='bbox 1260 809 1294 836; x_wconf 82' lang='lat' dir='ltr'><strong>et</strong></span> <span class='ocrx_word' id='word_1_282' title='bbox 1324 804 1488 836; x_wconf 80' lang='lat' dir='ltr'><strong>iniustum</strong></span> <span class='ocrx_word' id='word_1_283' title='bbox 1520 814 1590 836; x_wconf 84' lang='lat' dir='ltr'><strong>esse</strong></span> <span class='ocrx_word' id='word_1_284' title='bbox 1614 803 1671 835; x_wconf 83' lang='lat' dir='ltr'><strong>di-</strong></span> 
     </span>
     <span class='ocr_line' id='line_1_56' title="bbox 1009 848 1670 893; baseline -0.003 -11"><span class='ocrx_word' id='word_1_285' title='bbox 1009 861 1140 888; x_wconf 75' lang='lat' dir='ltr'><strong>cemus5</strong></span> <span class='ocrx_word' id='word_1_286' title='bbox 1174 852 1261 893; x_wconf 79' lang='lat' dir='ltr'><strong>quod</strong></span> <span class='ocrx_word' id='word_1_287' title='bbox 1286 848 1342 893; x_wconf 86' lang='lat' dir='ltr'><strong>qui</strong></span> <span class='ocrx_word' id='word_1_288' title='bbox 1367 848 1468 889; x_wconf 84' lang='lat' dir='ltr'><strong>dicit,</strong></span> <span class='ocrx_word' id='word_1_289' title='bbox 1494 848 1582 881; x_wconf 87' lang='lat' dir='ltr'><strong>haud</strong></span> <span class='ocrx_word' id='word_1_290' title='bbox 1606 848 1670 880; x_wconf 88' lang='lat' dir='ltr'><strong>du-</strong></span> 
     </span>
     <span class='ocr_line' id='line_1_57' title="bbox 1007 894 1669 939; baseline -0.002 -11"><span class='ocrx_word' id='word_1_291' title='bbox 1007 895 1063 928; x_wconf 82' lang='lat' dir='ltr'><strong>bie</strong></span> <span class='ocrx_word' id='word_1_292' title='bbox 1097 895 1297 939; x_wconf 80' lang='lat' dir='ltr'><strong>gravissime</strong></span> <span class='ocrx_word' id='word_1_293' title='bbox 1331 895 1373 928; x_wconf 89' lang='lat' dir='ltr'><strong>de</strong></span> <span class='ocrx_word' id='word_1_294' title='bbox 1402 894 1556 927; x_wconf 80' lang='lat' dir='ltr'><strong>facinore</strong></span> <span class='ocrx_word' id='word_1_295' title='bbox 1587 906 1669 938; x_wconf 86' lang='lat' dir='ltr'><strong>pro-</strong></span> 
     </span>
     <span class='ocr_line' id='line_1_58' title="bbox 1007 940 1670 974; baseline 0 0"><span class='ocrx_word' id='word_1_296' title='bbox 1007 941 1138 974; x_wconf 87' lang='lat' dir='ltr'><strong>nuntiat</strong></span> <span class='ocrx_word' id='word_1_297' title='bbox 1163 944 1198 973; x_wconf 88' lang='lat' dir='ltr'><strong>et</strong></span> <span class='ocrx_word' id='word_1_298' title='bbox 1229 940 1381 974; x_wconf 90' lang='lat' dir='ltr'><strong>omnibus</strong></span> <span class='ocrx_word' id='word_1_299' title='bbox 1415 952 1455 973; x_wconf 89' lang='lat' dir='ltr'><strong>eo</strong></span> <span class='ocrx_word' id='word_1_300' title='bbox 1488 940 1670 974; x_wconf 84' lang='lat' dir='ltr'><strong>interdicit.</strong></span> 
     </span>
     <span class='ocr_line' id='line_1_59' title="bbox 1006 985 1669 1020; baseline -0.002 0"><span class='ocrx_word' id='word_1_301' title='bbox 1006 987 1077 1020; x_wconf 89' lang='lat' dir='ltr'><strong>Iam</strong></span> <span class='ocrx_word' id='word_1_302' title='bbox 1100 990 1216 1020; x_wconf 83' lang='lat' dir='ltr'><strong>nostro</strong></span> <span class='ocrx_word' id='word_1_303' title='bbox 1252 987 1325 1020; x_wconf 87' lang='lat' dir='ltr'><strong>loco</strong></span> <span class='ocrx_word' id='word_1_304' title='bbox 1360 986 1513 1019; x_wconf 82' lang='lat' dir='ltr'><strong>similiter</strong></span> <span class='ocrx_word' id='word_1_305' title='bbox 1536 985 1579 1018; x_wconf 86' lang='lat' dir='ltr'><strong>de</strong></span> <span class='ocrx_word' id='word_1_306' title='bbox 1603 985 1669 1019; x_wconf 84' lang='lat' dir='ltr'><strong>alio</strong></span> 
     </span>
     <span class='ocr_line' id='line_1_60' title="bbox 1006 1031 1671 1074; baseline -0.002 -9"><span class='ocrx_word' id='word_1_307' title='bbox 1006 1034 1158 1066; x_wconf 85' lang='lat' dir='ltr'><strong>facinore</strong></span> <span class='ocrx_word' id='word_1_308' title='bbox 1183 1032 1397 1066; x_wconf 84' lang='lat' dir='ltr'><strong>statuendum</strong></span> <span class='ocrx_word' id='word_1_309' title='bbox 1421 1033 1585 1065; x_wconf 80' lang='lat' dir='ltr'><strong>Socrates</strong></span> <span class='ocrx_word' id='word_1_310' title='bbox 1610 1031 1671 1074; x_wconf 79' lang='lat' dir='ltr'><strong>ait,</strong></span> 
     </span>
     <span class='ocr_line' id='line_1_61' title="bbox 1007 1077 1668 1122; baseline -0.002 -11"><span class='ocrx_word' id='word_1_311' title='bbox 1007 1079 1147 1122; x_wconf 84' lang='lat' dir='ltr'><strong>eiusque</strong></span> <span class='ocrx_word' id='word_1_312' title='bbox 1180 1078 1297 1111; x_wconf 88' lang='lat' dir='ltr'><strong>iudicii</strong></span> <span class='ocrx_word' id='word_1_313' title='bbox 1337 1078 1505 1111; x_wconf 85' lang='lat' dir='ltr'><strong>rationem</strong></span> <span class='ocrx_word' id='word_1_314' title='bbox 1538 1077 1668 1110; x_wconf 88' lang='lat' dir='ltr'><strong>reddit:</strong></span> 
     </span>
     <span class='ocr_line' id='line_1_62' title="bbox 1007 1124 1670 1169; baseline -0.003 -11"><span class='ocrx_word' id='word_1_315' title='bbox 1007 1126 1160 1169; x_wconf 78' lang='lat' dir='ltr'><strong>spurium</strong></span> <span class='ocrx_word' id='word_1_316' title='bbox 1185 1126 1274 1158; x_wconf 79' lang='lat' dir='ltr'><strong>enim</strong></span> <span class='ocrx_word' id='word_1_317' title='bbox 1298 1129 1332 1157; x_wconf 72' lang='grc' dir='ltr'><strong>εἰ·</strong></span> <span class='ocrx_word' id='word_1_318' title='bbox 1356 1124 1604 1167; x_wconf 82' lang='lat' dir='ltr'><strong>sponsaliorum</strong></span> <span class='ocrx_word' id='word_1_319' title='bbox 1628 1135 1670 1157; x_wconf 86' lang='lat' dir='ltr'><strong>ac</strong></span> 
     </span>
     <span class='ocr_line' id='line_1_63' title="bbox 1007 1171 1670 1213; baseline -0.002 -10"><span class='ocrx_word' id='word_1_320' title='bbox 1007 1182 1183 1204; x_wconf 81' lang='lat' dir='ltr'><strong>sacrorum</strong></span> <span class='ocrx_word' id='word_1_321' title='bbox 1208 1171 1368 1213; x_wconf 82' lang='lat' dir='ltr'><strong>beneficio</strong></span> <span class='ocrx_word' id='word_1_322' title='bbox 1402 1171 1559 1203; x_wconf 84' lang='lat' dir='ltr'><strong>orbatum</strong></span> <span class='ocrx_word' id='word_1_323' title='bbox 1585 1171 1670 1203; x_wconf 71' lang='lat' dir='ltr'><strong>civi-</strong></span> 
     </span>
     <span class='ocr_line' id='line_1_64' title="bbox 1007 1216 1668 1260; baseline -0.003 -10"><span class='ocrx_word' id='word_1_324' title='bbox 1007 1218 1078 1250; x_wconf 78' lang='lat' dir='ltr'><strong>tati</strong></span> <span class='ocrx_word' id='word_1_325' title='bbox 1100 1218 1217 1260; x_wconf 75' lang='lat' dir='ltr'><strong>filium</strong></span> <span class='ocrx_word' id='word_1_326' title='bbox 1253 1218 1295 1249; x_wconf 86' lang='lat' dir='ltr'><strong>ab</strong></span> <span class='ocrx_word' id='word_1_327' title='bbox 1330 1228 1367 1250; x_wconf 88' lang='lat' dir='ltr'><strong>eo</strong></span> <span class='ocrx_word' id='word_1_328' title='bbox 1392 1216 1542 1249; x_wconf 74' lang='lat' dir='ltr'><strong>exhiberi</strong></span> <span class='ocrx_word' id='word_1_329' title='bbox 1577 1216 1668 1248; x_wconf 80' lang='lat' dir='ltr'><strong>dice-</strong></span> 
     </span>
     <span class='ocr_line' id='line_1_65' title="bbox 1006 1261 1670 1306; baseline -0.003 -11"><span class='ocrx_word' id='word_1_330' title='bbox 1006 1274 1090 1295; x_wconf 83' lang='lat' dir='ltr'><strong>mus.</strong></span> <span class='ocrx_word' id='word_1_331' title='bbox 1139 1263 1240 1295; x_wconf 86' lang='lat' dir='ltr'><strong>Iuvat</strong></span> <span class='ocrx_word' id='word_1_332' title='bbox 1263 1262 1318 1295; x_wconf 88' lang='lat' dir='ltr'><strong>hic</strong></span> <span class='ocrx_word' id='word_1_333' title='bbox 1351 1262 1394 1295; x_wconf 87' lang='lat' dir='ltr'><strong>ad</strong></span> <span class='ocrx_word' id='word_1_334' title='bbox 1426 1261 1670 1306; x_wconf 83' lang='lat' dir='ltr'><strong>praestantiam</strong></span> 
     </span>
     <span class='ocr_line' id='line_1_66' title="bbox 1007 1306 1671 1352; baseline -0.003 -11"><span class='ocrx_word' id='word_1_335' title='bbox 1007 1307 1133 1341; x_wconf 80' lang='lat' dir='ltr'><strong>codicis</strong></span> <span class='ocrx_word' id='word_1_336' title='bbox 1167 1307 1370 1341; x_wconf 81' lang='lat' dir='ltr'><strong>Parisiensis</strong></span> <span class='ocrx_word' id='word_1_337' title='bbox 1401 1306 1499 1352; x_wconf 83' lang='lat' dir='ltr'><strong>quasi</strong></span> <span class='ocrx_word' id='word_1_338' title='bbox 1530 1306 1671 1351; x_wconf 84' lang='lat' dir='ltr'><strong>digitum</strong></span> 
     </span>
     <span class='ocr_line' id='line_1_67' title="bbox 1005 1353 1670 1397; baseline -0.002 -11"><span class='ocrx_word' id='word_1_339' title='bbox 1005 1353 1198 1395; x_wconf 70' lang='lat' dir='ltr'><strong>intendere,</strong></span> <span class='ocrx_word' id='word_1_340' title='bbox 1224 1353 1318 1387; x_wconf 85' lang='lat' dir='ltr'><strong>cuius</strong></span> <span class='ocrx_word' id='word_1_341' title='bbox 1343 1365 1363 1388; x_wconf 85' lang='lat' dir='ltr'><strong>a</strong></span> <span class='ocrx_word' id='word_1_342' title='bbox 1386 1353 1540 1397; x_wconf 84' lang='lat' dir='ltr'><strong>vestigiis</strong></span> <span class='ocrx_word' id='word_1_343' title='bbox 1568 1354 1670 1387; x_wconf 85' lang='lat' dir='ltr'><strong>aber-</strong></span> 
     </span>
     <span class='ocr_line' id='line_1_68' title="bbox 1005 1399 1669 1433; baseline 0.002 -1"><span class='ocrx_word' id='word_1_344' title='bbox 1005 1403 1120 1433; x_wconf 79' lang='lat' dir='ltr'><strong>rantes</strong></span> <span class='ocrx_word' id='word_1_345' title='bbox 1159 1400 1295 1433; x_wconf 86' lang='lat' dir='ltr'><strong>eosdem</strong></span> <span class='ocrx_word' id='word_1_346' title='bbox 1329 1399 1365 1432; x_wconf 90' lang='lat' dir='ltr'><strong>in</strong></span> <span class='ocrx_word' id='word_1_347' title='bbox 1410 1399 1528 1432; x_wconf 85' lang='lat' dir='ltr'><strong>eodem</strong></span> <span class='ocrx_word' id='word_1_348' title='bbox 1562 1400 1669 1433; x_wconf 83' lang='lat' dir='ltr'><strong>verbo</strong></span> 
     </span>
     <span class='ocr_line' id='line_1_69' title="bbox 1004 1445 1671 1491; baseline 0.001 -13"><span class='ocrx_word' id='word_1_349' title='bbox 1004 1445 1160 1479; x_wconf 84' lang='lat' dir='ltr'><strong>librarios</strong></span> <span class='ocrx_word' id='word_1_350' title='bbox 1191 1457 1296 1491; x_wconf 83' lang='lat' dir='ltr'><strong>supra</strong></span> <span class='ocrx_word' id='word_1_351' title='bbox 1319 1457 1340 1479; x_wconf 93' lang='lat' dir='ltr'><strong>a</strong></span> <span class='ocrx_word' id='word_1_352' title='bbox 1363 1457 1445 1479; x_wconf 86' lang='lat' dir='ltr'><strong>vero</strong></span> <span class='ocrx_word' id='word_1_353' title='bbox 1469 1446 1671 1479; x_wconf 86' lang='lat' dir='ltr'><strong>aberrantes</strong></span> 
     </span>
     <span class='ocr_line' id='line_1_70' title="bbox 1006 1491 1669 1536; baseline -0.002 -12"><span class='ocrx_word' id='word_1_354' title='bbox 1006 1492 1204 1532; x_wconf 85' lang='lat' dir='ltr'><strong>habuimus,</strong></span> <span class='ocrx_word' id='word_1_355' title='bbox 1238 1503 1322 1536; x_wconf 90' lang='lat' dir='ltr'><strong>quos</strong></span> <span class='ocrx_word' id='word_1_356' title='bbox 1347 1491 1409 1524; x_wconf 88' lang='lat' dir='ltr'><strong>hoc</strong></span> <span class='ocrx_word' id='word_1_357' title='bbox 1432 1491 1606 1535; x_wconf 68' lang='grc'><strong>1000011111</strong></span> <span class='ocrx_word' id='word_1_358' title='bbox 1630 1503 1669 1524; x_wconf 92' lang='lat' dir='ltr'><strong>eo</strong></span> 
     </span>
     <span class='ocr_line' id='line_1_71' title="bbox 1005 1537 1478 1572; baseline -0.002 -1"><span class='ocrx_word' id='word_1_359' title='bbox 1005 1549 1123 1572; x_wconf 82' lang='lat' dir='ltr'><strong>verum</strong></span> <span class='ocrx_word' id='word_1_360' title='bbox 1143 1538 1294 1572; x_wconf 85' lang='lat' dir='ltr'><strong>videmus</strong></span> <span class='ocrx_word' id='word_1_361' title='bbox 1317 1537 1478 1571; x_wconf 87' lang='lat' dir='ltr'><strong>tenuisse.</strong></span> 
     </span>
    </p>
   </div>
   <div class='ocr_carea' id='block_1_16' title="bbox 1005 1625 1670 1720">
    <p class='ocr_par' dir='ltr' id='par_1_16' title="bbox 1005 1625 1670 1720">
     <span class='ocr_line' id='line_1_72' title="bbox 1052 1625 1670 1674; baseline -0.002 -11"><span class='ocrx_word' id='word_1_362' title='bbox 1052 1629 1099 1674; x_wconf 82' lang='grc' dir='ltr'><strong>τῇ</strong></span> <span class='ocrx_word' id='word_1_363' title='bbox 1124 1625 1253 1673; x_wconf 85' lang='grc' dir='ltr'><em>πόλει]</em></span> <span class='ocrx_word' id='word_1_364' title='bbox 1297 1628 1365 1672; x_wconf 84' lang='grc' dir='ltr'><strong>τῆς</strong></span> <span class='ocrx_word' id='word_1_365' title='bbox 1399 1625 1562 1670; x_wconf 81' lang='grc' dir='ltr'><em>πόλεως,</em></span> <span class='ocrx_word' id='word_1_366' title='bbox 1596 1640 1670 1673; x_wconf 87' lang='lat' dir='ltr'><strong>sup.</strong></span> 
     </span>
     <span class='ocr_line' id='line_1_73' title="bbox 1005 1674 1533 1720; baseline -0.004 -10"><span class='ocrx_word' id='word_1_367' title='bbox 1005 1674 1166 1720; x_wconf 78' lang='lat' dir='ltr'><strong>vulgato,</strong></span> <span class='ocrx_word' id='word_1_368' title='bbox 1191 1676 1271 1709; x_wconf 85' lang='lat' dir='ltr'><strong>Par.</strong></span> <span class='ocrx_word' id='word_1_369' title='bbox 1296 1675 1340 1716; x_wconf 84' lang='lat' dir='ltr'><strong>K.</strong></span> <span class='ocrx_word' id='word_1_370' title='bbox 1366 1687 1431 1708; x_wconf 89' lang='lat' dir='ltr'><strong>om.</strong></span> <span class='ocrx_word' id='word_1_371' title='bbox 1456 1674 1533 1708; x_wconf 78' lang='lat' dir='ltr'><strong>Fic.</strong></span> 
     </span>
    </p>
   </div>
   <div class='ocr_carea' id='block_1_17' title="bbox 1051 1763 1670 1811">
    <p class='ocr_par' dir='ltr' id='par_1_17' title="bbox 1051 1763 1670 1811">
     <span class='ocr_line' id='line_1_74' title="bbox 1051 1763 1670 1811; baseline 0 -10"><span class='ocrx_word' id='word_1_372' title='bbox 1051 1763 1291 1811; x_wconf 79' lang='grc' dir='ltr'><em>Ὀρθότατοι]</em></span> <span class='ocrx_word' id='word_1_373' title='bbox 1334 1763 1538 1810; x_wconf 73' lang='grc' dir='ltr'><em>ὄρθιότατα</em></span> <span class='ocrx_word' id='word_1_374' title='bbox 1571 1765 1670 1802; x_wconf 87' lang='lat' dir='ltr'><strong>Vind.</strong></span> 
     </span>
    </p>
   </div>
   <div class='ocr_carea' id='block_1_18' title="bbox 1053 1877 1670 1925">
    <p class='ocr_par' dir='ltr' id='par_1_18' title="bbox 1053 1877 1670 1925">
     <span class='ocr_line' id='line_1_75' title="bbox 1053 1877 1670 1925; baseline 0.002 -11"><span class='ocrx_word' id='word_1_375' title='bbox 1053 1877 1401 1925; x_wconf 63' lang='grc' dir='ltr'><em>ε’φη-οῗφήσομεν]</em></span> <span class='ocrx_word' id='word_1_376' title='bbox 1430 1892 1496 1915; x_wconf 91' lang='lat' dir='ltr'><strong>om.</strong></span> <span class='ocrx_word' id='word_1_377' title='bbox 1520 1881 1601 1917; x_wconf 78' lang='lat' dir='ltr'><strong>Vat.</strong></span> <span class='ocrx_word' id='word_1_378' title='bbox 1627 1881 1670 1915; x_wconf 87' lang='lat' dir='ltr'><strong>B.</strong></span> 
     </span>
    </p>
   </div>
   <div class='ocr_carea' id='block_1_19' title="bbox 1003 1967 1679 2522">
    <p class='ocr_par' dir='ltr' id='par_1_19' title="bbox 1003 1967 1679 2522">
     <span class='ocr_line' id='line_1_76' title="bbox 1044 1967 1669 2015; baseline 0.002 -9.038"><span class='ocrx_word' id='word_1_379' title='bbox 1044 1967 1170 2007; x_wconf 83' lang='grc' dir='ltr'><em>Ὀταν</em></span> <span class='ocrx_word' id='word_1_380' title='bbox 1179 1991 1225 1997; x_wconf 92' lang='grc'>-</span> <span class='ocrx_word' id='word_1_381' title='bbox 1235 1968 1414 2015; x_wconf 74' lang='grc' dir='ltr'><em>ἐθέλωσι]</em></span> <span class='ocrx_word' id='word_1_382' title='bbox 1440 1971 1546 2006; x_wconf 87' lang='lat' dir='ltr'><strong>citant</strong></span> <span class='ocrx_word' id='word_1_383' title='bbox 1557 1972 1669 2007; x_wconf 84' lang='lat' dir='ltr'><strong>Euse-</strong></span> 
     </span>
     <span class='ocr_line' id='line_1_77' title="bbox 1005 2017 1670 2064; baseline 0.002 -12"><span class='ocrx_word' id='word_1_384' title='bbox 1005 2018 1081 2052; x_wconf 91' lang='lat' dir='ltr'><strong>bius</strong></span> <span class='ocrx_word' id='word_1_385' title='bbox 1111 2030 1230 2064; x_wconf 83' lang='lat' dir='ltr'><strong>praep.</strong></span> <span class='ocrx_word' id='word_1_386' title='bbox 1256 2030 1308 2052; x_wconf 87' lang='lat' dir='ltr'><strong>ev.</strong></span> <span class='ocrx_word' id='word_1_387' title='bbox 1332 2018 1373 2052; x_wconf 88' lang='lat' dir='ltr'><strong>L.</strong></span> <span class='ocrx_word' id='word_1_388' title='bbox 1399 2017 1493 2052; x_wconf 91' lang='lat' dir='ltr'><strong>XIII.</strong></span> <span class='ocrx_word' id='word_1_389' title='bbox 1556 2019 1670 2054; x_wconf 81' lang='lat'><strong>,415.</strong></span> 
     </span>
     <span class='ocr_line' id='line_1_78' title="bbox 1007 2030 1670 2108; baseline 0 -10"><span class='ocrx_word' id='word_1_390' title='bbox 1007 2067 1043 2098; x_wconf 83' lang='lat' dir='ltr'><strong>et</strong></span> <span class='ocrx_word' id='word_1_391' title='bbox 1070 2064 1307 2098; x_wconf 86' lang='lat' dir='ltr'><strong>Theodoretus</strong></span> <span class='ocrx_word' id='word_1_392' title='bbox 1329 2064 1480 2108; x_wconf 88' lang='lat' dir='ltr'><strong>Therap.</strong></span> <span class='ocrx_word' id='word_1_393' title='bbox 1500 2030 1552 2099; x_wconf 89' lang='lat' dir='ltr'><strong>Lp</strong></span> <span class='ocrx_word' id='word_1_394' title='bbox 1553 2065 1670 2100; x_wconf 89' lang='lat' dir='ltr'><strong>VIIII.</strong></span> 
     </span>
     <span class='ocr_line' id='line_1_79' title="bbox 1007 2109 1669 2164; baseline 0 -20"><span class='ocrx_word' id='word_1_395' title='bbox 1007 2122 1040 2154; x_wconf 89' lang='lat' dir='ltr'><strong>p.</strong></span> <span class='ocrx_word' id='word_1_396' title='bbox 1076 2111 1155 2144; x_wconf 82' lang='lat'><strong>941.</strong></span> <span class='ocrx_word' id='word_1_397' title='bbox 1190 2111 1254 2143; x_wconf 90' lang='lat' dir='ltr'><strong>hoc</strong></span> <span class='ocrx_word' id='word_1_398' title='bbox 1287 2109 1458 2164; x_wconf 88' lang='lat' dir='ltr'><strong>prooemio</strong></span> <span class='ocrx_word' id='word_1_399' title='bbox 1489 2121 1590 2144; x_wconf 88' lang='lat' dir='ltr'><strong>usus.</strong></span> <span class='ocrx_word' id='word_1_400' title='bbox 1622 2110 1669 2144; x_wconf 80' lang='grc' dir='ltr'><strong>τὰ</strong></span> 
     </span>
     <span class='ocr_line' id='line_1_80' title="bbox 1007 2152 1672 2210; baseline 0.003 -22"><span class='ocrx_word' id='word_1_401' title='bbox 1007 2153 1046 2189; x_wconf 77' lang='grc' dir='ltr'><strong>δὲ</strong></span> <span class='ocrx_word' id='word_1_402' title='bbox 1073 2153 1156 2210; x_wconf 79' lang='grc' dir='ltr'><em>εξῆς</em></span> <span class='ocrx_word' id='word_1_403' title='bbox 1191 2152 1238 2189; x_wconf 84' lang='grc' dir='ltr'><strong>ον’</strong></span> <span class='ocrx_word' id='word_1_404' title='bbox 1271 2153 1445 2198; x_wconf 80' lang='grc' dir='ltr'><em>γέλωτος,</em></span> <span class='ocrx_word' id='word_1_405' title='bbox 1481 2152 1574 2189; x_wconf 68' lang='grc' dir='ltr'><em>ἀλλὰ</em></span> <span class='ocrx_word' id='word_1_406' title='bbox 1608 2156 1672 2190; x_wconf 81' lang='grc' dir='ltr'><strong>καὶ</strong></span> 
     </span>
     <span class='ocr_line' id='line_1_81' title="bbox 1004 2197 1668 2245; baseline 0.003 -10"><span class='ocrx_word' id='word_1_407' title='bbox 1004 2199 1159 2245; x_wconf 80' lang='grc' dir='ltr'><em>θρήνων</em></span> <span class='ocrx_word' id='word_1_408' title='bbox 1207 2197 1295 2242; x_wconf 75' lang='grc' dir='ltr'><strong>ἄξια</strong></span> <span class='ocrx_word' id='word_1_409' title='bbox 1336 2213 1399 2235; x_wconf 81' lang='grc' dir='ltr'><strong>και</strong></span> <span class='ocrx_word' id='word_1_410' title='bbox 1446 2200 1567 2245; x_wconf 81' lang='grc' dir='ltr'><em>πυρὸς</em></span> <span class='ocrx_word' id='word_1_411' title='bbox 1599 2204 1668 2237; x_wconf 82' lang='grc' dir='ltr'><strong>τοῦ</strong></span> 
     </span>
     <span class='ocr_line' id='line_1_82' title="bbox 1005 2244 1670 2303; baseline 0.003 -22"><span class='ocrx_word' id='word_1_412' title='bbox 1005 2246 1218 2303; x_wconf 74' lang='grc' dir='ltr'><em>παγκάλους</em></span> <span class='ocrx_word' id='word_1_413' title='bbox 1239 2244 1503 2286; x_wconf 64' lang='grc' dir='ltr'><em>ἀναλίσκοντος</em></span> <span class='ocrx_word' id='word_1_414' title='bbox 1520 2246 1670 2291; x_wconf 83' lang='grc' dir='ltr'><em>νόμους.</em></span> 
     </span>
     <span class='ocr_line' id='line_1_83' title="bbox 1003 2289 1679 2338; baseline 0.003 -11"><span class='ocrx_word' id='word_1_415' title='bbox 1003 2292 1098 2337; x_wconf 80' lang='grc' dir='ltr'><em>λέγει</em></span> <span class='ocrx_word' id='word_1_416' title='bbox 1128 2291 1197 2338; x_wconf 73' lang='grc' dir='ltr'><strong>γὰρ</strong></span> <span class='ocrx_word' id='word_1_417' title='bbox 1234 2293 1372 2327; x_wconf 77' lang='grc' dir='ltr'><em>ταῦτα·</em></span> <span class='ocrx_word' id='word_1_418' title='bbox 1413 2289 1534 2327; x_wconf 76' lang='grc' dir='ltr'><em>Ότοιν</em></span> <span class='ocrx_word' id='word_1_419' title='bbox 1566 2292 1605 2328; x_wconf 78' lang='grc' dir='ltr'><strong>δὲ</strong></span> <span class='ocrx_word' id='word_1_420' title='bbox 1631 2294 1679 2329; x_wconf 79' lang='grc' dir='ltr'><strong>αἱ·</strong></span> 
     </span>
     <span class='ocr_line' id='line_1_84' title="bbox 1004 2334 1669 2383; baseline 0.002 -10"><span class='ocrx_word' id='word_1_421' title='bbox 1004 2342 1174 2383; x_wconf 76' lang='grc' dir='ltr'><em>γυναῖκες</em></span> <span class='ocrx_word' id='word_1_422' title='bbox 1208 2339 1251 2373; x_wconf 78' lang='grc' dir='ltr'><strong>οῖ’</strong></span> <span class='ocrx_word' id='word_1_423' title='bbox 1276 2350 1315 2373; x_wconf 88' lang='grc' dir='ltr'><em>τε</em></span> <span class='ocrx_word' id='word_1_424' title='bbox 1350 2334 1482 2382; x_wconf 71' lang='grc' dir='ltr'><em>ἄνδρες</em></span> <span class='ocrx_word' id='word_1_425' title='bbox 1507 2341 1577 2374; x_wconf 70' lang='grc' dir='ltr'><strong>τοῦ</strong></span> <span class='ocrx_word' id='word_1_426' title='bbox 1605 2344 1669 2376; x_wconf 91' lang='lat' dir='ltr'><strong>etc.</strong></span> 
     </span>
     <span class='ocr_line' id='line_1_85' title="bbox 1004 2386 1670 2431; baseline 0.003 -13"><span class='ocrx_word' id='word_1_427' title='bbox 1004 2398 1147 2431; x_wconf 86' lang='lat' dir='ltr'><strong>quorum</strong></span> <span class='ocrx_word' id='word_1_428' title='bbox 1171 2386 1214 2419; x_wconf 87' lang='lat' dir='ltr'><strong>ad</strong></span> <span class='ocrx_word' id='word_1_429' title='bbox 1238 2388 1390 2419; x_wconf 86' lang='lat' dir='ltr'><strong>extrema</strong></span> <span class='ocrx_word' id='word_1_430' title='bbox 1413 2386 1557 2420; x_wconf 88' lang='lat' dir='ltr'><strong>Ursinus</strong></span> <span class='ocrx_word' id='word_1_431' title='bbox 1581 2387 1670 2420; x_wconf 88' lang='lat' dir='ltr'><strong>hanc</strong></span> 
     </span>
     <span class='ocr_line' id='line_1_86' title="bbox 1003 2431 1669 2475; baseline 0.005 -10"><span class='ocrx_word' id='word_1_432' title='bbox 1003 2432 1207 2465; x_wconf 80' lang='lat' dir='ltr'><strong>varietatem</strong></span> <span class='ocrx_word' id='word_1_433' title='bbox 1231 2431 1424 2466; x_wconf 80' lang='lat' dir='ltr'><strong>adnotavit.</strong></span> <span class='ocrx_word' id='word_1_434' title='bbox 1450 2443 1528 2475; x_wconf 87' lang='grc' dir='ltr'><em>γυν.</em></span> <span class='ocrx_word' id='word_1_435' title='bbox 1552 2431 1614 2467; x_wconf 79' lang='grc' dir='ltr'><strong>καὶ</strong></span> <span class='ocrx_word' id='word_1_436' title='bbox 1632 2432 1669 2468; x_wconf 76' lang='grc' dir='ltr'><strong>οἳ</strong></span> 
     </span>
     <span class='ocr_line' id='line_1_87' title="bbox 1005 2473 1462 2522; baseline 0 -11"><span class='ocrx_word' id='word_1_437' title='bbox 1005 2473 1150 2522; x_wconf 74' lang='grc' dir='ltr'><em>ἄνδρες.</em></span> <span class='ocrx_word' id='word_1_438' title='bbox 1173 2473 1197 2522; x_wconf 82' lang='grc' dir='ltr'><em>ἢ</em></span> <span class='ocrx_word' id='word_1_439' title='bbox 1224 2473 1358 2522; x_wconf 78' lang='grc' dir='ltr'><em>ἄνδρες</em></span> <span class='ocrx_word' id='word_1_440' title='bbox 1380 2478 1462 2512; x_wconf 82' lang='grc' dir='ltr'><strong>τοῦ.</strong></span> 
     </span>
    </p>
   </div>
   <div class='ocr_carea' id='block_1_20' title="bbox 1052 2565 1524 2614">
    <p class='ocr_par' dir='ltr' id='par_1_20' title="bbox 1052 2565 1524 2614">
     <span class='ocr_line' id='line_1_88' title="bbox 1052 2565 1524 2614; baseline 0 -12"><span class='ocrx_word' id='word_1_441' title='bbox 1052 2566 1206 2614; x_wconf 71' lang='grc' dir='ltr'><em>ἐκβῶσι]</em></span> <span class='ocrx_word' id='word_1_442' title='bbox 1233 2565 1364 2614; x_wconf 75' lang='grc' dir='ltr'><em>ἐβέῶσι</em></span> <span class='ocrx_word' id='word_1_443' title='bbox 1386 2569 1465 2603; x_wconf 87' lang='lat' dir='ltr'><strong>Bas.</strong></span> <span class='ocrx_word' id='word_1_444' title='bbox 1489 2569 1524 2603; x_wconf 87' lang='lat' dir='ltr'><strong>b.</strong></span> 
     </span>
    </p>
   </div>
   <div class='ocr_carea' id='block_1_21' title="bbox 1008 2656 1670 2925">
    <p class='ocr_par' dir='ltr' id='par_1_21' title="bbox 1008 2656 1670 2925">
     <span class='ocr_line' id='line_1_89' title="bbox 1054 2656 1668 2705; baseline 0.003 -12"><span class='ocrx_word' id='word_1_445' title='bbox 1054 2656 1273 2705; x_wconf 70' lang='grc' dir='ltr'><em>ἀφήσομεν]</em></span> <span class='ocrx_word' id='word_1_446' title='bbox 1300 2657 1466 2704; x_wconf 85' lang='grc' dir='ltr'><em>φήσομεν</em></span> <span class='ocrx_word' id='word_1_447' title='bbox 1490 2660 1564 2694; x_wconf 88' lang='lat' dir='ltr'><strong>Ald.</strong></span> <span class='ocrx_word' id='word_1_448' title='bbox 1588 2661 1668 2696; x_wconf 86' lang='lat' dir='ltr'><strong>Bas.</strong></span> 
     </span>
     <span class='ocr_line' id='line_1_90' title="bbox 1008 2707 1670 2741; baseline 0 -1"><span class='ocrx_word' id='word_1_449' title='bbox 1008 2707 1063 2740; x_wconf 83' lang='lat' dir='ltr'><strong>ab.</strong></span> <span class='ocrx_word' id='word_1_450' title='bbox 1089 2709 1124 2739; x_wconf 89' lang='lat' dir='ltr'><strong>et</strong></span> <span class='ocrx_word' id='word_1_451' title='bbox 1149 2707 1280 2741; x_wconf 88' lang='lat' dir='ltr'><strong>codices</strong></span> <span class='ocrx_word' id='word_1_452' title='bbox 1305 2717 1419 2740; x_wconf 88' lang='lat' dir='ltr'><strong>omnes</strong></span> <span class='ocrx_word' id='word_1_453' title='bbox 1442 2717 1508 2739; x_wconf 90' lang='lat' dir='ltr'><strong>uno</strong></span> <span class='ocrx_word' id='word_1_454' title='bbox 1521 2707 1670 2740; x_wconf 84' lang='lat' dir='ltr'><strong>fortasse</strong></span> 
     </span>
     <span class='ocr_line' id='line_1_91' title="bbox 1008 2753 1669 2797; baseline -0.002 -10.966"><span class='ocrx_word' id='word_1_455' title='bbox 1008 2756 1150 2796; x_wconf 86' lang='lat' dir='ltr'><strong>xecepto</strong></span> <span class='ocrx_word' id='word_1_456' title='bbox 1173 2753 1268 2787; x_wconf 84' lang='lat' dir='ltr'><strong>Flor.</strong></span> <span class='ocrx_word' id='word_1_457' title='bbox 1292 2753 1337 2787; x_wconf 93' lang='lat' dir='ltr'><strong>U.</strong></span> <span class='ocrx_word' id='word_1_458' title='bbox 1373 2763 1472 2797; x_wconf 87' lang='lat' dir='ltr'><strong>quem</strong></span> <span class='ocrx_word' id='word_1_459' title='bbox 1495 2753 1669 2786; x_wconf 88' lang='lat' dir='ltr'><strong>Stallbau-</strong></span> 
     </span>
     <span class='ocr_line' id='line_1_92' title="bbox 1008 2798 1668 2844; baseline 0.003 -14"><span class='ocrx_word' id='word_1_460' title='bbox 1008 2798 1093 2831; x_wconf 89' lang='lat' dir='ltr'><strong>mius</strong></span> <span class='ocrx_word' id='word_1_461' title='bbox 1126 2798 1324 2844; x_wconf 83' lang='lat' dir='ltr'><strong>discrepare</strong></span> <span class='ocrx_word' id='word_1_462' title='bbox 1348 2809 1369 2832; x_wconf 86' lang='lat' dir='ltr'><strong>a</strong></span> <span class='ocrx_word' id='word_1_463' title='bbox 1400 2798 1574 2843; x_wconf 87' lang='lat' dir='ltr'><strong>Stephano</strong></span> <span class='ocrx_word' id='word_1_464' title='bbox 1601 2810 1668 2832; x_wconf 90' lang='lat' dir='ltr'><strong>non</strong></span> 
     </span>
     <span class='ocr_line' id='line_1_93' title="bbox 1009 2843 1668 2881; baseline 0.006 -5"><span class='ocrx_word' id='word_1_465' title='bbox 1009 2844 1167 2879; x_wconf 87' lang='lat' dir='ltr'><strong>ostendit.</strong></span> <span class='ocrx_word' id='word_1_466' title='bbox 1203 2845 1317 2878; x_wconf 84' lang='lat' dir='ltr'><strong>Etiam</strong></span> <span class='ocrx_word' id='word_1_467' title='bbox 1339 2843 1483 2877; x_wconf 90' lang='lat' dir='ltr'><strong>Ficinus</strong></span> <span class='ocrx_word' id='word_1_468' title='bbox 1508 2845 1668 2881; x_wconf 78' lang='lat' dir='ltr'><strong>dicemus,</strong></span> 
     </span>
     <span class='ocr_line' id='line_1_94' title="bbox 1009 2889 1668 2925; baseline -0.002 -1"><span class='ocrx_word' id='word_1_469' title='bbox 1009 2891 1133 2924; x_wconf 83' lang='lat' dir='ltr'><strong>Veram</strong></span> <span class='ocrx_word' id='word_1_470' title='bbox 1166 2890 1342 2925; x_wconf 85' lang='lat' dir='ltr'><strong>lectionem</strong></span> <span class='ocrx_word' id='word_1_471' title='bbox 1375 2890 1419 2925; x_wconf 91' lang='lat' dir='ltr'><strong>ab</strong></span> <span class='ocrx_word' id='word_1_472' title='bbox 1451 2889 1602 2925; x_wconf 84' lang='lat' dir='ltr'><strong>Eusebio</strong></span> <span class='ocrx_word' id='word_1_473' title='bbox 1633 2893 1668 2925; x_wconf 90' lang='lat' dir='ltr'><strong>et</strong></span> 
     </span>
    </p>
   </div>
  </div>
 </body>
</html>
