1807 3219
277 145 360 185 188

737 138 1215 186 PLATONIS

275 260 458 309 θρωπος
495 250 693 307 ἐμπεσών
733 248 834 295 οὔτε
872 252 1122 304 ξυναδικεῖν
1161 255 1327 299 ἐθέλων
1371 253 1472 298 οὔτε
1511 255 1661 308 ἱκανὸς

277 321 340 365 ὢν
369 318 429 371 εἷς
464 323 600 364 πᾶσιν
640 318 813 376 ἀγρίοις
854 317 1072 377 ἀντέχειν,
1130 325 1235 379 πρίν
1273 340 1315 367 τι
1351 322 1432 380 τὴν
1469 323 1597 368 πόλιν
1632 324 1663 381 ἢ

277 391 436 446 φίλους
467 387 651 445 ὀνῆσαι,
691 387 1055 445 προαπολόμενος
1094 389 1326 449 ἀνωφελὴς
1365 392 1486 448 αὐτῷ
1515 409 1560 436 τε
1589 393 1664 435 καὶ

275 462 369 508 τοῖς
399 454 547 507 ἄλλοις
588 456 645 498 ἀν
681 454 875 511 γένοιτο,
917 462 1057 502 ταῦτα
1094 458 1238 505 πάντα
1279 464 1474 519 λογισμῷ
1515 460 1666 517 λαβών

276 523 461 582 ἡσυχίαν
492 525 601 580 ἔχων
639 525 714 568 καὶ
752 523 805 568 τὰ
836 524 1235 583 αὑτοῦπράττων,
1281 526 1379 572 οἷον
1412 529 1458 572 ἐν
1487 533 1667 586 χειμῶνι

276 596 515 648 κονιορτοῦ
560 591 635 636 καὶ
681 591 808 649 ζάλης
847 592 935 638 ὑπὸ
983 594 1236 651 πνεύματος
1287 596 1538 653 φερομένου
1578 594 1668 640 ὑπὸ

275 664 437 718 τειχίον
470 659 685 712 ἀποστάς,
735 660 855 718 ὁρῶν
889 663 993 715 τούς
1034 663 1195 716 ἄλλους
1224 656 1668 721 καταπιμπλαμένους

280 728 467 786 ἀνομίας
506 727 677 788 ἀγαπᾷ,
730 731 867 787 ε’ί-,πη
896 731 1038 784 αὐτὸς
1074 732 1278 789 καθαρός
1308 732 1480 784 ἀδικίας
1515 749 1560 775 τε
1590 732 1668 776 καὶ

278 799 475 843 ἀνοσίων
516 797 659 854 ἔργων
699 797 779 842 τόν
816 815 861 843 τε
903 799 1064 844 ἐνθάδε
1099 802 1200 856 βίον
1239 800 1444 858 βιώσεται
1482 801 1556 845 καὶ
1585 801 1667 857 τὴν

279 865 536 940 ἀπαλλαγὴν
567 865 708 911 αὐτοῦ
737 866 843 924 μετὰ
871 872 1008 926 καλῆς
1036 868 1210 921 ἐλπίδος
1249 867 1373 921 ἵλεώς
1409 885 1454 914 τε
1493 870 1565 913 καὶ
1595 867 1666 912 εὐ-

322 969 514 1016 ἐμπεσὼν]
540 968 703 1005 ἐκπεσὼν
723 971 821 1007 Vind.
845 948 888 1006 Ε.

325 1017 400 1063 εἷς]
429 1020 510 1058 τοῖς
533 1019 614 1052 Par.
637 1017 714 1052 DK.
739 1021 797 1060 et,
829 1023 870 1052 ut
892 1018 945 1053 vi-

279 1064 392 1107 detur,
415 1065 512 1099 Flor.
521 1065 567 1099 T.
573 1075 685 1119 quem
702 1064 945 1098 Stallbaumius

279 1111 315 1144 in
338 1123 389 1156 pr.
415 1108 545 1149 ἱκανὸς
564 1106 616 1143 ὦν
638 1110 753 1144 πᾶσιν
777 1122 851 1145 cum
865 1111 944 1145 Par.

280 1157 324 1191 K.
349 1157 510 1190 exhibere
532 1156 652 1190 tradit.

326 1200 660 1247 προαπολόμενος]
709 1200 945 1247 προσαπολό-

280 1260 391 1304 μενος
414 1249 514 1282 Vind.
540 1249 614 1282 ER
638 1249 735 1282 F.lor
758 1249 831 1282 AC.

329 1292 459 1351 αυτῷ]
488 1291 549 1330 αὖ.
575 1295 662 1330 Lob.
685 1295 785 1330 Vind.
810 1295 886 1328 EF.

287 1360 289 1365 Α
327 1339 494 1386 γένοιτο,
505 1342 517 1386 ]
562 1342 604 1375 In
635 1341 836 1376 editionibus
869 1343 948 1375 ante

281 1388 476 1422 Bekkerum
501 1388 632 1432 plenius
656 1387 712 1420 hic
734 1387 948 1432 interpungi-

281 1438 350 1476 tur,
375 1435 552 1468 Bekkerus
573 1437 698 1475 autem,
721 1446 820 1478 quem
840 1433 948 1467 Stall-

281 1481 435 1514 baumius
476 1483 512 1513 et
558 1480 676 1513 Astius
718 1479 826 1513 secuti
858 1482 948 1522 sunt,

283 1526 439 1560 commati
461 1526 582 1559 lineam
606 1527 773 1568 abruptae
795 1530 950 1560 constru-

285 1573 406 1606 ctionis
430 1572 572 1605 indicem
602 1571 743 1605 addidit.
792 1572 863 1605 Sed
886 1582 949 1605 nu-

283 1619 368 1653 meri
398 1619 541 1652 mutatio
585 1618 746 1663 proximis
784 1621 855 1651 tam
896 1621 951 1651 est

285 1665 561 1705 accommodata,
597 1667 636 1697 ut
659 1664 768 1697 omnia
799 1664 949 1708 legitimo

285 1714 406 1746 tenore
429 1710 619 1764 procedere
643 1710 832 1744 videantur.

332 1755 479 1802 λαβὼν]
505 1754 684 1801 λαβόντες
707 1757 803 1792 Flor.
820 1757 862 1791 R.
887 1758 949 1790 λα-

281 1803 426 1858 βωντες
450 1804 538 1846 Aug.
560 1804 602 1837 Β.
646 1800 792 1847 λαβὼν,
824 1812 903 1847 sup.
928 1815 950 1837 a

282 1863 327 1885 ιιι.
351 1861 378 1884 s
406 1860 531 1892 οντες,
572 1849 670 1882 Vind.
695 1849 735 1882 F.
784 1848 951 1882 Similiter

282 1896 318 1930 in
342 1895 565 1950 sequentibus
591 1893 744 1938 ἔχοντες,
764 1892 948 1951 πράττον-

283 1953 364 1999 τες,
391 1938 570 1987 ὁρωντες,
597 1939 804 1998 ἀγαπωσιν
819 1945 855 1974 et
879 1938 949 1975 oni-¹

283 1988 345 2023 τοὶ
374 1987 540 2031 καθαροὶ
573 1988 667 2021 Flor.
692 1987 735 2021 R.
785 1985 948 2043 ἔχωντες,

283 2031 540 2079 πράττωντες,
577 2030 762 2078 ὁρῶντες,
796 2031 948 2088 ἀγαπῶ-

286 2091 343 2115 σιν
369 2092 446 2113 cum
469 2091 497 2113 α
517 2091 620 2137 super
642 2080 847 2124 penultima,
879 2092 947 2113 αυ-

285 2125 365 2166 τοὶς
389 2130 423 2159 et
445 2125 624 2169 καταροὶς
643 2125 827 2160 coniunctis
845 2126 948 2160 utris-

287 2186 354 2218 que
388 2173 591 2206 lectionibus
635 2173 722 2216 Ang.
757 2173 799 2206 Β.
843 2183 948 2211 οντες

285 2230 389 2264 super
420 2219 547 2252 ultimis
577 2218 833 2263 participioriun
856 2217 948 2262 ε’χων

286 2269 323 2299 et
344 2262 542 2320 πράττων,
583 2275 665 2303 ντες
696 2276 804 2320 super
830 2265 949 2298 ultima

288 2312 322 2345 in
348 2308 539 2354 ὑποστὰς,
573 2310 665 2355 (pro
690 2322 757 2355 quo
781 2307 947 2345 υποστά-

287 2367 361 2397 σεις
384 2357 419 2390 in
440 2357 471 2390 F
473 2357 532 2390 lor
546 2357 589 2390 R.
613 2356 778 2400 scriptlun
802 2369 877 2390 esse
895 2356 950 2390 di-

286 2404 392 2447 citur)
423 2414 482 2442 τες
512 2414 616 2457 super
637 2402 786 2436 ultima·
777 2415 811 2436 m
835 2399 948 2447 ὁρων,

285 2449 406 2483 πῶσιν
442 2461 545 2505 sqper
590 2445 736 2495 ἀγαπᾷ,
775 2461 811 2483 οι
845 2453 880 2483 et
913 2448 951 2483 οὶ

286 2507 391 2540 super
426 2491 545 2544 αυτὸς
577 2500 613 2528 et
643 2484 816 2539 καθαρὸς
849 2495 950 2529 Vind.

286 2542 332 2575 F.
357 2553 377 2575 a
400 2552 442 2573 m.
466 2552 493 2574 s.
517 2541 632 2582 habet,
657 2544 693 2574 et
711 2541 848 2575 Ficinus
865 2553 951 2586 quo-

287 2599 355 2632 que
387 2587 513 2631 ubique
544 2587 710 2632 pluralem
737 2587 810 2621 loco
833 2589 952 2631 singu-

286 2633 370 2668 laris
393 2632 519 2677 posuit.

336 2675 478 2722 αὑτοῦ]
514 2675 576 2713 αὖ.
609 2678 698 2714 Lob.
738 2678 840 2714 Vind.
875 2678 953 2712 EF

289 2726 364 2760 Ald.
389 2725 468 2759 Bas.
480 2725 549 2758 ·-ab.

321 2769 466 2825 ζάλης]
506 2771 647 2805 Photius
668 2771 765 2804 Pors.
791 2781 870 2814 pag.
895 2769 951 2804 44.

291 2817 385 2863 Lips.
420 2818 533 2860 ζαλη·
559 2815 696 2861 μεγάλη
724 2812 845 2850 άελλα.
873 2813 950 2850 ἀπὸ

1003 972 1074 1007 τοῦ
1104 970 1254 1029 σφόδρα
1283 969 1486 1015 ἀλίζεσθαι.
1510 971 1574 1006 καὶ
1605 970 1668 1013 ζά-

1002 1021 1163 1059 πλουτος
1185 1017 1204 1054 ὁ
1224 1017 1374 1064 σφόδρα
1391 1017 1578 1058 πλούσιος.
1590 1019 1669 1052 Πο-

1002 1065 1137 1099 λιτεία·
1163 1062 1245 1099 οἷον
1264 1063 1303 1099 ἐν
1322 1066 1480 1121 χειμῶνι
1498 1061 1576 1099 υπὸ
1604 1076 1666 1098 κο-

1001 1101 1155 1154 νιορτοῦ
1181 1110 1245 1145 καὶ
1272 1108 1382 1166 ζάλης
1408 1108 1485 1145 υπὸ
1503 1108 1666 1165 πνεύμα-

1001 1169 1066 1196 τος
1097 1155 1306 1201 φερομένου
1329 1155 1566 1201 υποτείχιον
1571 1168 1665 1190 υπο-

1001 1200 1105 1242 στάς.
1153 1204 1283 1237 Eadem
1305 1204 1381 1237 fere
1416 1203 1541 1237 Suides
1562 1196 1668 1236 habet

1003 1249 1039 1282 in
1064 1248 1172 1292 ζάλη,
1213 1261 1309 1304 quae
1331 1248 1367 1283 in
1397 1250 1451 1282 ed.
1488 1247 1594 1283 Basil.
1617 1249 1668 1282 ita

1003 1296 1239 1352 εοιίΡὺαειιιιτ·
1257 1293 1390 1351 Ζάλην;
1408 1292 1569 1338 μεγάλην
1583 1291 1666 1328 ἅλα.

1007 1338 1083 1375 ἀπὸ
1112 1341 1181 1375 του
1206 1339 1356 1396 σφόδρα
1378 1338 1581 1383 ἁλίζεσθαι.
1604 1340 1669 1374 καὶ

1005 1384 1231 1430 ζάπλουτος,
1260 1384 1280 1421 ὁ
1302 1385 1452 1436 σφόδρα
1477 1385 1670 1426 πλούσιος.

1004 1431 1157 1466 πλάτων
1173 1433 1350 1480 πολιτείᾳ.
1371 1437 1452 1467 οἱον
1470 1431 1508 1466 ἐν
1519 1433 1671 1490 χειμῶνι

1006 1476 1084 1513 ἀπὸ
1089 1490 1328 1534 κονιορτου,
1361 1479 1424 1513 καὶ
1453 1477 1563 1535 ζάλης
1590 1475 1668 1522 υπὸ

1004 1523 1217 1580 πνεύματος
1232 1523 1438 1569 φερομένου
1459 1522 1536 1560 υπὸ
1561 1525 1672 1568 τειχει

1004 1568 1182 1611 ὑποστάς.
1208 1572 1360 1615 Longius
1383 1584 1404 1606 a
1427 1572 1553 1605 nostris
1577 1571 1672 1606 codi-

1005 1617 1103 1651 cibus
1128 1623 1163 1651 et
1187 1629 1208 1651 a
1238 1618 1385 1651 veritate
1409 1617 1553 1651 discedit
1575 1618 1671 1652 The-

1005 1664 1138 1697 mistius
1162 1675 1212 1700 or.
1236 1664 1332 1699 VIII.
1356 1676 1391 1708 p.
1413 1664 1488 1698 104.
1510 1664 1549 1697 C.
1583 1664 1672 1697 hunc

1006 1710 1118 1743 locum
1141 1709 1192 1743 ita
1214 1710 1376 1747 laudans·
1402 1705 1525 1765 ὥσπερ
1550 1705 1588 1742 ἓν
1611 1707 1670 1750 ζά-

1005 1757 1049 1811 λῃ
1068 1756 1297 1811 κονιορτοῦ,
1324 1755 1436 1800 φησὶν
1455 1768 1489 1790 ο
1497 1753 1670 1811 Πλάτων,

1004 1799 1081 1836 ’ὑπὸ
1101 1800 1312 1858 πνεύματος
1331 1800 1537 1846 φερομένου
1553 1799 1669 1856 ὁρῶν-

1005 1860 1065 1887 τες
1089 1860 1181 1887 τους
1209 1844 1342 1887 άλλονς
1366 1845 1667 1905 καταπιμπλαμέ-

1004 1906 1093 1933 νους
1114 1892 1263 1934 ἀδικίας
1288 1906 1327 1928 τε
1348 1894 1411 1928 καὶ
1439 1891 1591 1950 ἀνόμων
1613 1892 1669 1938 ε’ρ-

1004 1953 1079 1995 γων
1103 1937 1216 1975 αυτοὶ
1245 1938 1397 1980 στάντες
1425 1937 1502 1975 υπὸ
1532 1940 1670 1984 τειχίου

1004 1985 1050 2021 τό
1077 1998 1117 2030 γε
1143 1985 1192 2031 μὴ
1222 1984 1269 2020 τοὶ
1294 1984 1393 2020 αὐτὰ
1422 1988 1564 2020 παθεῖν
1588 1988 1669 2025 τοῖς

1003 2035 1153 2072 πολλοῖς
1173 2030 1303 2077 κέρδος
1326 2030 1539 2077 ηγήσονται.
1576 2032 1670 2066 Lon-

1004 2079 1143 2122 gissime
1171 2091 1255 2113 vero
1279 2078 1448 2112 Maximus
1471 2079 1558 2122 Tyr.
1583 2078 1666 2114 diss.

1004 2126 1045 2158 V.
1071 2137 1104 2169 p.
1129 2125 1185 2160 34.
1221 2125 1341 2169 Steph.
1377 2125 1500 2168 (XXI.
1526 2136 1559 2168 p
1586 2125 1666 2158 416.

1004 2171 1119 2215 Lips.)
1153 2170 1465 2226 συνυποσταλεὶς,
1497 2169 1610 2227 φησὶν
1643 2183 1663 2204 ο

1005 2215 1230 2272 Σωκράτης,
1256 2214 1332 2251 υπὸ
1355 2215 1397 2251 τὸ
1417 2217 1552 2272 τειχίον
1578 2228 1669 2255 τους

1006 2259 1141 2302 ἀλλους
1171 2260 1248 2307 ὁρω
1279 2260 1370 2308 ζάλῃ
1395 2262 1459 2297 καὶ
1483 2260 1668 2312 ἀμηχανίᾳ

1004 2307 1249 2352 κυκωμένους.
1295 2309 1437 2343 Ficinus
1468 2309 1554 2342 haec
1587 2307 1669 2342 οἷον

1006 2376 1050 2381 -
1070 2353 1280 2400 φερομένου
1297 2366 1418 2400 parum
1438 2358 1597 2389 accurate
1615 2354 1668 2388 in-

1005 2405 1217 2447 teipretatus
1241 2405 1315 2435 est:
1351 2414 1393 2435 ac
1412 2403 1505 2435 velut
1528 2403 1563 2435 in
1582 2412 1669 2446 pro-

1007 2450 1113 2490 cella,
1156 2449 1238 2481 dum
1264 2453 1299 2483 ct
1324 2452 1381 2481 tuo
1383 2449 1422 2481 bo
1441 2448 1605 2492 agitatur
1633 2451 1668 2481 et

1005 2495 1101 2529 venti
1126 2497 1282 2539 perflant
1308 2499 1343 2528 et
1373 2494 1565 2537 offunditur
1587 2493 1668 2536 pul-

1006 2552 1086 2575 vere
1120 2542 1258 2573 coelum.
1319 2536 1410 2593 ζάλη
1442 2539 1499 2572 hic
1528 2539 1669 2572 imbrem

1006 2586 1178 2642 significat
1207 2588 1311 2619 vento
1347 2585 1533 2629 agitatum,
1576 2581 1667 2627 μετὰ

1008 2628 1154 2676 ὄμβρου
1175 2630 1320 2675 πνοὴν,
1346 2637 1386 2664 ut
1409 2634 1463 2665 est
1485 2630 1575 2675 apud
1597 2630 1669 2663 He-

1007 2679 1161 2722 sychium
1175 2703 1185 2720 ,
1220 2678 1316 2710 cuius
1347 2676 1457 2722 prima
1480 2676 1670 2731 explicatio,

1009 2721 1197 2780 συστροφὴ
1231 2720 1377 2766 ἀνέμων
1401 2720 1568 2767 μεγάλων
1591 2723 1670 2766 (με-

1009 2767 1101 2814 γάλη
1130 2767 1241 2803 ἄελλα
1276 2769 1416 2813 Photii)
1452 2769 1494 2802 ad
1527 2768 1672 2802 alterum

1010 2816 1160 2851 Platonis
1185 2815 1294 2851 locum
1328 2815 1417 2850 Tim.
1441 2826 1521 2860 pag.
1547 2813 1603 2851 43.
1629 2814 1670 2848 C.
