1807 3219
313 147 396 186 162

759 141 1233 185 PLATONIS

252 258 285 299 C
314 255 495 299 ναντίον
525 257 691 310 μισεῖνς
740 257 926 307 Μισεῖν,
959 254 1053 311 ἔφη.
1107 251 1378 310 Ἡγουμὲνης
1407 251 1462 310 δὴ
1491 251 1698 310 ἀληθείας

311 322 395 368 οὐκ
424 321 481 367 ἄν
509 338 637 375 ποτε,
667 320 815 379 οἶμαι,
847 327 1010 378 φαῖμεν
1039 320 1151 378 αὐτῇ
1179 321 1316 379 χορὸν
1338 326 1486 366 κακῶν
1508 322 1697 373 ἀκολου-

311 395 459 448 θῆσαι.

310 459 386 503 καὶ
425 458 724 515 σωφροσύνην
763 459 955 503 ἕπεσθαι.

519 394 626 442 Πῶς
653 390 760 446 γάρς
803 388 919 434 Ἀλλ’
951 390 1072 447 ’ὑγιές
1106 407 1152 434 τε
1181 391 1256 434 καὶ
1295 392 1467 435 δίκαιον
1494 385 1630 448 ἦθος,
1661 387 1698 451 ᾦ

1008 457 1202 513 Ὀρθῶς,
1247 459 1344 516 ἔφη.
1402 459 1490 502 Καὶ
1528 458 1582 515 δὴ
1623 458 1702 504 τὸν

312 526 448 573 ἄλλον
485 531 562 584 τῆς
606 527 861 584 φιλοσόφου
900 525 1076 583 φύσεως
1118 528 1254 583 χορὸν
1292 530 1334 571 τί
1381 528 1450 570 δεῖ
1483 526 1615 571 πάλιν
1657 526 1702 580 ἐξ

311 595 447 652 ἀρχῆς
489 594 790 651 ἀναγκάζοντα
836 595 1005 639 τάττειν
1015 613 1032 645 ,·
1091 596 1307 653 μέμνησαι
1346 595 1430 653 γάρ
1468 610 1582 646 που,
1632 594 1702 638 ὅτι

309 663 466 721 ξυνέβη
496 668 723 720 προσῆκον
750 661 924 717 τούτοις
953 664 1136 719 ἀνδρία,
1164 663 1534 721 μεγαλοπρέπεια,
1565 661 1700 719 εὐμά-

251 842 282 884 C
359 834 519 889 Μισεῖν]
548 847 612 869 om.
638 834 740 868 Vind.
763 834 806 868 F.
829 834 914 879 Ang.
934 834 973 868 Β.

357 876 583 924 Ἡγουμενης
600 901 648 906 -
681 879 772 915 ακολ
775 881 952 925 ουθῆσαι.
962 882 974 924 ]

308 927 483 971 excerpsit
536 928 708 962 stobaeus
762 939 863 960 serm.

309 984 342 1018 p
355 1017 425 1062 δὴ]
451 1015 490 1052 δὲ
516 1018 614 1053 Vind.
639 1018 682 1052 E.
708 1019 805 1052 Stob.
833 1018 906 1052 cod.
932 1020 972 1052 A.

308 1064 363 1100 ed.
388 1065 500 1099 Gaisf.
525 1062 566 1099 δὲ
581 1065 648 1109 τῆς
676 1066 774 1099 Stob.
799 1066 907 1098 Gesn.
932 1063 973 1098 ὁὲ

306 1109 371 1145 καὶ
395 1110 514 1145 Trinc.

306 1158 464 1237 Μποτε]
491 1153 573 1190 ποτ’
596 1155 684 1190 Lob.
708 1156 808 1191 vind.
827 1157 869 1191 B.
895 1156 972 1190 Vat.

354 1243 478 1291 οἶμαι]
512 1243 592 1290 οἶμε
615 1246 710 1280 Μοιι.
735 1247 775 1281 Β.
802 1258 823 1279 a
852 1259 898 1281 m.
922 1258 975 1292 pr.

354 1294 516 1349 φαῖμεν]
546 1305 668 1337 φαμεν
696 1293 796 1327 Vind.
810 1294 850 1328 F.
876 1294 974 1327 Stob.

350 1338 488 1384 χορὸν]
519 1339 644 1383 χορῶν
676 1339 779 1373 vind.
813 1340 858 1374 E.
894 1346 975 1374 ante

308 1397 396 1422 corr.

355 1429 642 1475 ἀκολουθῆσαι]
700 1429 976 1477 ἀκολουθήσειν

308 1477 402 1512 Μοιι.
427 1477 585 1511 B.F10r.
611 1477 656 1511 U.

355 1524 445 1563 Πῶς
469 1520 563 1566 »γάρς
576 1523 588 1567 ]
626 1548 649 1565 ,,
640 1523 710 1564 ,Ab
743 1522 863 1557 eadem
895 1535 976 1568 per-

307 1582 392 1606 sona
414 1571 563 1604 fortasse
582 1569 770 1603 continuari
793 1570 879 1603 haec
894 1580 976 1614 pos-

308 1621 386 1651 sent
425 1626 509 1654 πως
538 1613 639 1659 γάρς
681 1611 764 1649 ἀλλ’
795 1612 898 1659 υγιές
936 1626 976 1650 τε

308 1668 375 1697 etc
379 1665 402 1681 “
427 1661 550 1707 Steph.
576 1661 654 1695 adn.
677 1673 710 1706 p.
726 1663 783 1699 22
806 1662 976 1704 Possent3

309 1710 370 1744 sed
393 1707 507 1753 paullo
531 1712 645 1742 tamen
664 1707 792 1743 maiore
810 1719 885 1741 cum
903 1707 975 1742 ani-

307 1755 352 1788 mi
369 1758 473 1796 motu,
497 1765 597 1799 quam
622 1753 681 1799 qui
705 1754 783 1788 huic
800 1754 876 1788 loco
895 1766 974 1788 con-

307 1801 452 1836 veniret.

356 1846 522 1889 δίκαιον]
573 1842 724 1888 μέτριον
765 1858 840 1879 cum
873 1846 974 1879 editis

310 1897 390 1927 ante
412 1892 606 1927 Bekkerum
630 1903 715 1925 unus
740 1893 825 1926 Ven.
849 1893 890 1926 B.
915 1893 973 1937 qui

309 1947 422 1973 tamen
447 1937 594 1971 δίκαιον
617 1949 679 1982 pro
709 1938 805 1972 varia
829 1938 974 1976 lectione

310 1984 520 2028 adscriptum
543 1984 658 2025 habet,
683 1985 773 2029 quod
797 1984 896 2029 plane
913 1996 972 2017 ne-

309 2030 492 2066 cessarium
527 2035 600 2070 est,
648 2042 690 2063 ne
721 2042 789 2064 una
829 2031 974 2063 omnium

310 2076 604 2122 praestantissima
627 2075 757 2109 iustitia
775 2076 897 2110 omissa
916 2076 973 2117 sit,

310 2135 395 2158 neve
439 2122 666 2167 temperantia
702 2122 976 2163 moderationem,

311 2181 332 2202 a.
355 2180 422 2213 qua
446 2180 511 2201 non
536 2168 673 2208 differt,
708 2168 805 2213 sequi
830 2168 973 2202 dicatur.

311 2214 414 2255 Quod
449 2219 561 2249 autem
595 2226 700 2258 supra
724 2226 801 2259 pag.
825 2214 905 2249 485.
929 2214 973 2248 E.

311 2261 432 2294 eadem,
453 2260 636 2296 secundum
658 2261 749 2294 inter
772 2261 918 2294 virtutes
941 2265 976 2293 et

309 2306 497 2352 proximum
520 2319 540 2340 a
562 2306 717 2339 veritatis
736 2318 850 2340 amore
864 2307 976 2339 locum

311 2352 467 2394 obtinet,
490 2352 619 2385 iustitia
644 2357 722 2397 post
745 2352 976 2386 fortitudinem

310 2398 442 2431 demum
467 2405 764 2441 comme-noratur,
789 2410 853 2444 qua
879 2398 913 2431 in
936 2410 974 2431 re

312 2444 565 2478 Stalibaumius
605 2444 775 2485 offendit,
823 2444 974 2478 additum

310 2502 357 2534 νγ
361 2502 411 2529 ιες
429 2490 528 2523 docet
552 2491 729 2524 Socratem
752 2490 807 2524 hic
832 2492 974 2524 alteram

311 2536 409 2581 quasi
443 2536 568 2570 faciem
610 2536 771 2571 veritatis
803 2536 974 2580 respicere

311 2582 453 2626 eiusque
499 2594 648 2616 amorem
701 2594 776 2616 eum
831 2582 975 2626 intelligi

312 2628 420 2669 velle,
465 2628 524 2673 qui
556 2639 627 2662 ιιοιι
654 2629 778 2670 rebus,
815 2633 853 2661 ut
886 2635 975 2670 suut,

313 2674 580 2718 cognoscendis,
601 2674 662 2708 sed
680 2675 844 2709 dictorum
867 2676 975 2709 facto-

314 2731 455 2765 rumque
480 2720 691 2754 constantiae
713 2732 734 2754 a
757 2721 833 2754 dolo
858 2726 894 2754 et
911 2721 977 2754 fal-

315 2765 404 2800 lacia
434 2766 630 2800 abhorrenti
666 2767 814 2801 studeat.
873 2767 972 2801 Conf.

319 2812 402 2857 Leg.
428 2812 457 2846 Ι.
492 2824 525 2857 p.
550 2814 630 2848 630.
663 2814 712 2846 B:
745 2810 876 2852 πιστὸς
907 2810 975 2855 μὲν

1031 847 1103 891 γαρ
1134 833 1197 869 καὶ
1224 831 1334 878 νγιὴς
1360 832 1401 868 ἐν
1434 832 1605 869 στάσεσιν
1632 831 1701 868 οὐκ

1032 878 1080 915 ἄν
1099 893 1189 915 ποτε
1213 879 1357 925 γένοιτο
1386 876 1477 914 ἄνευ
1506 879 1697 924 ξυμπάσης

911 927 974 962 XI.
1032 925 1177 971 ἀρετῆς.

1077 974 1156 1015 δεῖ]
1185 971 1231 1017 δὴ
1256 974 1337 1007 Bas.
1361 972 1395 1005 b.

1076 1017 1113 1060 ἐξ
1132 1017 1268 1063 ἀρχῆς]
1306 1015 1460 1061 ἐξαρχῆς
1483 1017 1570 1052 Lob.
1594 1017 1695 1052 vind.

1030 1065 1070 1100 B.
1096 1067 1174 1098 Par.
1199 1066 1243 1098 Κ.
1269 1077 1334 1098 sec.
1363 1065 1440 1108 Bip.

1077 1107 1357 1154 ἅναγκάζοντα]
1382 1110 1437 1143 Ita
1462 1121 1576 1143 omnes
1600 1109 1696 1143 codi-

1031 1169 1088 1191 ces
1112 1164 1253 1202 praeter
1277 1157 1363 1191 V.en
1388 1156 1426 1191 B.
1451 1156 1507 1200 qui
1534 1152 1694 1199 ἀναλαμ-

1031 1201 1200 1248 βάνοντα
1222 1215 1297 1237 cum
1320 1202 1422 1236 editis
1442 1202 1556 1235 habet.
1581 1202 1697 1236 Etiam

1029 1249 1172 1283 Ficinus
1190 1261 1252 1294 pro
1277 1250 1341 1283 hoc
1365 1252 1401 1281 et
1423 1253 1587 1293 sequente
1609 1246 1695 1282 τάτ-

1030 1307 1107 1329 τειν
1134 1307 1235 1329 ιιιιιιιιι
1259 1307 1432 1329 recensere
1455 1305 1583 1347 ponens
1602 1295 1697 1329 vide-

1030 1346 1087 1375 tur
1122 1338 1382 1385 ἀναγκάζοντα
1414 1340 1547 1385 potius,
1596 1352 1699 1385 quam

1033 1385 1347 1440 ἄναΞαμβι-ἱνοντα
1389 1386 1517 1430 legisse
1560 1389 1595 1420 et
1630 1398 1699 1420 non

1031 1435 1243 1476 reddidisse,
1275 1433 1358 1478 quia
1389 1445 1455 1466 non
1478 1432 1701 1476 intelligeret.

1032 1480 1124 1523 Ego
1133 1491 1216 1514 vero
1240 1491 1309 1513 non
1331 1479 1504 1521 intelligo,
1539 1479 1620 1523 quid
1644 1490 1701 1512 re-

1033 1527 1202 1560 centiores
1227 1538 1248 1560 a
1268 1525 1421 1559 codicum
1441 1523 1586 1557 lectione
1610 1525 1701 1559 reci-

1031 1571 1156 1617 pienda
1181 1571 1417 1606 absterruerit.
1443 1571 1556 1611 Quum
1581 1571 1614 1604 in
1642 1582 1700 1605 su-

1032 1618 1225 1662 perioribus
1244 1619 1407 1652 Socrates
1428 1616 1506 1650 inde
1530 1628 1592 1661 ap
1596 1616 1700 1653 .485.

1031 1665 1073 1698 B.
1098 1665 1234 1706 omnia,
1269 1663 1390 1709 quibus
1414 1662 1560 1695 indolem
1569 1628 1700 1707 pphilo-

1032 1711 1171 1755 sepham
1195 1714 1441 1750 exornaverat,
1466 1709 1556 1742 bona
1578 1720 1696 1745 neces-

1032 1757 1122 1790 sario
1163 1768 1205 1790 ex
1242 1757 1318 1801 ipso
1351 1754 1542 1800 sapientiae
1585 1766 1700 1789 amore

1030 1803 1192 1848 deinceps
1216 1802 1376 1847 progiedi
1407 1805 1442 1834 et
1472 1801 1622 1834 naturali
1644 1800 1698 1833 in-

1030 1853 1084 1882 ter
1108 1861 1145 1882 se
1168 1849 1301 1882 vinculo
1320 1847 1484 1881 contineri
1503 1844 1696 1890 probasset,

1028 1895 1078 1928 ita
1101 1898 1140 1927 ut
1171 1895 1275 1928 etiam
1306 1892 1514 1934 adver-sadi,
1552 1904 1693 1938 quorum

1030 1940 1154 1974 deinde
1183 1941 1384 1975 Adimantus
1423 1942 1540 1983 partes
1578 1951 1694 1973 susce-

1030 1993 1159 2031 perat,
1206 1986 1467 2031 unumquodque
1507 1985 1696 2019 concedere

1031 2037 1257 2087 cogerentur,
1289 2043 1459 2087 quumque
1482 2031 1516 2064 in
1540 2031 1693 2076 proximo

1031 2078 1146 2111 veihis
1173 2075 1258 2112 ἀλλ’
1276 2076 1378 2122 υγιές
1399 2089 1437 2111 τε
1457 2083 1523 2111 etc.
1550 2077 1693 2110 alteram

1031 2136 1167 2169 quoque
1190 2125 1279 2157 viam
1302 2125 1345 2158 ad
1372 2123 1460 2156 idem
1484 2122 1694 2168 probandum

1032 2174 1151 2214 patere
1190 2170 1375 2211 innuisset,
1416 2181 1502 2203 nunc
1535 2169 1694 2202 iteratam

1033 2216 1108 2249 eius
1132 2215 1182 2249 rei
1211 2216 1452 2259 expositionem
1487 2226 1694 2268 supervaca-

1031 2273 1129 2295 neam
1153 2262 1306 2295 dicturus
1332 2263 1414 2307 quid
1439 2273 1522 2305 opus
1545 2266 1615 2302 est,
1639 2260 1693 2294 in·-

1031 2307 1129 2353 quit,
1152 2309 1318 2352 reliquum
1342 2308 1570 2352 philosophae
1588 2311 1694 2341 natu-

1031 2366 1094 2387 rae
1122 2360 1400 2388 ornamentorum
1428 2365 1555 2398 agmen
1583 2354 1693 2386 denuo

1033 2412 1107 2433 cum
1147 2401 1363 2434 necessitatis
1401 2400 1694 2441 demonstratione

1030 2446 1224 2483 ordinare?
1269 2443 1486 2489 ἀναγκάζειν
1518 2450 1556 2478 et
1584 2443 1691 2486 homi-

1029 2503 1106 2525 nem
1129 2498 1166 2525 et
1187 2504 1392 2532 sermonem,
1424 2491 1482 2535 qui
1513 2501 1692 2534 argumen-

1030 2538 1073 2571 tis
1106 2538 1220 2571 vincat
1251 2538 1550 2581 assensionemque
1593 2535 1694 2581 quasi

1031 2590 1222 2628 expugnet,
1271 2585 1356 2618 satis
1395 2585 1595 2628 frequenter
1626 2581 1693 2617 dici

1031 2629 1120 2663 inter
1150 2642 1264 2664 omnes
1296 2633 1440 2664 constat.
1497 2628 1622 2673 Neque
1655 2628 1690 2661 in

1031 2677 1095 2710 hoc
1128 2676 1370 2711 sententiarum
1411 2686 1500 2710 nexu
1541 2680 1579 2709 et
1614 2678 1694 2726 post

1029 2722 1110 2764 illa,
1132 2734 1222 2767 quae
1244 2723 1444 2757 Adimantus
1476 2733 1509 2766 p.
1535 2719 1692 2755 487.d·1-

1030 2772 1150 2808 xerat,
1181 2769 1393 2803 metuendum
1425 2772 1517 2809 erat,
1550 2778 1594 2800 ne
1616 2765 1692 2811 quis

1029 2811 1287 2858 ἀναγκάζοντα
1319 2815 1363 2849 ad
1393 2810 1508 2858 χορὸν
1539 2812 1692 2847 referen-
