1807 3219
466 151 807 197 CIVITAS
851 151 975 195 LIB.
1006 152 1060 195 V.
1089 153 1158 194 469

1464 160 1521 200 89

130 266 264 307 ποῖον
281 261 337 321 δή
349 281 361 315 3
392 266 583 320 Πρῶτον
596 263 674 322 μὲν
697 263 1062 321 ἀνδραποδισμοῦ
1083 264 1184 319 πέρι
1208 265 1331 309 δοκεῖ
1347 265 1523 311 δίκαιον

120 330 331 389 Ἕλληνας
353 328 605 390 Ἑλληνίδας
627 331 776 384 πόλεις
796 333 1210 388 ἀνδραποδίζεσθαι,
1243 333 1273 390 ἢ
1291 333 1388 392 μηδ’
1411 335 1521 394 ἄλλῃ

129 400 373 457 ἐπιτρέπειν
401 401 512 445 κατὰ
540 401 590 445 τό
623 401 816 448 δυνατὸν
847 403 922 446 καὶ
951 406 1084 446 τοῦτο
1117 401 1290 455 ἐθίζειν,
1319 408 1401 448 τοῦ
1428 403 1522 448 Ἑλ-

129 467 316 525 ληνικοῦ
343 469 500 526 γένους
529 472 781 527 φείδεσθαι,
823 470 1180 528 εὐλαβουμένους
1207 470 1288 528 τὴν
1314 471 1403 517 ὑπὸ
1434 478 1522 518 τῶν
1553 483 1586 526 C,

130 538 370 594 βαρβάρων
399 539 626 590 δουλείανς
659 539 778 598 Ὅλῳ
807 540 882 584 καὶ
911 540 1073 593 παντὶ,
1104 540 1210 597 ἔφη,
1242 542 1442 598 διαφέρει
1470 542 1522 587 τὸ

128 608 373 662 φείδεσθαι.
431 605 560 663 Μηδὲ
591 605 785 665 ’Ἕλληνα
816 606 912 663 ἄρα
958 610 1126 653 δοῦλον
1168 609 1384 667 ἐκτῆσθαι
1413 611 1522 668 μήτε

128 672 293 726 αὐτούς
337 678 431 727 τοῖς
474 691 520 719 τε
563 673 712 728 ἄλλοις
753 676 966 734 ’,Έλλησιν
1010 677 1128 721 οὕτω
1182 678 1498 735 ξυμβουλεύειν
1508 699 1521 732 ;

129 741 371 798 Πάνυμὲν
399 737 508 797 οὖν,
538 743 642 802 ἔφη·
672 745 840 802 μᾶλλόν
865 745 902 802 γ’
934 745 990 789 ἂν
1019 740 1103 790 οὖν
1134 747 1250 791 οὕτω
1279 749 1391 806 πρὸς
1418 750 1524 802 τοὺς

129 809 386 868 βαρβάρους
421 812 684 870 τρέποιντο,
735 813 907 860 ἑαυτῶν
947 811 993 860 δ’
1033 812 1278 873 ἀπέχοιντο.

130 981 211 1018 Par.
233 982 278 1019 K.
311 983 404 1020 Mon.
435 977 479 1022 B.
511 986 607 1023 Flor.
632 987 678 1025 U.

129 1032 211 1064 ante
234 1030 323 1065 Astii
345 1043 413 1067 sec.
439 1045 504 1068 om.
528 1033 661 1069 Theod.

177 1093 282 1145 ὅταν]
304 1099 367 1134 καὶ
383 1096 475 1135 ὅταν
496 1102 591 1137 Flor.
603 1104 648 1138 T.
658 1103 792 1139 Theod.

131 1143 186 1187 (in
215 1157 283 1191 quo
314 1147 519 1192 Sylburgius
562 1148 626 1183 καὶ
659 1150 792 1184 uncinis

127 1190 285 1236 inclusit)
317 1193 436 1228 Astius
468 1194 504 1228 in
535 1206 603 1229 sec.
627 1199 663 1230 et
687 1196 793 1231 Stall-

127 1237 295 1272 baumius.

173 1296 249 1318 τινι
267 1279 387 1331 ἄλλῳ]
414 1281 526 1332 ἑτέρῳ
547 1285 621 1321 τινὶ
639 1286 724 1333 Cyr.

711 987 794 1024 editi

174 1350 405 1399 τελευτήσῃ]
454 1353 663 1401 τελευτήσει
708 1356 794 1392 Lob.

127 1397 223 1432 Flor.
250 1399 295 1433 T.
323 1400 396 1435 Ald.
419 1401 500 1436 Bas.
526 1403 581 1437 ab.

174 1440 243 1490 ἂν]
271 1458 335 1480 om.
361 1445 448 1482 Lob.
473 1448 574 1484 Vind.
597 1449 640 1484 B.

173 1514 354 1558 κρνθῶσις
363 1515 377 1560 ]
414 1517 592 1561 κρυθεῖεν.
625 1518 726 1555 Vind.
751 1519 794 1554 B.

127 1560 796 1616 κρνθωσιν;ΒεῙ(1(ει·υ5.κρυθωσι.

127 1607 260 1652 priores
293 1610 329 1641 et
352 1610 470 1643 Astius
501 1610 537 1645 in
569 1614 650 1645 tert.
675 1615 795 1647 contra

128 1656 232 1699 atque
256 1653 391 1689 Glauco
414 1657 612 1702 respondet.

178 1721 226 1756 Τί
245 1719 308 1757 δέ·
297 1723 330 1768 ,]
361 1723 408 1758 Τί
424 1723 510 1766 δαί;
534 1726 614 1761 Par.
636 1727 676 1762 A.
702 1727 796 1762 Bek-

127 1767 243 1802 kerus.
293 1769 349 1804 Cf.
373 1771 449 1805 Vol.
474 1771 504 1805 Ι.
538 1784 618 1817 pag.
645 1774 737 1816 155,
761 1775 794 1808 b.

132 1813 180 1848 Τί
206 1811 247 1849 δὲ
271 1826 346 1850 cum
380 1820 546 1852 commate
577 1822 658 1865 post
688 1821 795 1854 πολε-

127 1859 235 1904 μίους
259 1862 334 1897 Ald.
358 1863 439 1898 Bas.
463 1864 518 1899 ab.

176 1926 284 1975 πέρι]
332 1931 445 1977 Vulgo
482 1943 610 1969 comma
643 1934 796 1969 additum

130 1978 185 2009 est
218 1976 278 2020 (in
302 1977 377 2011 Ald.
402 1981 590 2025 punctum)
628 1981 719 2026 quod
752 1981 797 2015 ad

130 2021 413 2069 perspicuitatem
447 2037 514 2060 non
545 2026 687 2069 inutile,
736 2027 798 2061 sed

130 2069 354 2122 gramlnatica
362 2071 496 2106 ratione
508 2053 709 2107 destitutuin
722 2084 798 2108 cum

131 2114 228 2149 Astio
252 2115 288 2149 in
311 2127 364 2162 pr.
390 2122 426 2152 et
449 2130 519 2154 sec.
544 2119 598 2155 ed.
623 2119 756 2154 sustuli.

180 2178 292 2229 ἄλλῃ]
328 2185 385 2220 Ita
416 2186 495 2223 Par.
521 2188 560 2223 A.
592 2189 695 2223 Vind.
722 2189 798 2224 EF.

132 2230 219 2265 Ven.
244 2230 285 2263 C.
308 2231 390 2267 Par.
413 2233 455 2268 D.
481 2234 574 2269 Mon.
589 2235 630 2270 B.
654 2236 736 2270 Vat.
754 2235 798 2269 H.

132 2275 229 2310 Flor.
254 2276 393 2313 ACUV.
419 2275 509 2324 ’ἄλλη
511 2292 532 2314 ν
556 2282 633 2315 Par.
659 2281 703 2316 Κ.
730 2277 795 2315 ἅλ-

134 2323 212 2361 λοις
245 2323 331 2366 Ang.
354 2324 396 2358 B.
439 2326 537 2361 Flor.
571 2327 648 2361 ΒΤ.
682 2339 799 2372 margo

133 2367 214 2402 Par.
238 2367 280 2402 D.
305 2369 559 2408 Stallbaumius.
605 2369 693 2406 ἄλλο
717 2374 800 2408 Bas.

134 2414 168 2447 b.
196 2410 294 2448 ἄλλα)
316 2416 397 2450 Bas.
409 2428 438 2450 a.
466 2413 562 2465 ἄλλῳ
586 2419 659 2454 Ald.
678 2420 799 2464 Steph.
850 2421 852 2423 ’

135 2459 210 2494 Ast}
212 2472 253 2494 us
276 2472 351 2495 cum
375 2463 516 2508 reliquis
530 2453 714 2499 codicibus.
735 2466 801 2509 (αη

132 2507 251 2551 potius
277 2513 318 2542 ut
346 2511 477 2554 neque)
511 2513 554 2545 ab
582 2512 662 2545 aliis
697 2512 802 2555 (fieri

134 2553 229 2586 istud
269 2555 511 2600 permittant)
545 2557 624 2591 Fic.
689 2558 802 2598 Quum

137 2598 323 2642 Graecos,
363 2601 424 2646 qui
458 2603 613 2637 Graecas
643 2603 802 2639 civitates

137 2645 297 2679 servituti
331 2647 491 2682 addicere
521 2652 702 2691 vetantur,
734 2661 802 2684 non

135 2689 349 2734 singulares,
391 2694 451 2727 sed
486 2695 638 2729 civitatis
668 2674 801 2730 vinculo

137 2739 174 2770 et
206 2735 301 2781 ipsos
336 2740 549 2775 consociatos
574 2741 718 2786 cogitari
741 2753 802 2776 ne—

137 2792 235 2816 cesse
258 2783 324 2826 sit,
356 2791 452 2820 recte
474 2787 526 2821 eis
550 2789 658 2822 aliam
677 2788 800 2823 civita-

138 2831 207 2863 tem
225 2830 350 2876 opponi
373 2843 470 2868 nemo
494 2845 560 2868 non
583 2833 760 2878 intelliget.

1352 819 1404 862 Τί
1450 819 1520 872 65,-

897 1000 993 1023 κατα
1014 1001 1057 1024 το
1081 985 1258 1036 δυνατόν]
1285 1002 1326 1025 ac
1345 1001 1412 1036 pro
1433 991 1522 1026 viri-

851 1035 912 1069 bus
933 1037 1066 1069 obstent
1090 1035 1168 1071 Fic.

895 1078 1127 1137 Ελληνικοῦ]
1156 1080 1336 1117 ἑλλινικοῦ
1355 1082 1457 1118 Vind.
1476 1083 1521 1118 Ε.

852 1173 895 1210 V
888 1125 1206 1209 ezgkocFssovus'vovg]
1229 1126 1521 1175 εὐλαβουμένοις

884 1186 921 1208 ιιι

899 1240 1094 1287 διαφέρει]
1119 1241 1313 1287 διαφέρειν
1337 1244 1416 1279 Vat.
1441 1244 1484 1278 B.

899 1289 1110 1332 φείδεσθαι.
1137 1288 1272 1345 Μηδὲ]
1308 1289 1521 1345 φείδεσθαι,

851 1334 943 1379 μηδὲ
968 1336 1089 1380 Steph.
1122 1337 1188 1380 Μη
1194 1333 1233 1370 δε
1250 1356 1296 1361 -
1322 1333 1523 1380 ἀπέχοιντο

850 1381 969 1415 laudat
993 1349 1188 1417 Eusebius?²
1189 1394 1308 1428 praep.
1321 1394 1374 1418 ev.
1387 1383 1428 1417 L.
1440 1383 1521 1418 XII.

851 1439 885 1474 P.
899 1427 1091 1518 ἐῗιὸτῗῑσθαι]
1110 1470 1339 1519 ἐκτήσασθαι
1360 1476 1391 1510 V
1393 1475 1462 1510 ind.
1479 1475 1524 1510 F.

851 1520 955 1601 ιε’..
974 1521 1022 1600 11³,-
1064 1521 1160 1602 εις.
1184 1522 1526 1603 12⁴.ss

852 1612 964 1646 Bekk.
999 1612 1097 1648 Flor.
1121 1614 1166 1648 T.
1202 1614 1331 1649 Euseb.
1387 1614 1444 1649 Cf.
1479 1614 1524 1650 ad

854 1669 888 1704 p.
913 1657 993 1694 464.
1019 1658 1062 1692 D.

901 1724 1179 1773 ξυμβουλεύειν]
1206 1728 1262 1763 Ita
1282 1730 1363 1765 Par.
1377 1730 1416 1763 A.
1437 1728 1525 1765 Lob.

854 1773 956 1808 Vind.
980 1774 1122 1809 BDEF.
1164 1776 1245 1810 vat.
1278 1775 1392 1810 BHM.
1437 1777 1523 1810 Ven.

854 1820 928 1853 BC.
956 1820 1043 1864 Ang.
1056 1821 1096 1855 B.
1122 1821 1228 1867 σνμβ.
1250 1821 1343 1856 Mon.
1362 1823 1402 1856 B.
1425 1821 1524 1866 (Par.

853 1866 950 1910 ΒΚ.)
989 1866 1063 1900 Ald.
1095 1867 1177 1902 Bas.
1204 1869 1257 1902 ab.
1297 1869 1462 1912 Stephan.
1488 1871 1524 1902 et

852 1912 1096 1946 Stallbaumius
1120 1913 1163 1947 de
1186 1915 1397 1948 Florentinis
1421 1917 1457 1948 et
1480 1915 1523 1948 de

853 1958 1012 1992 Bekkero
1044 1961 1175 1995 tacens.
1221 1961 1262 1994 In
1295 1961 1445 1994 secunda
1467 1963 1549 1994 ta-‹

853 2016 930 2039 men
955 2005 1008 2038 ed.
1031 2016 1154 2049 parum
1188 2007 1364 2040 subtiliter
1386 2018 1522 2041 sensum

853 2051 954 2085 huius
985 2050 1050 2084 loci
1085 2051 1315 2106 interpretans
1347 2064 1409 2098 pro
1441 2055 1523 2092 τοῖς

855 2109 894 2131 τε
911 2093 957 2130 ἄλ
960 2098 1037 2136 λοις
1053 2093 1224 2142 Ἐλλησιν
1245 2095 1345 2132 οὕτω
1365 2098 1522 2155 ξυμβου-

856 2140 976 2177 λευειν
1001 2143 1201 2189 simpliciter
1222 2142 1316 2189 μήτε
1347 2143 1437 2184 τούς
1460 2141 1521 2178 ἅλ-

857 2191 942 2228 λους
965 2189 1033 2223 dici
1057 2191 1211 2235 potuisse
1235 2191 1366 2225 scribit.
1392 2210 1439 2217 —·
1463 2191 1523 2225 Si-

856 2246 960 2281 gnum
982 2235 1215 2280 interrogandi
1249 2238 1291 2271 ab
1317 2238 1524 2272 editionibus

857 2286 938 2316 ante
961 2281 1157 2316 Bekkerum
1181 2284 1290 2318 abest.

902 2327 1073 2374 μᾶλλον]
1114 2330 1262 2373 facilius
1307 2342 1349 2365 ac
1390 2329 1526 2373 fortius

856 2373 934 2409 Fic.

885 2417 934 2475 γ’
958 2415 1025 2465 ὃὶν]
1051 2416 1124 2466 γάρ
1148 2421 1252 2458 Vind.
1261 2422 1306 2456 F.
1318 2423 1411 2456 ante
1435 2432 1526 2456 corr.

857 2477 954 2512 μεν
947 2467 1077 2502 Euseb.

906 2506 999 2556 οὐν]
1040 2526 1106 2549 om.
1150 2513 1237 2548 Lob.
1271 2513 1381 2549 Vind.
1419 2513 1527 2548 BDE.

860 2559 945 2594 Ven.
969 2558 1010 2593 B.
1035 2560 1116 2595 Par.
1140 2560 1186 2594 K.
1210 2560 1289 2596 Vat.
1314 2559 1398 2594 ΗΜ.
1429 2560 1527 2594 Flor.

907 2649 1077 2707 ἑαυτῶν]
1106 2648 1227 2685 εαυτῶ
1252 2651 1350 2689 Vind.
1374 2651 1418 2685 F.

905 2694 970 2742 δ’]
999 2695 1037 2731 δὲ
1064 2698 1193 2732 Euseb.

904 2740 968 2784 622·
982 2743 1111 2796 ]δαί;
1147 2744 1236 2778 Par.
1254 2743 1296 2779 A.
1330 2728 1525 2778 Bekkerus.

859 2784 913 2869 δὲ
925 2789 1000 2824 sine
1032 2789 1309 2836 interpunctione
1342 2789 1417 2825 Ald.
1442 2789 1523 2824 Bas.

857 2845 879 2869 a
