1807 3219
483 143 820 187 CIVITAS

868 144 899 184 L
911 142 989 186 IB.
1015 141 1106 185 Vll.
1136 147 1204 181 532
1455 149 1540 189 319

143 255 232 299 τῶν
259 252 428 308 ὄντων,
458 253 547 300 ἀλλ’
581 255 666 302 οὐκ
695 254 889 300 εἰδώλων
919 255 1044 306 σκιὰς
1068 253 1123 300 δι’
1145 254 1298 310 ἑτέρου
1328 256 1540 302 τοιούτου

145 389 180 427 p.
196 379 275 415 516.
299 380 342 414 Β.
358 377 408 414 ἐν
425 376 541 416 ὕδασι
564 378 814 436 φαντάσματα

146 421 270 460 αυτοῦ
287 425 458 470 dicuntur,
483 439 581 474 quas,
606 427 687 473 quia
708 428 814 481 ipsius

145 471 259 506 lumen
279 471 374 507 ferre
391 474 537 509 nondum
553 478 693 519 queunt,
711 473 815 508 soluti

145 518 291 563 primum
330 519 501 578 inspicere
541 521 679 555 debent.
749 521 814 554 His

145 565 314 598 accedunt
346 564 444 600 σκιαὶ
468 566 546 600 τιόν
574 562 713 609 ὄντων,
739 578 814 600 um-

144 611 230 645 brae
252 622 366 646 rerum
388 613 611 668 naturalium,
645 625 734 658 quae
757 624 813 646 res

145 657 227 692 licet
253 658 404 703 proprie
417 654 510 693 ὄντα
533 671 599 692 11011
634 659 723 700 sint,
758 662 812 692 ta-

146 715 222 738 men
270 715 344 738 cum
391 716 504 738 rerum
551 685 739 739 simulacris
775 706 812 739 in

145 761 253 807 5))0011
300 745 546 796 apparentibus
593 755 812 796 comparatae

146 808 241 831 οντα
264 796 333 830 (1101
364 802 508 843 possunt
530 801 649 842 utpote
672 798 812 840 μᾶλλον

80 845 87 851 “
147 854 252 885 οντα,
272 843 371 886 (515.
382 844 441 888 D.)
463 856 604 887 quarum
630 850 814 901 propterea

144 890 287 924 umbrae
310 893 405 924 recte
429 888 592 924 εἰδώλων
613 887 712 924 σκιαὶ
736 902 812 924 esse

145 940 335 980 negantur,
382 937 502 982 quales
530 937 565 970 in
609 948 715 994 specu
750 948 811 981 per

145 982 238 1016 aliud
272 981 384 1016 lumen
419 986 455 1016 et
496 983 605 1028 ipsum
641 982 809 1026 εἴδωλον,

144 1040 212 1062 11011
234 1039 370 1069 verum,
404 1029 434 1063 si
459 1041 532 1062 cum
565 1029 636 1062 sole
672 1041 810 1074 compa-

144 1078 260 1117 retur,
284 1075 317 1108 11.
343 1086 373 1108 0.
399 1087 461 1119 per
488 1075 599 1119 ignem
623 1075 716 1108 11111111
752 1088 809 1108 511-

143 1131 250 1166 perne
268 1132 447 1154 accensiun
460 1122 607 1155 efficieb
601 1125 711 1155 m.tur
736 1122 810 1155 Ita—

141 1178 210 1213 que
233 1167 418 1209 Socrates,
450 1173 628 1213 postquam
662 1168 810 1202 methodi

140 1225 203 1248 seu
227 1212 312 1257 legis
344 1182 549 1248 dialecticae
580 1214 742 1248 ellectum
774 1218 811 1247 et

139 1259 243 1315 finem
268 1259 516 1294 demonstravit
549 1259 691 1294 similem
715 1260 810 1306 111,111

140 1318 192 1348 01,
218 1317 320 1351 quem
341 1305 498 1359 legitima
520 1305 613 1340 visus
638 1307 807 1340 exercita-

141 1352 190 1387 tio
213 1352 362 1394 habeat,
398 1351 655 1396 disciplinarum
679 1353 812 1386 mathe-

138 1398 368 1442 maficanun,
392 1398 434 1432 de
459 1398 580 1442 quibus
608 1399 719 1432 adhuc
743 1399 810 1432 (115-

137 1447 348 1498 putaverant
365 1470 377 1486 ‚
423 1445 608 1479 utilitatem
654 1456 696 1479 ac
729 1445 809 1486 vim,

138 1501 208 1537 qua
232 1491 304 1525 sint
325 1491 370 1524 ad
406 1490 499 1524 illum
523 1491 684 1525 effectum
709 1503 810 1536 prae-

137 1537 326 1592 parandum
344 1536 547 1579 instructae,
572 1537 810 1571 declaraturus

138 1585 242 1628 atque
263 1583 313 1618 ita
336 1582 537 1618 dialecticae
569 1583 679 1628 ipsius
703 1589 805 1617 natu-

137 1640 212 1664 ram
234 1629 465 1663 illustraturus
494 1629 638 1674 primum
661 1630 806 1664 mentie-

137 1686 216 1710 nem
247 1676 332 1710 facit
364 1674 571 1717 medicinae,
605 1687 707 1720 quam
730 1676 807 1710 viu-

137 1721 203 1758 ctis
234 1721 268 1755 iu
302 1733 408 1766 specu
451 1721 677 1756 adhibendam
710 1722 806 1756 initio

136 1768 238 1802 huius
262 1767 340 1802 libri
363 1768 518 1809 dixerat,
542 1768 750 1812 similemque
774 1769 807 1803 ei

136 1813 395 1859 disciplinarum
417 1814 549 1848 illarum
568 1814 634 1848 vim
655 1818 809 1849 statuens

137 1862 265 1896 solutio
283 1861 497 1900 vinculorum
509 1886 518 1901 ‚
541 1860 653 1905 inquit
666 1886 676 1902 ,
700 1866 734 1895 et
751 1873 809 1895 rc-

137 1907 235 1952 liqua
263 1907 343 1943 istis
367 1907 543 1949 facienda
566 1907 646 1940 huic
680 1908 809 1942 artium

137 1953 254 1988 studio
283 1954 513 1998 respondent,
547 1953 638 1997 quod
672 1954 809 1998 quidem

137 1999 309 2035 rationem
337 2000 455 2035 eodem
483 2000 586 2034 modo
618 2000 666 2033 ad
692 2001 808 2034 ideam

137 2046 238 2088 boni,
286 2057 351 2090 quo
373 2047 438 2082 illu
471 2046 607 2080 oculum
643 2047 693 2080 ad
726 2048 809 2081 solis

138 2097 354 2136 conspectum
373 2117 385 2134 ‚
431 2092 574 2127 evehere
618 2093 806 2127 contendit.

134 2137 310 2182 Longiore
335 2142 448 2172 autem
468 2149 596 2177 eorum,
620 2150 710 2183 quae
729 2139 806 2171 vin-

136 2183 200 2218 ctis
224 2183 301 2221 fieri
323 2184 471 2225 dixerat,
495 2184 698 2237 repetitione
722 2196 804 2218 usus

135 2230 179 2264 ab
202 2229 357 2264 instituto
382 2230 548 2264 orationis
571 2242 674 2264 cursu
699 2231 804 2266 defle·

135 2275 198 2310 etit
222 2280 258 2316 et
280 2277 445 2317 verbum,
469 2276 561 2321 quod
586 2276 629 2310 ad
651 2277 803 2311 nomina-

135 2322 226 2357 tivos
244 2319 358 2366 λύσις,
374 2319 611 2366 μεταστροφὴ
634 2327 701 2356 etc.
723 2335 803 2368 per-—

134 2368 263 2402 tineret
279 2393 291 2409 ,
340 2368 442 2413 quale
494 2369 587 2403 foret
640 2366 803 2403 δύναται

136 2411 298 2459 (ταυτὸν
319 2415 365 2460 τῇ
383 2414 460 2454 τῶν
477 2415 618 2458 τεχνῶν
634 2427 802 2459 πραγμα-

131 2461 234 2518 veiga)
257 2461 312 2496 vel
334 2463 499 2504 μιμεῖται
524 2459 612 2505 (τὴν
635 2473 803 2515 πραγμα-

131 2507 268 2552 τείαν),
295 2507 453 2544 omittens
476 2507 582 2562 πᾷσα
605 2504 716 2564 αὕτη
735 2513 801 2544 etc.
793 2535 816 2544 ..

123 2553 239 2596 dicit,
264 2556 306 2587 ut
325 2553 354 2586 51
379 2553 473 2587 initio
496 2550 546 2597 ἣν
570 2551 612 2588 δέ
630 2565 668 2598 28
691 2551 716 2598 ’ἡ
738 2553 800 2589 λύ-

131 2609 188 2639 σις
214 2605 280 2634 etc.
313 2596 473 2642 δύναμιν
505 2598 577 2643 ἔχει
600 2601 655 2634 vel
691 2601 801 2636 simile

132 2645 214 2691 quid
253 2645 408 2679 dixisset.
468 2646 574 2680 Cuius
609 2647 802 2681 anacoluthi

133 2702 196 2725 seu
232 2691 430 2726 nominativi
462 2692 609 2726 absoluti
645 2694 802 2738 exempla

132 2737 210 2774 Vol.
234 2738 262 2772 I.
295 2750 330 2783 p.
364 2739 444 2774 377.
477 2738 621 2773 ostendi.
677 2739 802 2785 Neque

132 2794 215 2817 vero
235 2784 462 2830 postpositum
483 2784 556 2819 sine
576 2784 718 2820 articulo
740 2787 801 2820 ad·-

133 2828 295 2864 iectivum
317 2832 410 2866 θεῖα
429 2833 511 2876 post
532 2828 581 2866 τὰ
613 2828 654 2867 ἐν
685 2828 801 2868 ὕδασι

872 377 1122 425 φαντάσματα
1149 380 1330 416 offensioni
1368 393 1447 416 esse
1479 382 1539 417 de-

870 428 954 469 bet,
985 438 1089 472 quum
1112 438 1179 460 11011
1202 425 1348 461 indolem
1375 432 1435 461 aut
1459 441 1543 463 con-

871 474 1029 508 ditionem
1052 473 1252 517 imaginum,
1287 473 1350 508 sed
1375 474 1541 519 originem

869 520 1041 565 significet
1071 519 1218 564 ideoque
1252 532 1318 554 non
1350 521 1458 554 multo
1482 534 1542 556 ar*

869 566 936 600 tius
972 577 1046 599 cum
1088 566 1301 599 substantivo
1344 568 1542 609 cohaereat,

869 623 970 656 quam
993 612 1131 656 gentilia
1155 617 1216 645 aut
1240 613 1436 656 pronomina
1458 625 1541 658 pos·

868 659 1019 699 sessiva,
1053 670 1140 703 quae
1173 659 1272 692 simili
1306 660 1407 694 modo
1431 660 1541 694 inter-

868 705 947 737 dum
982 704 1175 750 postposita
1206 705 1452 749 reperiuntur,
1500 707 1541 739 ut

867 750 1058 784 Phaedonis
1104 750 1200 784 initio
1253 751 1330 784 τῶν
1369 752 1537 786 πολιτῶν

870 797 1064 839 Φλιασίων,
1092 797 1177 840 (uon
1197 809 1320 831 unsern
1342 799 1538 833 Landsleu-

868 850 925 878 ten
954 856 1016 877 aus
1044 844 1188 886 Phlius)
1223 843 1312 888 quod
1339 845 1472 878 codices
1502 848 1538 878 et

867 889 997 923 lexicon
1020 890 1169 923 Bekkeri
1186 890 1304 924 anecd.
1320 902 1356 934 p.
1377 892 1456 932 352,
1474 892 1533 925 25.

868 941 903 969 et
927 936 1055 981 aliquot
1075 936 1266 969 Pausaniae
1289 936 1322 969 in
1348 937 1535 970 huiusmodi

867 983 969 1015 rebus
1000 982 1204 1016 auctoritate
1246 994 1311 1016 non
1343 983 1443 1016 facile
1472 983 1533 1016 dc-

867 1028 982 1062 stituti
1016 1028 1179 1061 dictiones
1219 1029 1293 1073 (cf.
1317 1029 1464 1062 Siebelis
1489 1029 1533 1062 ad

866 1075 906 1108 L.
932 1075 960 1108 I.
985 1087 1013 1108 0.
1041 1074 1152 1108 XXV.
1179 1075 1211 1118 5.
1238 1076 1290 1118 6.)
1323 1075 1408 1108 satis
1434 1078 1533 1109 tuen-

867 1120 1533 1177 ῐ111,8ορ11.Α1.570.ολυμεών

868 1164 974 1209 gnos,
1001 1167 1122 1223 Eurip.
1148 1167 1284 1212 Hippoi.
1303 1134 1381 1203 63⁰3.
1411 1164 1429 1201 ὁ
1453 1179 1533 1211 γεν-

865 1210 989 1256 νήτωρ
1009 1211 1110 1256 ἐμός,
1138 1214 1290 1247 Theocr.
1315 1213 1366 1247 Id.
1382 1214 1532 1248 XXVII.

865 1261 922 1294 53.
934 1257 1172 1302 τωμπέχοιον
1193 1257 1294 1312 ἐιι-όν,
1320 1272 1408 1305 quae
1422 1260 1536 1294 omnia

866 1310 984 1357 contra
1017 1306 1121 1339 libros
1154 1307 1328 1350 coriigere
1370 1318 1436 1340 non
1470 1318 1535 1341 au-

899 1364 939 1385 111.
963 1352 1106 1385 Accedit
1130 1353 1238 1407 quod
1238 1334 1378 1386 verba’
1362 1364 1401 1386 εν
1418 1349 1533 1387 ὕδασι

866 1399 909 1432 iu
905 1403 955 1431 e·
979 1395 1026 1432 τὰ
1053 1401 1088 1431 et
1112 1409 1362 1442 φαντασματα
1386 1399 1532 1444 epitheti

869 1446 942 1478 loco
968 1444 1080 1489 posita
1117 1446 1260 1478 alterum
1294 1446 1472 1490 epitheton
1495 1449 1536 1478 ut

867 1491 977 1524 13111115
1011 1490 1102 1524 necti
1135 1492 1348 1536 substautixo
1373 1497 1408 1526 et
1431 1503 1534 1545 prae-

867 1537 968 1570 dicas
961 1550 971 1570 1
1016 1537 1123 1571 instar
1169 1538 1381 1572 extrinsecus
1432 1537 1535 1572 adiici

863 1583 973 1628 possit
996 1584 1137 1618 faciunt.
1189 1584 1250 1617 Sic
1278 1585 1443 1641 Tliucyd2
1468 1584 1531 1617 VI.

862 1631 926 1664 31.
951 1629 986 1663 εἰ
1003 1627 1073 1673 γάρ
1106 1642 1162 1669 τις
1187 1628 1376 1675 ἐλογίσατο
1399 1629 1467 1675 τήν
1495 1641 1535 1664 τε

863 1676 929 1719 τῆς
956 1675 1099 1716 πόλεως
1131 1657 1318 1710 ανάλωσιν
1349 1676 1534 1721 δημοσίαν

865 1721 927 1756 καὶ
946 1723 1022 1756 τῶν
1045 1722 1346 1766 στρατευομένων
1366 1723 1438 1768 τὴν
1464 1723 1533 1757 ἰδί-

867 1780 924 1802 αν.
949 1769 1092 1804 Aristot.
1117 1770 1197 1803 Eth.
1223 1770 1300 1804 Nic.
1328 1770 1388 1805 VI.
1416 1773 1470 1812 11,
1495 1771 1534 1804 1:

865 1811 890 1871 ἠ
912 1813 952 1848 δὲ
973 1814 1180 1871 καλουμένη
1209 1814 1335 1873 γνώμη
1355 1835 1402 1841 —-
1421 1813 1444 1861 ἡ
1463 1816 1533 1850 τοῦ

865 1858 942 1895 ἔπιε
947 1873 1050 1900 ικους
1073 1860 1147 1896 ἐστι
1172 1863 1288 1906 κρίσις
1311 1860 1423 1908 ορθή.
1447 1875 1535 1909 quos

864 1907 956 1941 locos
980 1908 1156 1952 <=g1ut1cax
1160 1909 1186 1942 1t
1208 1910 1412 1954 Beinhardy
1441 1915 1530 1954 synt.

864 1965 898 2000 p.
923 1955 1003 1989 323.
1061 1955 1206 1990 Omnino
1235 1956 1412 1990 Platonem
1443 1968 1533 2002 quo—

864 2011 932 2046 que
955 2001 1101 2035 adiectu
1105 2014 1159 2035 um
1185 2014 1426 2057 nonnunquam
1449 2014 1532 2037 con-

863 2052 920 2083 tra
950 2048 1228 2082 consuetudinem
1253 2050 1408 2094 posuisse
1431 2061 1530 2096 prae-

862 2096 917 2127 ter
955 2094 1147 2128 Phaedonis
1189 2096 1299 2128 10011111
1341 2096 1400 2130 illa
1442 2097 1530 2155 Leg.

862 2139 902 2172 L.
927 2139 1008 2174 1111.
1042 2152 1077 2185 p.
1102 2142 1181 2176 713.
1207 2141 1250 2177 Ι).
1275 2142 1417 2176 docent.
1440 2156 1531 2178 ταυ-

861 2184 930 2220 τὸν
948 2184 1000 2230 δὴ
1027 2185 1090 2220 καὶ
1116 2184 1135 2221 ὁ
1157 2185 1251 2227 θεὸς
1283 2184 1359 2231 ἄρα
1384 2188 1448 2224 καὶ
1468 2202 1530 2233 φι-

861 2229 1089 2290 λανθρωπος
1115 2229 1167 2267 aiv
1184 2231 1259 2269 τὸ
1252 2233 1356 2288 ’ξένος
1375 2232 1529 2290 ἄμεινον

860 2275 968 2322 ἡμῶν
998 2276 1128 2323 ἐφίστη
1154 2278 1198 2315 τὸ
1225 2293 1302 2314 των
1326 2280 1528 2325 δαιμόνων.

859 2325 982 2370 Itaque
1006 2337 1069 2359 nec
1093 2324 1143 2359 τὰ
1166 2331 1246 2371 post
1265 2339 1527 2371 φαντασματα,

860 2371 1015 2416 quamvis
1038 2372 1142 2406 facile
1175 2374 1333 2407 excidere
1365 2376 1528 2429 potuerit,

859 2417 1074 2451 inserendum
1099 2431 1161 2452 nec
1183 2420 1306 2453 --ii'fioc’
1297 2432 1330 2452 111
1354 2418 1431 2454 θέα
1454 2434 1528 2456 mu-

858 2465 997 2499 tandum
1022 2470 1116 2509 puto,
1142 2466 1230 2510 quod
1259 2466 1375 2500 Astius
1400 2467 1434 2500 in
1455 2480 1524 2503 sec.

858 2514 937 2555 post
962 2511 1105 2544 alterum
1130 2510 1398 2556 φαντάσματα,
1424 2526 1527 2559 quum

859 2557 902 2590 de
935 2557 1152 2615 glossemate
1170 2558 1249 2592 nihil
1288 2560 1466 2605 suspicans
1490 2565 1526 2594 et

858 2600 934 2637 ἐκεῖ
957 2607 1109 2645 antrum,
1135 2601 1306 2643 ἐνταῦθα
1329 2608 1437 2640 10011111
1461 2607 1525 2641 snb

858 2649 935 2683 divo
960 2649 1158 2694 significare
1181 2662 1282 2696 posse
1316 2651 1458 2697 opinans
1482 2653 1525 2688 de

855 2696 962 2729 verbo
985 2699 1235 2742 tantxu11,quo
1259 2697 1405 2732 alterum
1427 2696 1525 2742 πρὸς

856 2742 1064 2786 pertineret,
1108 2743 1272 2778 sollicitus
1307 2748 1419 2786 esset,
1458 2756 1522 2790 pro

857 2788 982 2822 θεῖα
972 2801 1009 2823 111
1033 2793 1194 2824 contextu
1217 2791 1366 2835 positum
1396 2790 1430 2824 in
1456 2791 1522 2825 ad-

858 2835 981 2870 dendis
1027 2832 1178 2882 βλέπειν
1223 2848 1246 2871 e
1288 2836 1522 2883 superioribus
