1807 3219
409 188 748 232 CIVITAS
793 190 915 233 LIB.
946 190 1000 232 V.
1030 191 1098 229 475

71 303 425 362 τριττυαρχοῦσι,
471 300 559 345 κᾶν
595 301 653 359 μὴ
695 301 786 346 ὑπὸ
826 301 1040 359 μειζόνων
1081 301 1156 345 καὶ
1183 292 1462 381 σεμνοτέρων
1490 303 1526 344 Β
1576 326 1590 354 ,

1378 190 1461 232 117

73 378 304 432 τιμῶνται,
351 369 442 415 ὑπὸ
474 370 774 427 σμικροτέρων
801 373 876 415 καὶ
905 369 1194 451 φαυλοτέρων
1222 365 1461 424 τιμώμενοι

74 442 328 499 ἄγαπωσιν,
376 456 436 490 ως
473 437 586 491 ὅλως
623 442 749 495 τιμῆς
786 439 1050 495 επιθυμηταὶ
1093 436 1227 488 ὄντες.
1285 438 1463 494 Κομιδῇ

73 512 155 568 μὲν
184 505 280 555 οὗν.

342 510 486 553 Τοῦτο
517 506 571 565 δὴ
603 507 743 564 φάθι,
772 506 801 565 ἢ
829 506 908 564 μή·
954 505 1017 562 ἀρ’
1049 505 1102 550 ὃν
1133 505 1188 549 ἄν
1217 521 1338 556 τινος
1367 505 1461 549 ἐπι-

71 576 322 636 θυμητικόν
349 576 564 632 λέγωμεν,
594 573 760 626 παντὸς
789 579 869 618 τοῦ
899 577 1043 626 εἴδους
1070 573 1234 618 τούτου
1261 573 1462 631 φήσομεν

73 648 329 703 ἐπιθυμεῖν,
357 644 387 701 ἢ
415 647 496 688 τοῦ
525 643 625 700 μὲν,
654 646 738 687 τοῦ
767 642 814 686 δὲ
843 640 923 694 οὕς
979 642 1177 695 Παντός,
1208 642 1305 698 ἔφη.
1366 639 1458 685 Ου’-

73 719 188 761 κοῦν
221 715 296 759 καὶ
331 713 411 757 τόν
448 710 703 769 φιλόσοφον
745 712 907 767 σοφίας
945 710 1147 768 φήσομεν
1187 708 1463 766 ἐπιθυμητὴν

71 783 186 829 εἶναι
220 780 275 828 οὗ
306 785 383 839 τῆς
411 781 511 838 μὲν,
542 785 619 838 τῆς
650 778 690 824 δ’
724 779 804 833 οὕ,
839 778 948 823 ἀλλὰ
978 778 1138 836 πάσηςς
1162 776 1336 835 Ἀληθῆ.
1372 777 1463 821 Τὸν

71 854 158 909 ἄρα
193 851 295 908 περὶ
327 849 383 895 τοὶ
423 849 664 907 μαθήματα
704 849 1071 905 δυσχεραίνοντα,
1121 845 1263 898 ἄλλως
1304 862 1350 890 τε
1385 846 1462 892 καὶ
1491 849 1524 891 C

72 920 175 966 νέον
204 920 313 964 ὄντα
341 919 417 964 καὶ
453 917 583 976 μήπω
620 915 757 974 λόγον
798 917 973 974 ἔχοντα,
1017 917 1059 960 τί
1095 931 1140 959 τε
1169 914 1361 972 χρηστὸν
1389 914 1465 960 καὶ

117 1069 354 1115 ποιοῦντας]
417 1067 606 1103 ποιοῦντα
652 1068 739 1103 Lob.

72 1118 152 1153 vat.
177 1117 227 1152 M.

119 1183 259 1234 ὁρᾷς·]
285 1180 403 1230 ὄρᾷς,
427 1164 508 1233 Bae.
534 1183 589 1217 ab.
615 1182 740 1217 Stallb.

117 1254 195 1290 Καὶ
212 1251 325 1299 μάλα.
338 1254 351 1298 ]
378 1264 444 1287 om.
466 1251 566 1285 Vind.
593 1251 635 1286 D.

118 1323 359 1369 φιλοτίμους]
401 1320 604 1366 φιλοτίμως
634 1320 736 1354 Vind.

70 1371 114 1406 E.
118 1337 221 1405 &Vae
244 1370 290 1404 H.
316 1368 410 1402 Flor.
435 1368 508 1402 Ac.

114 1439 178 1484 γε]
227 1450 294 1474 om.
338 1436 437 1472 Vind.
473 1437 514 1472 F.
564 1437 652 1481 Ang.
695 1435 737 1470 Β.

72 1485 166 1520 F-lor
192 1484 237 1518 R.

71 1548 740 1653 Ἧέἕῗτέῗαρνχὲζῗᾶ.,ἶριῖἲξῖῗριέουῗὲ

70 1650 245 1687 contextu,
270 1645 361 1680 sed
352 1657 387 1678 111
410 1656 453 1679 111.
480 1656 501 1678 a
524 1656 567 1678 111.
586 1655 637 1689 pr.
662 1655 738 1687 τρι-

69 1701 273 1737 τυαρχουσι
303 1692 427 1733 habet,
460 1690 740 1746 quemadmodum

70 1739 206 1774 Timaei
228 1739 293 1772 lex.
320 1749 353 1782 p.
379 1717 459 1772 26⁹0.
496 1733 643 1781 τριτύς·
668 1748 739 1779 φυ-

70 1786 136 1830 λῆς
162 1782 274 1829 μέρος
300 1784 449 1828 τρίτον,
484 1787 520 1817 et
540 1783 579 1819 in
600 1783 741 1837 Harpo-

72 1831 234 1866 erationis
258 1831 331 1865 cod.
344 1829 485 1864 Vratisl.
507 1829 588 1863 item
612 1826 740 1873 τριτύς

73 1875 149 1912 ἐστι
171 1875 214 1912 τὸ
241 1876 370 1921 τρίτον
392 1873 506 1920 μέρος
528 1876 597 1920 τῆς
620 1875 741 1929 φυλῆς

71 1924 237 1978 scriptum
270 1933 335 1957 est.
404 1922 536 1956 Contra
577 1919 738 1965 τριττῦς,

72 1967 311 2015 τριττύαρχοι
356 1967 392 2002 111
426 1968 537 2002 lexico
583 1968 738 2002 Bekkeri

71 2016 191 2052 anecd.
216 2017 343 2061 p.306‚
365 2015 422 2050 24.
439 2015 510 2050 25.
527 2018 563 2048 et
585 2014 618 2048 in
639 2015 739 2048 scho-

72 2062 117 2097 lio
141 2063 185 2096 ad
208 2063 244 2096 11.
268 2062 290 2096 1.
315 2061 450 2106 legitur.
496 2060 657 2095 Ceterum
678 2072 741 2105 ap-

73 2109 208 2155 posite,
231 2108 297 2142 nisi
319 2108 430 2149 fallor,
456 2107 500 2141 ad
523 2118 633 2141 mores
654 2106 740 2140 isto-

71 2166 146 2189 rum
186 2154 336 2200 scriptor
370 2153 472 2188 etiam
511 2153 653 2187 tertium
695 2153 739 2186 ab

70 2200 277 2246 imperatore
298 2200 440 2245 gradum
465 2200 526 2242 eis,
550 2199 580 2233 si
599 2199 739 2244 amplio-

72 2259 144 2281 rem
168 2247 328 2292 consequi
351 2226 543 2291 nequeant,
580 2246 741 2279 sufficere

71 2293 254 2338 significat.
286 2292 424 2328 Valesio
447 2296 562 2326 tamen
585 2292 628 2326 ad
647 2292 741 2325 Har-

72 2343 204 2384 pocrat.
232 2350 264 2384 p.
290 2339 371 2373 399.
405 2337 502 2383 Lips.
535 2349 598 2382 pro
631 2347 740 2382 στρα-

72 2386 229 2430 τηγῆσαι
261 2384 381 2418 melius
424 2385 657 2428 φυλαρχῆσαι
689 2383 740 2417 di-

72 2437 191 2466 cturus
217 2430 324 2464 fuisse
346 2430 539 2464 videbatur.

114 2475 320 2523 μειζόνων]
345 2474 523 2520 μειζόνως
546 2476 623 2512 Ald.

114 2547 312 2591 τιμῶνται]
337 2545 522 2590 τιμᾶσθαι
533 2545 620 2579 Lob.
639 2544 739 2580 Vind.

73 2594 146 2629 BF.
173 2594 249 2627 vat.
275 2593 355 2626 ΒΜ.
392 2594 477 2628 Ven.
505 2592 544 2626 C.
580 2592 674 2626 Mon.
699 2590 739 2625 B.

75 2641 156 2675 Par.
181 2640 223 2694 D.
248 2639 343 2686 Flor.
367 2639 412 2672 U.
438 2639 514 2672 Ald.
532 2639 614 2673 Bas.
634 2650 665 2671 a
693 2641 741 2679 et,

76 2683 151 2732 hup.
193 2684 328 2729 ὥντοιι,
370 2685 457 2730 Ang.
490 2685 530 2718 B.
579 2695 743 2728 τιμωμοιι

77 2733 158 2767 Bas.
183 2733 218 2766 b.
265 2732 319 2766 De
342 2732 436 2765 Flor.
465 2731 543 2765 CT.
566 2731 743 2765 Stallbau-

79 2778 163 2813 mius
196 2777 277 2812 nihil
319 2777 546 2822 significavit,
592 2776 742 2821 reliquos

78 2828 150 2858 tres
196 2836 271 2859 cum
317 2825 496 2871 Stephano
550 2825 743 2858 consentire

7 2879 10 2882 ·
80 2870 238 2906 ostendit.

841 1064 919 1102 ’ὑπὸ
934 1086 980 1092 -
999 1063 1212 1111 ἀγαπῶσιν]
1239 1066 1398 1100 honorem
1421 1067 1465 1100 ab

795 1115 1002 1161 ignobilibus
1022 1114 1166 1159 exigunt
1194 1113 1224 1146 F
1225 1113 1268 1146 1(·..

844 1181 962 1228 ὅλως]
990 1178 1078 1222 ὅλος
1104 1182 1187 1216 Ven.
1215 1181 1256 1216 C.

841 1252 973 1297 τιμῆς]
1000 1264 1065 1288 om.
1087 1251 1181 1286 Flor.
1207 1251 1248 1286 C.

797 1367 828 1402 F
843 1318 1085 1366 ἐπιθυμηταὶ]
1098 1318 1343 1366 ἐπιθυμητέοι
1359 1319 1461 1355 Vind.

841 1435 1014 1481 Κομιδῇ]
1039 1434 1174 1481 κομιδὴ
1200 1436 1299 1470 idem.

846 1505 984 1550 Τοῦτο]
1011 1517 1077 1540 om.
1101 1505 1201 1540 Vind.
1224 1506 1270 1540 E.

795 1564 839 1587 το
862 1553 949 1597 Ang.
975 1553 1017 1586 B.
1042 1551 1073 1585 F
1074 1551 1136 1585 lor.
1162 1552 1240 1585 RT.

843 1619 913 1665 δὴ]
939 1633 1004 1654 om.
1028 1619 1131 1653 Vind.
1157 1620 1200 1653 Ε.
1227 1620 1320 1654 Flor.
1348 1620 1389 1655 C.
1422 1621 1463 1655 δε

796 1668 897 1704 Vind.
923 1667 962 1700 F.
988 1664 1053 1711 δεὴ
1079 1667 1167 1710 Ang.
1193 1666 1236 1700 B.

843 1734 968 1780 φάθι]
994 1735 1096 1779 φᾶθι
1119 1735 1214 1769 Μοη.
1235 1736 1276 1768 Β.
1303 1734 1402 1768 Vind.
1421 1735 1464 1770 D.

797 1785 898 1827 φαθι
934 1782 1034 1818 Vind.
1059 1782 1103 1815 F.
1149 1780 1250 1825 φαθὶ
1275 1781 1362 1818 Lob.
1410 1782 1466 1818 cf.

798 1830 873 1863 Vol.
899 1829 927 1863 Ι.
952 1840 986 1874 p.
1013 1828 1094 1871 407,
1119 1829 1152 1862 b.

842 1895 941 1942 μή·]
963 1895 1037 1942 μή;
1063 1897 1136 1931 Ald.
1163 1898 1245 1931 Bas.
1271 1897 1325 1931 ab.
1361 1897 1467 1932 Fate-

797 1946 886 1980 beris
907 1945 991 1987 hoc,
1016 1957 1063 1978 an
1085 1944 1183 1978 non?
1197 1943 1280 1992 Fic.

844 2007 927 2058 ἆρ’]
956 2007 1033 2058 ἆρα
1056 2012 1156 2047 Vind.
1181 2013 1256 2047 EF.

1121 2082 1162 2116 C
1189 2093 1257 2115 sec
1283 2081 1393 2116 Bekk.
1419 2075 1467 2115 οὖ

1293 1504 1357 1541 καὶ
1375 1505 1464 1541 τοῦ·

797 2084 908 2164 Moonv]
917 2083 1168 2162 Βίῖνεῖἓῃοοττ.
1194 2128 1287 2161 F.lor
1313 2128 1358 2161 U.
1394 2140 1466 2162 ουν

796 2176 876 2209 Par.
909 2175 986 2209 DK.
1033 2174 1109 2208 Α1(1.
1144 2175 1225 2208 Bas.
1253 2175 1307 2208 ab.
1341 2175 1463 2219 Steph

796 2223 855 2277 qqi
878 2221 913 2254 in
938 2233 981 2254 111.
1009 2216 1077 2264 ὃν,
1111 2221 1147 2254 111
1171 2224 1323 2254 annotat.
1348 2232 1381 2265 p.
1407 2223 1463 2255 22.

798 2267 868 2302 οὖν
896 2263 941 2302 ὃν
972 2268 1189 2301 scribendum
1214 2266 1371 2300 coniecit.
1420 2262 1466 2300 ὃν

796 2313 944 2348 Astius’
935 2325 1001 2347 iam
1023 2313 1060 2347 in
1091 2325 1143 2359 pr.
1168 2313 1352 2347 secundum
1377 2313 1462 2347 Ven.

799 2362 841 2395 C.
866 2360 970 2394 dedit.

843 2428 961 2472 τινος]
984 2439 1069 2463 τινα
1091 2428 1186 2463 Μοῃ.
1207 2429 1248 2463 Β.
1274 2429 1312 2461 et
1334 2438 1354 2461 e
1373 2439 1463 2462 corr.

797 2474 891 2510 Flor.
914 2475 961 2509 U.

844 2541 989 2583 παντὸς
1027 2543 1098 2578 τοῦ
1137 2542 1263 2583 εἴδους
1299 2539 1463 2587 τούτου]

799 2605 863 2626 om.
895 2590 969 2624 Fic.
1026 2591 1065 2623 In
1105 2590 1200 2622 Flor.
1236 2590 1279 2623 T.
1322 2587 1464 2624 τούτου

798 2641 878 2684 post
902 2634 1099 2680 ἐπιθυμεῖν
1122 2635 1271 2681 positum
1294 2642 1359 2669 est.

846 2705 982 2762 σοφίας
1011 2702 1179 2748 φήσομεν
1205 2702 1466 2750 ἐπιθυμητὴν]

800 2765 840 2796 φ.
866 2762 898 2786 σ.
929 2749 957 2785 ἐ.
983 2751 1082 2787 Vind.
1110 2751 1151 2784 F.
1184 2751 1271 2796 Ang.
1295 2752 1336 2786 B.
1371 2753 1466 2786 F.lor

800 2801 843 2834 R.
870 2808 901 2833 σ.
923 2795 951 2832 ἐ.
975 2809 1015 2841 φ.
1038 2797 1138 2831 Vind
1156 2797 1199 2831 D.

847 2867 883 2903 τί
901 2868 964 2912 τε]
989 2865 1027 2902 τί
1046 2862 1086 2901 δὲ
1111 2865 1213 2903 Vind.
1239 2867 1280 2902 F.

1495 2856 1527 2898 C
