1807 3219
399 142 770 188 “CIVITAS
814 141 1119 185 LIB.V.456
1427 141 1482 180 29

98 258 409 316 διεσπαρμέναι
439 257 670 314 σαί-»φύσεις
699 256 746 299 ἐν
775 255 943 311 ἀμφοῖν
970 258 1065 298 τοῖν
1090 250 1351 307 ζώοιν,’“κάὶ
1367 249 1481 293 πάν-

98 346 187 374 των
218 328 308 386 μὲν
324 327 487 385 μετέχει
515 324 627 382 γυνή
659 324 1011 381 ἐπιτηδευμάτων
1038 320 1150 366 κατὰ
1172 319 1337 376 φύσιν,
1369 318 1483 362 πάν-

97 413 185 441 των
215 397 260 440 δὲ
291 394 425 451 άνὴρ,
470 395 539 438 ἐπὶ
575 398 684 437 πᾶσι
724 393 769 437 δὲ
808 391 1124 445 ἀσθενέστερον
1161 389 1274 446 γυνή
1305 386 1484 442 ἀνδρός.
1514 394 1550 434 Ε

33 488 38 500 =
98 464 228 510 Πάνυ
256 481 315 522 γε.
364 459 427 507 ςΗ
451 459 534 507 οὖν
562 461 767 516 ἀνδράσι
793 461 942 504 πάντα
982 455 1302 513 προστάξομεν,
1332 473 1490 512 γυναι-

97 535 218 578 κὶδὲ
249 531 404 583 ου’δένς
434 532 525 575 Καὶ
553 535 672 582 πῶςς
708 528 825 573 Ἀλλ’
857 529 946 572 ἔστι
975 527 1086 585 γάρ,
1129 524 1271 582 οἶμαι,
1313 524 1372 577 ὥς
1402 522 1490 581 φή-

99 614 254 658 σομεν,
285 601 357 646 καὶ
386 600 498 656 γυνὴ
530 597 724 655 ἰατρική,
772 595 799 653 ἦ
832 596 876 641 δ’
902 595 979 649 οὒ,
1029 596 1104 642 καὶ
1134 594 1346 651 μουσικὴ,
1385 591 1413 650 ἡ
1445 591 1489 636 δ’

97 669 291 727 ἄμουσος
321 667 464 724 φύσει.
529 669 580 710 Τί
612 666 720 723 μήνς
743 663 1035 723 -Γυμναστικὴ
1068 663 1114 708 δ’
1147 662 1234 717 ἄρα
1270 662 1348 715 οὒ,
1381 659 1490 706 οὐδὲ

29 752 97 787 459
109 736 329 795 πολεμική,
361 735 387 794 ἡ
419 736 464 780 δὲ
495 734 711 791 ἀπόλεμος
741 735 813 782 καὶ
837 733 891 779 οὐ
913 730 1317 791 φιλογυμναστικής
1353 728 1486 787 Οἶμαι
1512 738 1583 774 456

96 890 193 923 sacta
215 887 351 922 videtur
370 887 481 922 Ficini
503 886 761 932 interpretatio·

98 937 147 970 Et
169 936 241 969 alia
267 935 402 978 quidem
422 936 470 969 ad
501 936 763 968 exercitationes

98 982 336 1027 gymnasticas
377 986 411 1015 et
456 993 528 1014 rem
573 982 762 1015 militarem

98 1032 282 1072 prompta,
311 1027 384 1060 alia
406 1039 486 1060 vero
519 1028 566 1060 ad
594 1028 679 1060 haec
706 1028 761 1060 in-

99 1079 194 1118 epta.
248 1052 445 1107 L’ectionem
474 1072 600 1106 Veneti
631 1073 670 1106 B.
705 1084 762 1106 re-

97 1119 336 1164 praesentavit
365 1119 472 1152 Aldus
521 1131 596 1152 cum
614 1118 761 1153 addita-

72 1171 230 1210 vmeatu,
275 1164 364 1210 quod
395 1165 430 1198 in
462 1163 610 1198 eiusdem
636 1165 760 1199 codicis

96 1211 251 1256 margine
277 1222 296 1244 a
319 1222 418 1244 manu
442 1213 572 1245 recenti
597 1212 758 1266 scriptum

524 1300 533 1312 τ
575 1300 593 1312 x
641 1299 649 1312 ³
696 1301 703 1311 e

96 1361 182 1406 μος
197 1348 260 1384 καὶ
296 1345 342 1383 ov'
367 1347 701 1394 ’φιλογυμναστικής
734 1345 757 1393 ἦ

97 1393 140 1430 δ’
166 1391 242 1440 ἄρα
267 1391 325 1430 ον’.
362 1396 438 1430 Nec
462 1396 563 1430 aliter
585 1396 762 1430 Basileen-

96 1453 164 1497 ses,
188 1453 331 1496 quarum
355 1442 449 1498 prior
472 1442 508 1476 in
531 1442 760 1476 additamento

97 1484 160 1532 άρ,
185 1488 353 1545 posterior
378 1484 437 1532 ἄρ’
462 1493 497 1522 et
521 1493 623 1522 antea
647 1490 761 1532 φυλο-

95 1531 339 1579 γυμναστική
345 1535 502 1576 exhibet,
527 1539 586 1569 aut
611 1535 762 1579 Stepha-

96 1591 180 1623 nus,
225 1580 286 1626 qui
317 1584 448 1615 tantum
480 1582 587 1615 veiha
616 1593 761 1614 commo-

99 1627 174 1661 dius
198 1627 421 1672 interpunxit.
459 1627 588 1661 sedin
611 1627 763 1671 maigine

97 1674 184 1708 hanc
209 1673 436 1728 cpniecturam
460 1673 658 1730 proposuit:
685 1675 761 1728 for.

96 1719 159 1754 καὶ
189 1731 234 1753 ου
266 1718 514 1776 γυμναστικὴ,
612 1716 654 1753 δ’
678 1715 763 1775 ἄρα

98 1762 168 1807 οὕς
205 1761 292 1800 οὐδὲ
316 1764 513 1822 πολεμικὴ,
547 1779 570 1810 η
597 1763 636 1799 δὲ
663 1762 760 1799 οἷπό-

96 1814 228 1868 λεμοςς
256 1811 319 1846 καὶ
351 1809 397 1846 ov'
420 1809 759 1867 φιλογυμναστικὴ,

96 1855 119 1902 ἡ
147 1855 186 1891 δ’
212 1853 288 1902 άροι
313 1853 379 1899 οὕς
403 1865 452 1893 ut
465 1855 510 1892 ου’
530 1860 566 1892 in
589 1859 761 1903 prioribus

97 1905 181 1939 locis
198 1906 244 1938 sit
269 1917 334 1949 pro
356 1906 488 1939 Νόηηε.
514 1909 618 1949 atque
640 1905 675 1938 in
699 1915 761 1937 an-

97 1950 274 1984 notatione
306 1962 385 1995 pag.
411 1952 468 1986 21.
493 1951 579 1984 haec
611 1950 759 1984 monuit·

97 1996 208 2040 „Alia
241 1996 339 2030 huius
372 1996 437 2030 loci
470 1997 614 2030 affertur
646 1996 761 2036 lectio,

97 2054 190 2099 quae
218 2041 340 2084 habet,
355 2041 436 2082 καὶ
465 2040 711 2099 γυμναστική·
734 2039 758 2097 ἡ

98 2085 139 2124 δ’
165 2083 240 2132 ἄρα
255 2087 318 2122 καὶ
331 2069 524 2144 πολεμική.
549 2085 573 2133 ἦ
588 2086 640 2132 δε,
666 2086 760 2123 άπό-

97 2136 225 2183 λεμος,
258 2133 321 2168 καὶ
354 2131 400 2170 οὕ
425 2133 759 2190 φιλογυμναστική,·

103 2177 219 2224 Οἶμαι
243 2178 362 2225 ε’γωγε.
401 2182 446 2215 Τί
463 2180 526 2223 δέ,·
551 2178 761 2238 φιλόσοφός

99 2237 137 2260 τε
160 2225 224 2260 καὶ
247 2225 473 2283 θυμοειδής;
507 2225 531 2272 ἡ
560 2225 621 2271 δὲ,
656 2225 760 2271 μισό-

101 2283 218 2316 σοφος
241 2272 304 2307 καὶ
329 2269 502 2317 άθυμος;
550 2275 620 2308 Sed
653 2286 761 2318 quae-

100 2319 178 2352 dam
220 2318 254 2352 in
300 2325 418 2353 nostra
453 2321 602 2354 editione
640 2319 760 2354 melius

99 2365 230 2410 scripta
273 2376 348 2398 esse
393 2365 570 2399 videntur.
617 2366 762 2411 ideoque

99 2410 256 2445 fortassis
304 2423 346 2445 ex
392 2412 522 2445 duabus
564 2412 762 2445 lectionibus

99 2457 256 2491 facienda
279 2469 347 2491 una
368 2457 482 2491 fuerit.
527 2457 627 2498 Quae
651 2461 763 2492 autem

99 2503 147 2537 ibi
169 2503 313 2548 margini
335 2503 502 2559 adscripsi
524 2508 604 2537 sunt
621 2515 662 2538 ex
682 2516 763 2538 con—

100 2548 247 2583 iectura·
285 2549 342 2583 ubi
374 2547 421 2584 ov'
454 2551 568 2594 priore
603 2550 677 2584 loco
709 2553 763 2584 est

98 2594 392 2640 interrogativum.
433 2596 503 2629 Sed
526 2596 695 2641 lubentius
712 2596 763 2630 le-

100 2641 244 2676 ctionem
282 2654 382 2696 quam
413 2641 511 2676 modo
553 2642 674 2684 attuli,
707 2653 762 2676 se-

101 2698 207 2731 quor,
237 2687 272 2722 in
303 2688 417 2733 priore
447 2692 567 2745 parte,
602 2692 647 2722 ut
668 2688 762 2722 dica-

101 2736 158 2766 tur
177 2759 188 2775 ‚
227 2733 290 2768 καὶ
323 2732 546 2778 γυμναστικὴ
562 2759 572 2777 ,
620 2734 763 2768 subaudi

101 2774 178 2812 ἐστὶ
199 2777 314 2824 γυνήι
339 2793 403 2814 nec
425 2780 507 2815 vero
536 2778 760 2835 ’γυμναστικὴ

101 2824 225 2869 solum,
258 2826 319 2861 sed
341 2826 445 2862 etiam
468 2824 671 2871 πολεμική·
708 2830 761 2860 est

820 886 941 921 contra
988 897 1077 942 quae
1119 897 1181 919 nec
1216 884 1261 918 sit
1292 879 1485 926 πολεμικὴ,

819 935 879 968 sed
904 934 1024 967 contra
1050 929 1248 974 ἀπόλεμος,
1274 942 1337 963 nec
1348 940 1486 973 γυμνα-

819 978 939 1024 στικὴ,
964 980 1036 1013 sive
1052 980 1260 1030 φιλογυμνο..
1263 974 1376 1019 στική.
1390 976 1485 1018 (nam

818 1028 883 1060 hoc
906 1027 940 1059 in
962 1026 1050 1059 illius
1075 1023 1324 1068 significatione
1354 1022 1483 1065 utitur)

818 1073 920 1106 Sed
912 1085 945 1106 ιιι
970 1073 1080 1106 altero
1104 1071 1251 1104 membro
1271 1068 1404 1103 minime
1421 1079 1483 1100 ne·-

818 1131 913 1154 cesse
935 1118 1070 1151 videtur
1093 1117 1195 1151 aliam
1220 1127 1319 1160 quam
1343 1125 1431 1159 quae
1448 1113 1484 1146 in

816 1166 880 1199 hac
904 1165 1050 1198 editione
1083 1168 1136 1197 est
1167 1173 1334 1215 quaeiere
1356 1160 1483 1194 verbo-

815 1223 890 1245 rum
915 1199 1180 1244 collocationem.
1185 1212 1208 1227 66
1255 1207 1362 1241 Aliam
1380 1205 1482 1247 illam,

817 1269 918 1302 quam
952 1257 1050 1299 dicit,
1082 1255 1261 1290 lectionem
1295 1252 1483 1287 Cornarius

819 1315 839 1337 e
887 1303 1082 1337 coniectura
1132 1303 1361 1347 proposuerat
1421 1297 1484 1332 ecl.

817 1361 851 1395 p.
878 1351 932 1384 99.
959 1361 1112 1394 eamque,
1136 1352 1304 1400 quatenus
1330 1344 1481 1389 Stepha-

817 1407 860 1429 no
884 1396 1114 1440 probabatur,
1137 1394 1173 1427 in
1196 1392 1338 1438 primam
1363 1391 1487 1425 editio-

818 1453 894 1475 nem
918 1441 1049 1486 recepit
1072 1440 1215 1481 Astius3
1239 1439 1272 1472 in
1298 1438 1408 1472 altera
1429 1449 1486 1470 se—

819 1494 917 1522 cutus
942 1492 995 1521 est
1019 1486 1245 1521 Palisiensem
1270 1485 1313 1518 K.
1347 1483 1487 1517 Bekke-

818 1546 877 1568 lus
925 1539 961 1567 et
1008 1532 1252 1567 Stallbaumius
1300 1530 1486 1564 secundum

818 1581 911 1614 Mon.
936 1581 975 1613 B.
1002 1580 1095 1614 Flor.
1116 1580 1159 1612 U.
1186 1574 1486 1635 scripseruntKoc),

816 1625 1042 1683 γυμναστικὴ
1078 1621 1155 1670 ἄρα
1186 1622 1248 1658 καὶ
1291 1619 1484 1665 πολεμικὴ,

818 1670 842 1717 ἡ
870 1669 909 1706 δὲ
936 1670 1122 1715 ἀπόλεμος
1145 1670 1209 1704 καὶ
1227 1667 1273 1704 οὗ
1290 1678 1486 1713 γυμναστι-

819 1717 889 1762 κής
935 1719 989 1752 cui
1024 1717 1162 1752 lectioni
1202 1715 1487 1750 commendandae

817 1764 1060 1799 Stallbaumius
1082 1764 1119 1797 in
1143 1775 1210 1797 sec.
1237 1763 1289 1796 ed.
1315 1762 1402 1795 hanc
1423 1772 1486 1794 no·-

815 1816 885 1845 tam
910 1811 1070 1845 sufficere
1093 1809 1258 1844 credidit:
1285 1808 1371 1851 „Sic
1394 1807 1485 1840 hunc

815 1858 924 1891 locum
962 1869 1004 1890 ex
1030 1856 1126 1891 codd.
1162 1854 1360 1913 pei-sanavit
1390 1853 1485 1886 Bek-

815 1904 890 1937 ker.
926 1903 1055 1960 Vulgo
1076 1906 1169 1936 erat:
1193 1900 1269 1936 Καὶ
1288 1909 1484 1944 γυμναστι-

816 1948 886 2005 κή,
912 1946 936 2005 ἦ
964 1946 1006 1983 δ’
1029 1945 1107 2005 ἄρα
1134 1961 1192 1983 ov.
1221 1944 1308 1982 οὐδὲ
1333 1948 1483 1988 πολεμι-

816 1994 882 2040 κή·
906 2009 930 2039 ἠ
957 1993 997 2030 δὲ
1014 1993 1201 2051 ἀπόλεμος
1218 1993 1281 2028 καὶ
1306 1989 1351 2027 ον’
1378 1993 1483 2040 φιλο-

816 2040 1063 2099 yvuvfco‘umy',
1097 2038 1121 2086 ἡ
1148 2039 1187 2076 δὲ
1210 2037 1286 2084 άροι
1311 2034 1380 2080 οὕς
1417 2034 1483 2072 Οἷ-

816 2101 884 2133 μοιι
908 2087 1017 2132 ε’γωγε
1040 2100 1072 2122 κ.
1102 2101 1134 2121 τ.
1160 2089 1189 2121 λ.
1246 2087 1400 2130 Longum
1429 2086 1484 2117 est

816 2135 966 2179 singulas
989 2146 1167 2168 recensere
1191 2133 1343 2167 codicum
1362 2131 1483 2164 lectio-

817 2193 897 2215 nes.
930 2181 1047 2226 itaque
1069 2191 1207 2214 monere
1229 2179 1324 2213 iuvat
1348 2177 1484 2212 codices

816 2228 952 2262 Monac.
977 2232 1013 2260 et
1036 2227 1128 2260 Flor.
1151 2224 1196 2271 β’.
1216 2236 1331 2259 veram
1357 2235 1485 2268 suppe—

816 2274 945 2307 ditasse
962 2273 1185 2318 scripturam,
1210 2272 1408 2316 quibuscum
1426 2281 1484 2302 ce-

817 2320 884 2354 teri
910 2312 1045 2353 codices
1079 2319 1138 2353 alii
1168 2318 1241 2352 aliis
1271 2317 1305 2350 in
1327 2316 1485 2370 partibus

819 2365 1044 2400 consentiunt.
1069 2366 1137 2399 Pro
1156 2358 1487 2415 φιλογυμναστική,

819 2413 909 2457 quod
940 2424 1027 2445 nunc
1061 2416 1157 2445 recte
1189 2411 1223 2444 in
1256 2404 1487 2453 γυμναστική

817 2461 983 2492 mutatum
1007 2460 1078 2499 est,
1100 2458 1175 2491 Ast.
1202 2456 1380 2501 legendum
1405 2466 1487 2488 cen-

819 2509 872 2538 set
897 2500 1233 2557 φιλογυμναστής,
1254 2506 1292 2535 ut
1315 2501 1403 2543 VII,
1429 2500 1484 2534 15.

820 2551 925 2592 VIII,
948 2551 994 2585 4⁶
985 2553 1008 2569 “
1054 2550 1194 2583 Scilicet
1224 2548 1260 2582 in
1292 2547 1398 2582 tertia
1430 2546 1484 2580 ed.

818 2597 936 2630 Astius
976 2595 1090 2630 deleta
1135 2595 1317 2629 secundum
1346 2592 1487 2628 Bekke-

817 2655 893 2676 rum
915 2642 1085 2687 particula
1117 2637 1158 2675 δ’
1182 2641 1218 2674 in
1248 2640 1370 2675 ceteris
1402 2640 1484 2673 Par.

818 2689 862 2722 K.
903 2689 1105 2744 scripturam
1145 2686 1258 2721 tenuit
1275 2713 1287 2729 ,
1334 2687 1485 2730 φιλογυ-

817 2731 995 2791 μναστικὴ
1035 2737 1151 2767 autem
1186 2733 1221 2767 in
1262 2735 1485 2777 φιλογυμνα-

820 2778 910 2824 στὴς
953 2780 1149 2814 mutandum
1183 2779 1341 2814 coniecit.
1402 2777 1486 2818 Sed,

817 2831 857 2860 ut
880 2828 924 2862 ab
949 2827 1013 2861 hoc
1036 2825 1152 2860 ordiar
1169 2851 1181 2869 ‚
1206 2823 1484 2872 quemadmodum
