1807 3219
454 160 795 205 CIVITAS
838 159 962 204 LIB.
991 160 1046 202 V.
1075 161 1144 200 452
1451 161 1508 203 15

118 279 213 327 ταῖς
229 275 514 330 παλαίστραις
527 273 860 330 γυμναζομένας
885 271 990 330 μετοὶ
1014 275 1105 315 τῶν
1132 270 1321 327 ἀνδρῶν,
1350 270 1406 315 οὐ
1427 270 1508 327 μὸ-
1538 271 1574 313 Β

119 360 202 388 νον
221 342 298 395 τοὶς
317 343 439 396 νέας,
470 342 578 386 omo}
603 343 677 386 καὶ
698 342 782 399 ἤδη
800 342 878 393 τας
897 339 1209 396 πρεσβυτέρας,
1241 340 1387 394 ὥσπερ
1408 339 1516 392 τούς
1541 342 1547 345 ”

119 413 328 469 γέροντας
347 412 396 456 ἐν
414 417 506 463 τοῖς
523 413 804 468 γυμνασίοις,
839 409 946 453 ὅταν
969 409 1098 464 ῥυσοὶ
1125 410 1195 452 καὶ
1218 408 1276 465 μὴ
1298 408 1416 466 ἡδεῖς
1437 409 1517 464 τὴν

121 481 226 535 ὄψιν
257 481 375 538 ὅμως
404 484 815 538 φιλογυμναστῶσις
857 478 930 535 Νὴ
960 477 1040 521 τόν
1059 478 1171 529 Δία,
1202 477 1309 534 ἔφη·
1340 482 1518 534 γελοῖον

124 628 332 711 Μλέγεται]
356 628 475 675 λέγετε
506 629 606 665 Vind.
630 630 671 664 B.
704 630 786 664 vat.

170 734 239 779 Τί]
268 734 315 768 Τί
338 730 370 768 δ’
394 734 525 768 Euseb.

167 803 265 847 δῆλα
290 801 362 848 δὴ]
389 801 530 847 δηλαδὴ
567 802 652 837 Lob.
687 802 788 836 Vind.

121 849 258 883 BDEF.
284 850 378 884 Mon.
394 850 434 883 B.
453 848 665 894 (Florentini
683 850 789 891 omn.)

121 897 251 930 Euseb.
277 896 426 941 editique
451 903 531 930 ante
555 897 696 930 Astinm.
725 895 791 938 δῆ-

123 944 169 976 λα
193 940 239 986 δὴ
266 942 480 976 scribendum
500 954 575 976 esse
594 942 791 986 Stephanus

123 994 238 1022 annot.
264 1000 299 1033 p.
323 991 382 1023 21.
406 994 508 1022 antea
541 989 696 1022 docuisse
720 999 793 1021 mo-

124 1041 195 1068 net.
242 1035 284 1068 Id
310 1036 438 1068 factum
464 1036 506 1068 ab
532 1047 573 1067 eo
598 1040 652 1068 est
677 1039 791 1067 annot.

123 1092 162 1125 p.
184 1081 237 1116 13.
270 1081 328 1114 ubi
364 1093 426 1126 pro
459 1077 482 1125 ἢ
519 1081 614 1124 δῆλα
648 1078 693 1123 δὴ
735 1076 795 1115 ὅτι

123 1127 294 1160 interdum
336 1122 360 1170 ἢ
396 1128 510 1171 δῆλον
545 1126 591 1170 δὴ
631 1122 692 1161 ὅτι
727 1126 794 1169 legi

124 1173 301 1207 observat.
351 1173 407 1207 Cf.
435 1175 509 1206 Vol.
535 1174 563 1206 I.
590 1184 623 1217 p.
651 1173 727 1207 164.
752 1173 794 1205 de

123 1218 238 1252 verbis
270 1219 385 1263 δῆλον
420 1215 480 1253 ὅτι
504 1219 607 1253 dicta.
655 1219 794 1252 Ficinus

122 1260 147 1309 ἢ
184 1264 391 1309 δῆλοι,δὴ,
442 1262 502 1300 ὅτι
544 1262 687 1308 γυμνὰς
726 1263 794 1303 τὰς

58 1338 70 1351 ,
123 1314 303 1355 γυναῖκας
328 1325 374 1346 an
398 1313 480 1356 quia
504 1313 617 1345 mulas
636 1312 794 1353 feminas

126 1364 366 1402 conspecturus
396 1359 444 1392 sis
485 1357 733 1402 interpretatus
774 1368 795 1390 a

125 1403 374 1448 significatione
397 1404 564 1439 formulae
583 1403 674 1437 illius
693 1404 794 1437 aber-

124 1449 226 1484 ravit.

173 1517 317 1563 γνμνάς
339 1516 428 1564 τὰς]
460 1515 673 1564 γυμναστὰς
694 1517 794 1552 Vind.

173 1624 435 1679 vroeZocloro⁶oet9]
453 1631 677 1679 παλέστραις
696 1635 796 1668 vind.

127 1785 160 1819 V
173 1736 476 1819 γυμέαζομένοις]
504 1737 797 1783 γυμναζομέναις

161 1797 214 1819 en.
270 1807 280 1817 .

177 1850 299 1898 οἷλλὰ]
326 1850 403 1887 ἄλλ’
427 1854 559 1888 Euseb.

177 1920 243 1956 καὶ
264 1917 353 1966 ἤδη]
379 1917 416 1965 ἤ
441 1934 473 1956 κ.
499 1923 585 1956 Ven.
603 1922 644 1958 B.
670 1923 797 1958 Euseb.

132 1979 207 2003 cum
245 1968 348 2002 editis
388 1973 468 2002 ante
507 1969 719 2004 Bekkerum.
766 1975 800 2005 et

131 2015 206 2049 ffic.

177 2080 267 2136 τᾲς]
294 2095 360 2118 om.
384 2083 512 2118 Euseb.

180 2151 300 2197 ῥυσοὶ]
327 2153 386 2187 Ita
405 2153 503 2186 Vind.
521 2153 595 2187 BD.
624 2152 708 2187 Ven.
725 2153 797 2190 Bc.

131 2200 210 2233 Vat.
226 2199 309 2233 HM.
334 2200 427 2233 Flor.
441 2200 580 2233 ACTV.
606 2202 642 2233 et
665 2201 796 2234 Euseb.

133 2244 264 2289 ῥυσσοὶ
294 2245 417 2290 reliqui
448 2245 584 2280 codices
618 2257 693 2279 cum
718 2247 794 2280 Ald.

133 2291 240 2326 Basil.
271 2292 327 2324 ab.
360 2291 526 2336 stephan.
559 2294 633 2326 Ast.
684 2292 798 2333 Quum

132 2336 343 2383 grammatici
353 2342 489 2371 veteres
511 2337 576 2371 hoc
598 2350 719 2372 nomen
738 2350 798 2371 ex-

133 2383 298 2430 plicantes
334 2394 501 2428 nusquam
539 2384 681 2429 duplicis
712 2384 799 2418 scri-

134 2434 276 2475 ptume,
302 2429 435 2474 qualem
459 2429 492 2462 in
516 2430 613 2472 aliis,
645 2430 740 2464 velut
763 2430 799 2465 in

133 2477 288 2519 θρυλεῖν
318 2475 382 2519 (cf.
406 2475 478 2508 Vol.
503 2475 530 2508 1.
554 2486 587 2521 p.
615 2477 711 2521 103.)
737 2487 799 2510 no-

133 2526 212 2556 tare
243 2521 374 2563 solent,
422 2521 625 2557 mentionem
659 2523 800 2566 faciant,

134 2579 200 2602 uno
230 2568 329 2602 modo
370 2567 414 2601 ab
449 2567 596 2613 antiquis
635 2569 800 2614 scriptum

134 2614 308 2660 accepisse
330 2613 499 2647 videntur.
547 2615 711 2650 Scribunt
737 2627 800 2649 au-

133 2663 204 2694 tern
227 2660 294 2705 ipsi
315 2659 515 2705 plerumque
536 2658 660 2704 ῥυσός.
708 2661 799 2695 Vide

135 2706 338 2740 scholiastas
383 2706 426 2739 ad
464 2706 564 2740 Hom.
606 2707 647 2740 Il.
680 2707 796 2741 VIIII.

135 2753 216 2787 503.
255 2752 496 2796 Etymologum
519 2764 598 2797 pag.
623 2754 715 2796 706,
740 2754 798 2788 47.

136 2797 344 2832 scholiasten
375 2798 549 2844 Aristoph.
589 2799 681 2833 Plut.
716 2801 797 2835 266.

135 2844 342 2889 Hesychium
365 2846 549 2880 secundum
567 2846 640 2880 cod.
659 2845 798 2880 Schow.

846 628 881 662 in
912 627 1010 661 huius
1053 627 1216 673 supplem.
1252 640 1286 674 p.
1325 629 1405 663 681.
1453 628 1518 662 Ti-

846 686 978 709 maeum
1001 675 1066 708 lex.
1103 686 1138 718 p.
1162 677 1243 709 228.
1291 675 1520 718 Phrynichum

847 721 956 755 Bekk.
992 732 1069 765 pag.
1095 722 1164 763 32,
1196 722 1228 755 4.
1263 733 1406 767 quorum
1440 720 1522 754 nulli

850 765 988 809 ρυσσός
1020 767 1237 801 memorabile
1271 768 1389 801 visum.
1451 767 1521 800 Alii

850 811 987 858 ῥυσσός
1022 813 1175 847 scribunt
1195 840 1206 855 ,
1249 819 1288 847 ut
1318 813 1521 847 Eustathius

851 861 892 893 ad
919 860 959 892 Il.
986 859 1007 893 l.
1031 871 1058 893 c.
1087 860 1151 901 (ΙΙ.
1177 862 1257 901 283,
1281 861 1338 895 32.
1361 861 1441 901 284,
1461 861 1519 895 26.

850 906 966 950 Lips.)
1000 906 1060 939 sed
1093 906 1285 950 duplicatae
1310 917 1330 940 6
1354 907 1521 940 rationem

850 964 917 986 non
942 953 1102 985 reddunt.
1127 953 1199 986 Iam
1225 964 1306 987 vero
1331 953 1417 986 satis
1439 964 1520 986 con—

850 1004 924 1032 stat
957 998 1113 1032 librarios
1143 1004 1215 1032 tum
1251 999 1314 1032 hoc
1347 1005 1420 1033 tum
1446 999 1520 1033 aliis

852 1045 1007 1078 consonis
1032 1045 1195 1078 iterandis
1221 1046 1356 1090 saepius
1376 1056 1520 1091 peccas-

851 1102 910 1132 se,
946 1102 1046 1135 quam
1073 1090 1265 1125 omittendis
1301 1092 1364 1135 (cf.
1391 1091 1463 1124 Vol.
1488 1092 1517 1125 Ι.

852 1137 873 1169 l.
899 1149 928 1170 c.
962 1143 997 1170 et
1030 1149 1064 1182 p.
1089 1138 1191 1181 283.)
1232 1143 1335 1182 atque
1367 1137 1520 1182 inprimis

850 1182 986 1216 vocales
1022 1183 1137 1226 specie
1169 1184 1333 1228 ancipites
1354 1210 1363 1225 ‚
1396 1189 1521 1218 natura

851 1229 969 1272 longas
993 1229 1091 1262 istius
1115 1229 1205 1262 modi
1231 1231 1402 1263 erroribus
1419 1242 1520 1263 occa-

851 1274 978 1308 sionem
1025 1275 1171 1308 dedisse.
1244 1275 1368 1320 Itaque
1403 1274 1523 1319 ῥῦσός

852 1321 1011 1365 antiquos
1028 1321 1270 1366 pronuntiasse
1291 1327 1326 1355 et
1342 1322 1525 1368 scripsisse

851 1367 1031 1412 probabile
1056 1374 1129 1409 est,
1155 1379 1221 1401 non
1249 1366 1407 1411 ρυσσός,
1434 1368 1524 1414 quod

851 1419 970 1446 nostro
1003 1414 1076 1446 loco
1100 1413 1134 1447 in
1169 1414 1294 1458 optimo
1321 1415 1439 1448 codice
1464 1427 1525 1449 ex—

852 1464 947 1492 stare
971 1459 1106 1493 dicitur.
1156 1461 1226 1493 Sed
1250 1461 1341 1494 Tim.
1367 1473 1447 1505 pag.
1466 1463 1523 1496 71.

854 1505 895 1538 C.
929 1505 1016 1539 idem
1054 1506 1161 1539 codex
1197 1518 1270 1540 cum
1306 1507 1418 1541 tribus
1450 1507 1525 1541 aliis

852 1551 1005 1585 Bekkeri
1060 1556 1096 1585 et
1155 1563 1222 1586 uno
1275 1553 1525 1587 Vindobonensi

852 1598 1148 1643 praestantissimo
1197 1597 1315 1642 ῥυσὸν
1373 1601 1526 1644 exhibet,

854 1644 945 1689 quod
976 1645 1120 1677 aliorum
1155 1657 1292 1690 quoque
1319 1645 1524 1692 scriptorum

854 1690 988 1724 codices
1031 1690 1186 1724 meliores
1227 1692 1355 1726 habere
1402 1693 1524 1727 solent.

856 1736 956 1769 Conf.
983 1748 1068 1781 quos
1105 1736 1255 1770 laudavit
1279 1738 1463 1772 Passovius
1488 1740 1523 1774 in

853 1782 972 1816 lexico.
1023 1783 1184 1816 Ceterum
1219 1784 1409 1818 Ruhnkenii
1439 1797 1521 1819 con-

854 1829 1019 1862 iecturam
1045 1829 1089 1862 ad
1114 1829 1202 1863 Tim.
1226 1830 1291 1863 lex.
1319 1833 1382 1864 l.c.
1407 1843 1522 1875 gram-

855 1875 1014 1908 maticum
1041 1880 1076 1908 et
1100 1880 1218 1909 nostro
1243 1881 1277 1910 et
1294 1877 1430 1911 Timaei
1447 1877 1520 1912 loco

857 1919 985 1965 ῥικνὸς
1008 1933 1070 1967 pro
1106 1919 1221 1964 ῥυσὸς
1251 1922 1375 1966 legisse
1408 1924 1522 1970 suspi-

856 1968 964 2002 cantis
989 1968 1123 2001 codices
1146 1980 1213 2002 non
1237 1969 1451 2004 confirmant.

901 2058 966 2094 καὶ
989 2057 1039 2103 μὴ
1066 2056 1171 2104 ἡδεῖς
1189 2058 1260 2105 τὴν
1279 2057 1384 2106 ὄψιν]
1408 2067 1522 2097 veter-

855 2108 995 2151 nosique
1018 2106 1092 2140 Fic.

902 2198 1249 2252 φιλογυμναστῶσι]
1275 2199 1332 2233 Ita
1356 2199 1456 2233 Vind.
1472 2200 1523 2254 ‘R

856 2251 1030 2324 ⁰⁹·“‘³⁰3¹3⁵
1055 2256 1135 2325 ¹132?
1138 2247 1353 2326 τὺὲἕιλὲζῖμ
1356 2247 1527 2327 ”ssssfflss‘

854 2291 983 2371 Effib.
1008 2316 1083 2374 Ald.
1107 2317 1189 2371 Bas.
1209 2317 1264 2372 ab.
1298 2318 1524 2386 (;>“ι2.ογυ,ιινι>ιζ

856 2383 991 2417 στῶσιν
1014 2384 1207 2418 Bekkerus.

902 2475 1001 2519 Δία]
1037 2473 1093 2512 δι”
1140 2476 1239 2510 Vind.
1272 2476 1312 2510 F.
1359 2476 1446 2521 Aug.
1483 2477 1524 2512 B.

855 2521 949 2556 Flor.
972 2522 1017 2557 R.
1049 2519 1118 2557 Δί’
1143 2523 1334 2557 Bekkerus.
1360 2521 1425 2556 διὰ
1447 2523 1526 2557 Ald.

901 2614 1069 2658 γελοῖον]
1095 2616 1239 2658 γελοιον
1263 2613 1351 2648 Lob.
1380 2612 1527 2658 γέλοιον

856 2660 949 2694 Mon.
981 2661 1021 2695 B.
1054 2661 1132 2694 Ald.
1169 2662 1250 2695 Bas.
1278 2672 1311 2696 a.
1342 2661 1524 2695 Bekkerus

856 2711 892 2740 et
930 2707 1046 2740 Astius
1092 2707 1127 2740 in
1176 2718 1244 2741 sec.
1280 2711 1316 2741 et
1350 2711 1432 2741 tert.
1467 2707 1522 2744 ed,

855 2755 1012 2787 Γελοῖον
1060 2753 1181 2798 Steph.
1214 2753 1432 2788 maiusculam
1480 2754 1524 2787 ab

854 2799 941 2833 Aldo
966 2798 1110 2844 positam
1134 2811 1311 2842 revocans,
1336 2811 1438 2844 quam
1453 2800 1524 2834 Ba-

854 2845 1015 2880 sileenses
1037 2849 1135 2880 recte
1158 2846 1359 2881 minuerant.
