1807 3219
487 166 826 210 CIVITAS
866 167 989 211 LIB.
1015 168 1089 211 VI.
1114 170 1182 209 488

1444 173 1529 213 153

136 276 506 334 ἀπολογούμενον
533 276 647 335 ’ὑπὲρ
678 279 851 333 αὐτῶν,
894 279 992 325 οἷον
1033 282 1079 325 οἱ
1105 285 1291 337 γραφεῖς
1322 281 1529 337 τραγελά-

137 363 254 401 φους
284 347 358 390 καὶ
397 346 451 391 τοὶ
488 350 674 391 τοιαῦτα
705 350 936 405 μιγνύντες
963 349 1199 406 γράφουσι.

1250 348 1417 406 νόησον
1443 351 1528 405 γαρ

137 416 360 459 τοιουτονὶ
395 415 637 473 γενόμενον
666 418 748 460 εἴτε
787 422 963 461 πολλῶν
1000 421 1114 461 νεῶν
1152 416 1254 471 πέρι
1293 420 1375 461 εἴτε
1406 422 1528 474 μιᾶς·

134 483 390 541 ναύκληρον
427 483 600 540 μεγέθει
634 485 714 541 μὲν
742 485 816 529 καὶ
847 485 973 543 ῥώμῃ
1007 484 1119 540 ὑπὲρ
1158 484 1264 536 τούς
1293 485 1341 528 ἐν
1375 490 1430 543 τῇ
1459 487 1534 542 νηῒ

134 553 317 606 πάντας,
346 551 594 610 ὑπόκωφον
627 554 674 598 δὲ
702 553 777 597 καὶ
807 551 982 608 ὁρῶντα
1006 553 1213 606 ὡσαύτως
1235 553 1376 610 βραχύ
1398 572 1439 598 τι
1458 555 1533 598 καὶ
1562 563 1600 605 Β

134 621 439 678 γιγνώσκοντα
468 623 568 677 περὶ
596 626 821 666 ναυτικῶν
847 622 973 676 ἕτερα
993 627 1202 676 τοιαῦτα,
1232 623 1337 674 τούς
1358 623 1404 666 δὲ
1423 622 1534 667 ναύ-

133 706 212 742 τας
243 689 556 746 στασιάζοντας
585 692 699 747 πρὸς
730 689 947 748 ἀλλήλους
977 693 1075 748 περὶ
1107 695 1184 749 τῆς
1213 690 1534 749 κυβερνήσεως,

181 812 403 861 μιγνύντες]
427 827 490 862 μιγ
490 817 621 857 vivres
643 817 744 853 Vind.
764 817 806 853 F.

136 859 230 896 Mon.
255 862 297 896 Β.
322 863 398 897 Ald.
423 864 504 898 Bas.
530 864 584 898 ab.

182 904 344 953 νόησον]
369 908 510 954 νοητὸν
533 909 636 947 Vind.
658 910 703 944 E.

183 975 277 1022 γὰρ]
305 991 371 1013 om.
395 979 472 1013 Fic.

184 1023 396 1069 τοιουτονὶ]
430 1025 606 1059 τοιοῦτον
633 1025 736 1059 Vind.
760 1026 806 1060 F.

138 1069 227 1150 AHng.
251 1071 293 1106 B.
334 1070 488 1107 τουτονὶ
522 1072 624 1109 Vind.
647 1072 692 1108 E.
724 1074 806 1108 Vat.

184 1185 312 1231 μιᾶς·]
355 1185 466 1230 μιᾶς,
499 1187 586 1223 Lob.
627 1187 728 1221 Vind.
764 1187 806 1222 B.

137 1232 252 1276 Vulgo
284 1236 364 1277 post
385 1233 474 1276 μιᾶς
509 1233 601 1267 nulla
623 1233 807 1287 interpun-

139 1278 252 1313 ctione
275 1281 417 1312 utuntur
440 1284 476 1313 et
499 1283 578 1325 post
594 1277 806 1333 ναύκληρον

139 1336 271 1359 comma
298 1328 466 1380 ponunt,
512 1326 611 1371 quasi
656 1327 806 1360 πολλῶν

137 1382 234 1404 νεων
257 1368 345 1415 πέρι
376 1368 584 1416 ναύκληρος
608 1372 674 1406 dici
698 1373 807 1418 possit

138 1417 258 1451 eodem
303 1429 434 1460 sensu,
482 1430 549 1463 quo
598 1416 807 1474 ναύκληρος

137 1463 286 1497 πολλῶν
301 1464 407 1505 νεῶν,
421 1465 701 1518 quemadmodum
722 1476 806 1508 αρε-

138 1510 206 1553 τῆς
222 1507 308 1554 πέρι
325 1507 574 1551 διδασκάλους
600 1511 698 1545 Plato
723 1511 808 1544 dicit

138 1556 275 1590 Menon.
307 1568 340 1601 p.
373 1559 431 1591 90.
463 1558 505 1591 Β.
553 1554 653 1596 εἶδος
686 1555 806 1601 λόγων

138 1600 224 1647 πέρι
257 1601 332 1636 Civ.
374 1602 416 1637 L.
439 1603 504 1637 ΠΙ.
534 1616 568 1649 p.
594 1605 677 1639 392.
700 1606 742 1638 A.
769 1606 804 1637 et

138 1648 227 1692 alia,
271 1660 380 1694 quae,
424 1649 491 1683 etsi
533 1662 660 1684 summo
703 1661 805 1684 sensu

138 1695 233 1729 salvo
275 1706 394 1729 carere
431 1696 684 1741 praepositione
724 1708 805 1749 pos-

137 1746 239 1784 sunt,
271 1753 393 1775 nexum
418 1747 533 1776 tamen
556 1742 719 1776 laxiorem
742 1742 806 1776 mi-

139 1800 271 1833 nusque
309 1788 557 1830 necessarium,
604 1800 708 1833 quam
745 1788 804 1833 qui

139 1834 211 1868 solo
235 1833 385 1878 genitivo
408 1835 587 1876 indicatur,
611 1834 806 1879 significant

143 1884 180 1914 et
208 1881 283 1914 fere
315 1880 466 1914 additum
499 1883 636 1915 verbnm
666 1881 805 1922 habent,

143 1938 210 1972 quo
244 1926 453 1972 praepositio
487 1939 595 1972 aeque
625 1932 729 1972 atque
765 1906 808 1960 ad

143 1985 266 2007 nomen
304 1972 480 2017 respiciat.
537 1973 608 2007 Sed
640 1972 810 2006 dominum

142 2019 236 2053 inter
256 2021 292 2052 et
313 2031 386 2052 rem
409 2031 601 2064 possessam
624 2031 732 2053 nexus
756 2019 809 2052 in-

143 2065 292 2099 tercedit
327 2065 387 2098 vel
417 2066 558 2100 maxime
587 2065 811 2107 necessarius,

144 2123 254 2156 eoque
286 2110 396 2145 minus
437 2112 492 2146 hic
532 2112 722 2157 periphrasi
751 2112 810 2146 isti

143 2158 240 2190 locus
264 2161 358 2199 erat,
394 2158 483 2204 quod
516 2159 662 2203 plurium
685 2158 741 2191 ille
767 2169 809 2191 an

146 2203 246 2237 unius
279 2203 376 2237 navis
408 2204 560 2239 dominus
601 2208 693 2238 esset
730 2203 810 2237 nihil

143 2250 278 2282 referre
300 2249 487 2292 diceretur,
512 2262 601 2304 quae
624 2250 809 2284 enuntiatio

146 2295 333 2349 simplicem
355 2296 500 2331 rationis
522 2297 650 2342 ipsius,
675 2296 729 2330 cui
749 2308 810 2340 ge-

148 2341 278 2375 nitivus
322 2340 493 2384 inservit,
547 2342 810 2377 declarationem

146 2387 354 2432 postulabat.
399 2388 524 2433 Neque
554 2400 636 2422 vero
667 2388 710 2422 ad
732 2400 813 2422 ver-

145 2434 226 2467 bum
249 2433 421 2478 respicere
453 2434 664 2489 praepositio
686 2438 812 2489 potest,

147 2491 250 2525 quum
273 2479 466 2523 γίγνεσθαι
491 2481 588 2515 νεῶν
616 2479 703 2524 πέρι
722 2478 811 2515 ναύ-

147 2527 283 2570 κληρον
308 2537 374 2560 ιιοιι
403 2527 532 2571 magis,

145 2571 323 2617 probabile
344 2572 408 2615 sit,
431 2573 606 2607 τοιοῦτον
623 2572 814 2617 γίγνεσθαι

148 2621 262 2652 autem
309 2630 443 2652 sensum
479 2631 620 2664 prorsus
667 2620 811 2654 alienum

148 2664 309 2698 exhibeat
331 2668 366 2698 et
389 2665 559 2699 dominum
590 2665 735 2710 cogitari
757 2666 812 2699 iu-

147 2710 231 2744 beat
254 2711 358 2744 talem
381 2723 465 2756 erga
487 2723 593 2746 naves
617 2723 692 2745 sese
710 2724 813 2756 prae-

151 2759 314 2797 stantem,
364 2759 499 2802 qualem
536 2758 715 2803 sequentia
751 2758 812 2792 do-

149 2806 240 2836 cent.
285 2804 443 2846 Accedit,
476 2804 568 2849 quod
598 2804 642 2838 ad
671 2803 813 2837 univer-

150 2859 221 2882 sam
265 2849 420 2894 pluribus
475 2849 609 2885 scilicet
658 2850 813 2897 partibus

580 2539 681 2583 quam
715 2523 812 2561 εἶναι
830 2556 835 2562 .

864 817 1085 854 constitutam
1121 817 1375 851 similitudinem
1406 817 1532 863 potius,

863 877 964 911 quam
999 865 1044 899 ad
1068 876 1168 898 unam
1203 863 1276 898 eius
1311 869 1445 909 partem
1467 875 1532 897 nec

861 912 972 957 ipsam
1020 910 1255 955 gravissimam
1302 911 1532 944 advertendus

863 958 1063 992 Adimantus
1096 960 1192 997 erat,
1226 956 1285 1001 qui
1316 968 1435 990 sensus
1469 968 1531 989 no-

863 1011 939 1038 stra
961 1003 1232 1048 interpunctione
1257 1002 1427 1036 efficitur:
1455 1003 1529 1036 Fac

863 1051 1096 1084 huiuscemodi
1116 1049 1251 1094 aliquid
1270 1050 1312 1082 de
1333 1049 1448 1083 multis
1464 1061 1531 1082 na-

862 1098 977 1138 vibus,
1005 1097 1076 1130 sivc
1105 1097 1148 1129 de
1173 1107 1245 1129 una
1273 1096 1403 1136 mavis,
1438 1096 1532 1128 acci-

863 1143 972 1176 disse:
999 1143 1173 1176 dominum
1200 1142 1320 1174 robore
1342 1153 1454 1175 omnes
1473 1153 1532 1174 su-

859 1200 987 1233 perure
1005 1194 1133 1221 nautas
1151 1190 1217 1220 etc.
1249 1188 1362 1232 Atque
1384 1187 1435 1220 ita
1456 1188 1532 1220 fere

862 1234 963 1268 finita
983 1233 1239 1290 comparatione
1249 1233 1341 1266 infra
1351 1234 1393 1266 Ε.
1404 1231 1531 1266 τοιού-

863 1293 938 1314 των
964 1278 1010 1324 δὴ
1040 1279 1126 1323 περι
1152 1277 1222 1318 τὰς
1248 1279 1342 1318 ναῦς
1364 1277 1532 1323 γιγνομέ-

861 1338 937 1360 νων
958 1326 1062 1360 dicit:
1082 1338 1183 1371 quum
1202 1327 1294 1360 talia
1308 1327 1451 1359 navibus
1471 1338 1532 1359 ac-

864 1374 996 1406 cidunt.
1056 1372 1160 1405 Initio
1194 1384 1273 1405 vero
1304 1372 1532 1416 comparatio-

863 1418 916 1452 nis
961 1418 1111 1462 genitivo
1159 1417 1289 1460 utitur,
1333 1418 1415 1462 quia
1452 1418 1535 1450 nihil

865 1464 955 1498 aliud
979 1465 1042 1498 nisi
1066 1464 1296 1505 finesflintra
1319 1476 1404 1510 quos
1429 1462 1534 1507 γενό-

863 1522 976 1554 μενον
1009 1511 1090 1544 illud
1122 1515 1300 1552 versetur,
1338 1510 1535 1544 describere

865 1562 901 1591 et
925 1557 967 1590 de
991 1557 1134 1591 navibus
1172 1568 1360 1590 sermonem
1385 1558 1535 1590 futuriun

863 1603 1099 1637 demonstrare
1110 1603 1202 1636 vult:
1221 1603 1378 1647 exposita
1394 1615 1431 1636 re
1451 1615 1533 1647 pro—

860 1650 940 1694 pius
958 1649 1046 1682 idem
1067 1649 1109 1682 ad
1123 1661 1226 1682 naves
1247 1649 1404 1682 admovet
1422 1649 1534 1692 ipsas-

861 1707 929 1739 que
953 1707 994 1729 eo
1020 1695 1112 1728 affici
1132 1695 1324 1728 accusativo
1345 1695 1531 1739 significat.

862 1741 966 1783 Quod
997 1741 1176 1776 discriinen
1210 1753 1312 1786 quum
1338 1753 1380 1774 ex
1405 1741 1534 1774 utrius—

862 1801 929 1833 que
955 1800 1052 1822 casus
1076 1792 1200 1821 natura
1224 1788 1361 1832 prodit,
1386 1793 1457 1820 tum
1482 1788 1535 1820 lo-

863 1847 902 1868 co
935 1835 1020 1879 Leg.
1055 1834 1097 1867 L.
1124 1834 1238 1867 VIIII.
1275 1845 1352 1888 pag.
1379 1835 1458 1869 869.
1489 1834 1534 1867 E.

863 1881 1104 1914 confirmatur·
1125 1880 1187 1913 καὶ
1205 1878 1253 1913 τὰ
1272 1891 1338 1922 μεν
1359 1878 1403 1923 δὴ
1412 1877 1535 1935 βίαιά

865 1938 905 1960 τε
925 1925 989 1960 καὶ
1009 1923 1170 1960 οἷκούσια
1190 1925 1253 1960 καὶ
1272 1924 1368 1959 κατὰ
1381 1924 1450 1960 τὸν
1463 1927 1533 1960 θυ-

865 1970 938 2017 μὸν
972 1970 1170 2016 γιγνόμενα
1204 1971 1317 2028 περὶ
1349 1969 1535 2027 φόνους

865 2018 1021 2075 μετρίως
1050 2017 1237 2073 εἰρήσθω·
1272 2015 1319 2052 τὰ
1357 2015 1396 2052 δὲ
1420 2017 1536 2062 περι

865 2078 887 2099 τ
902 2063 926 2098 ὰ
954 2062 1072 2099 ὲκού
1088 2075 1168 2098 σια
1192 2063 1255 2098 καὶ
1279 2061 1358 2098 κατ’
1385 2062 1536 2098 ἁδικιαν

867 2112 994 2145 πᾶσαν
1017 2109 1218 2155 γιγνόμενα
1243 2109 1330 2144 τού
1342 2124 1362 2144 τ
1375 2123 1434 2144 ων
1459 2122 1486 2144 π
1501 2110 1535 2144 ε’-

867 2170 914 2201 ρι
944 2156 1008 2192 καὶ
1046 2156 1248 2214 ἐπιβουλῆς
1279 2154 1326 2190 δι’
1353 2153 1472 2201 ἥττας
1492 2154 1536 2201 ἡ·

867 2204 991 2238 δονῶν
1032 2215 1071 2238 τε
1113 2202 1177 2237 καὶ
1220 2200 1432 2260 ἐπιθυμιῶν
1471 2202 1536 2237 καὶ

866 2247 1049 2294 φθόνων,
1087 2250 1209 2284 ταῦτα
1237 2246 1312 2293 μετ’
1349 2247 1470 2283 ἐκεῖνα
1493 2247 1536 2294 ή-

864 2299 929 2341 μῖν
968 2294 1127 2331 λεκτέον.
1188 2296 1256 2330 Hic
1289 2297 1430 2330 eandem
1463 2308 1536 2329 rem

865 2343 1023 2395 primum
1027 2341 1222 2376 accusativo
1232 2339 1425 2386 (φόνους),
1439 2342 1536 2375 dein-

869 2389 932 2430 de,
968 2389 1049 2434 quia
1072 2388 1162 2422 idem
1194 2400 1295 2421 casus
1318 2388 1362 2422 ad
1387 2388 1459 2421 eius
1484 2387 1538 2422 rei

867 2440 1000 2480 partem
1035 2433 1113 2477 (τὰ
1146 2431 1329 2477 εκούσια)
1364 2434 1536 2468 adhibitus

869 2486 942 2523 est,
966 2480 1117 2525 genitivo
1142 2478 1324 2524 (τούτων)
1345 2484 1465 2525 utpote
1483 2483 1537 2514 la-

867 2527 936 2561 tius
960 2527 1042 2572 quid
1075 2527 1274 2572 designante
1306 2526 1452 2570 positam
1481 2527 1536 2561 vi-

868 2573 995 2607 demus.
1057 2573 1157 2607 Conf.
1201 2572 1403 2616 Bernhardy
1444 2578 1534 2616 synt.

867 2631 902 2673 p:
928 2621 1006 2654 261.
1030 2623 1067 2652 et
1090 2621 1169 2654 262.
1194 2622 1229 2652 et
1253 2630 1342 2664 quae
1366 2630 1409 2652 ex
1432 2619 1537 2653 Stur-

869 2665 912 2698 zii
936 2665 1165 2710 disputatione
1189 2665 1398 2698 Schaeferus
1422 2665 1458 2698 in
1481 2665 1535 2699 in-

868 2711 943 2745 dice
960 2711 1155 2766 ’ΝΑΡοΙΙοιιίι
1161 2712 1270 2744 refert
1291 2722 1326 2756 p.
1353 2712 1430 2746 672.

914 2755 1081 2800 πάντας]
1129 2753 1299 2799 ἅπαντας
1341 2756 1441 2790 Vind.
1489 2757 1533 2790 E.

870 2804 921 2847 (V
923 2815 974 2837 en
998 2804 1043 2837 Β
1066 2803 1159 2836 Flor.
1185 2803 1244 2847 C.)
1271 2814 1345 2838 cum
1370 2802 1531 2837 editioni-

867 2851 932 2885 bus
956 2853 1035 2885 ante
1057 2849 1263 2884 Bekkerum.
