1807 3219
284 172 342 212 84
740 165 1215 210 PLATONIS

286 279 449 332 αὐτούς
464 295 511 323 τε
529 279 604 323 καὶ
624 278 731 330 τούς
756 278 1014 334 πολεμίους,·
1045 271 1110 332 ἆρ’
1142 276 1290 333 ὀρθῶς
1312 292 1388 333 μοι
1406 277 1668 332 καταφαίνε-

284 366 370 401 ται,
390 348 419 406 ἢ
440 347 519 399 οὕς
549 346 662 403 Λέγ’,
689 346 793 402 ἔφη,
814 345 911 390 ποῖ’
930 344 997 389 ἄν.
1027 343 1189 388 Αὐτῶν
1205 345 1306 400 μὲν,
1327 342 1474 396 εἶπον,
1504 343 1585 388 τόν
1605 348 1669 388 λι-

285 416 428 461 πόντα
455 415 577 468 τάξιν
605 415 635 471 ἢ
665 415 778 459 ὅπλα
798 411 1078 470 ἀποβαλόντα
1097 411 1126 469 ἤ
1146 429 1186 455 τι
1203 415 1292 455 τῶν
1309 411 1524 456 τοιούτων
1541 412 1669 470 ποιή-

287 496 428 528 σαντα
454 483 526 527 διὰ
545 482 687 539 κάκην
706 477 793 538 ἆρα
817 479 871 526 οὐ
892 480 1165 537 δημιουργόν
1186 496 1284 523 τινα
1314 482 1382 524 δεῖ
1407 479 1671 524 καθιστάναι

232 566 233 569 ’
285 552 316 609 ἢ
344 552 567 608 γεωργόνς
598 550 727 594 Πάνυ
730 549 836 632 —stffi'
865 544 962 594 οὗν.
1011 550 1100 593 Τὸν
1129 549 1175 592 δὲ
1205 552 1344 602 ζῶντα
1378 550 1438 599 εἷς
1465 547 1571 599 τούς
1589 564 1670 591 πο-

286 622 464 678 λεμίους
511 618 674 663 ἁλόντα
715 613 793 673 ἆρ’
831 616 886 662 οὐ
928 615 1101 671 δωρεαν
1147 615 1321 660 διδόναι
1358 621 1452 667 τοῖς
1490 616 1670 660 θέλουσι

225 692 262 734 Β
285 693 477 746 χρῆσθαι
508 690 562 744 τῇ
593 685 705 743 άγρα
743 685 809 729 ὅτι
847 686 903 730 ἂν
941 684 1213 742 βούλωνταις
1251 686 1428 741 Κομιδῇ
1456 700 1517 740 γε.
1583 685 1670 728 Τὸν

288 757 336 802 δὲ
373 753 691 812 ἀριστεύσαντά
734 770 779 798 τε
815 753 890 798 καὶ
919 750 1269 809 εὐδοκιμήσαντα
1299 749 1353 796 οὐ
1383 756 1562 807 πρῶτον
1590 751 1670 808 μὲν

287 901 424 949 ἀγωγή.
470 902 541 937 Sed
566 902 718 936 codicum
742 913 864 936 caussa
879 901 949 935 uti-

286 963 354 996 que
400 949 658 1002 praeferendum
706 952 759 982 est
810 944 949 991 ἑκτέον,

286 997 379 1042 quod
411 996 528 1030 Astius
563 995 599 1029 in
631 1006 700 1029 sec.
729 1005 771 1028 ex
803 995 883 1028 Bas.
916 995 950 1028 b.

285 1043 429 1098 recepit.

335 1085 498 1143 αὐτούς]
525 1086 610 1120 Lob.
635 1086 736 1121 Vind.
758 1085 832 1119 BD.
859 1085 951 1119 Mon.

287 1136 329 1170 B.
363 1130 425 1168 αὖ.
453 1133 555 1167 Vind.
579 1132 656 1166 EF.
689 1132 764 1166 Ald.
788 1132 870 1165 Bas.
895 1131 951 1165 ab.

287 1182 408 1225 steph.
434 1181 508 1213 Ast.
534 1189 586 1232 pr.
621 1178 710 1222 quod
735 1177 778 1211 ad
803 1177 953 1222 priorem

286 1226 443 1261 lectionis
490 1221 625 1257 άκτέον
669 1223 953 1268 significationem

288 1285 354 1307 non
378 1273 528 1328 ineptum
554 1272 639 1303 erat.

334 1312 415 1362 ἄρ’]
454 1316 528 1361 ἄρα
551 1315 653 1352 Vind.
675 1315 718 1348 E.
753 1309 828 1359 ἄρα
851 1313 952 1350 Vind.

287 1405 494 1492 ΕἸῗτοῖΑὸῗ,
505 1409 702 1490 Fgliiacegilg.
717 1406 783 1486 πΙτζοῑ
794 1405 950 1485 ξὶῗηὲέ.

288 1505 329 1538 Α.
355 1504 433 1538 Vat.
446 1504 490 1538 Η.
514 1502 566 1545 πῆ
589 1497 637 1535 ἄν
659 1500 756 1533 Flor.
769 1499 813 1532 T.
835 1500 950 1531 ποῖαν

288 1549 392 1585 Vind.
415 1550 458 1582 F.
494 1548 610 1582 ποιαν
638 1546 723 1579 Lob.
751 1544 852 1579 Vind.
877 1543 950 1577 BD.

289 1596 370 1630 Vat.
394 1595 473 1630 BM.
497 1596 583 1629 Ven.
609 1593 651 1627 C.
676 1592 754 1625 Par.
779 1590 821 1624 D.
857 1591 950 1622 ποῖα

288 1643 375 1677 Ven.
399 1642 440 1676 B.
465 1643 553 1684 Aug.
576 1640 618 1673 B.
640 1638 736 1671 Flor.
760 1636 803 1670 R.
837 1638 951 1669 ποῖον

287 1687 382 1722 Mon.
405 1688 446 1721 B.
470 1687 565 1719 Fior.
587 1685 666 1718 UV.
698 1694 774 1716 cum
793 1682 951 1715 editioni-

288 1734 353 1768 bus
387 1736 524 1777 praeter
546 1730 808 1764 Bekkerianam.
850 1728 950 1784 quid-

287 1780 399 1814 uam?
415 1779 492 1813 Fic.
517 1777 660 1822 (omisso
678 1772 787 1819 λέγε)
812 1776 881 1807 ποῖ
888 1768 951 1806 ’ἂν

288 1826 440 1859 breviter
464 1825 590 1858 dictum
614 1822 746 1876 accipio
770 1832 839 1874 pro
857 1822 951 1853 ποῖα

289 1866 338 1904 ἂν
368 1867 462 1905 ὄντα
493 1867 542 1903 τὰ
576 1867 660 1911 περὶ
688 1865 757 1901 τὸν
789 1863 951 1908 πόλεμον

290 1914 421 1961 ὀρθῶς
450 1914 542 1959 ἔχειν
565 1912 690 1957 λέγεις.
727 1908 775 1946 οὶν
795 1912 837 1945 ad
857 1914 950 1945 ποῖα

287 1963 439 2008 pertinet
468 1967 505 1995 et
536 1971 650 1994 rerum
678 1959 810 1992 illarum
834 1958 950 1992 condi-

286 2009 432 2049 tionem,
457 2008 538 2053 quia
555 2007 721 2040 incertum
745 2007 840 2045 erat,
864 2015 949 2048 qua-

283 2054 328 2088 lis
351 2054 490 2088 Socrati
520 2053 693 2098 placeret,
723 2050 889 2084 incertam
912 2052 948 2083 et

286 2101 462 2134 fortuitam
495 2099 603 2144 ponit.
651 2097 763 2131 Simili
797 2096 947 2129 brevilo-

285 2147 427 2202 quentia
457 2145 650 2201 Sophocles
680 2143 825 2182 Philoct.
857 2143 945 2176 568·

285 2190 382 2236 πρὸς
406 2194 517 2225 ποῖον
538 2186 584 2225 ὃὶν
606 2186 717 2225 τόνδ’
739 2185 856 2227 αὐτὸς
881 2184 946 2222 ὀῦ-

285 2236 441 2277 δυσσεὺς
474 2236 592 2277 έπλει;
642 2235 698 2270 Cf.
732 2235 947 2268 Hermannus

283 2284 327 2318 de
359 2284 527 2329 particula
560 2278 608 2317 ὂὶν
640 2282 682 2317 L.
707 2280 788 2315 1111.
813 2292 887 2325 cap.
912 2280 945 2314 4.

282 2342 362 2376 pag.
389 2330 512 2364 11248.
536 2341 586 2374 sq.
620 2332 656 2362 et
684 2327 726 2362 L.
750 2327 779 2362 I.
813 2337 887 2371 cap.
912 2327 946 2361 9.

282 2378 453 2422 p.11198.
478 2375 522 2410 ad
546 2377 674 2409 calcem
696 2373 849 2407 thesauri
866 2373 947 2406 Ste-

282 2422 444 2477 phaniani
468 2421 510 2456 ab
535 2423 611 2464 Ang
612 2421 654 2476 lis
677 2419 774 2454 editi.

329 2465 492 2512 Αυτῶν]
542 2465 664 2501 αυτὸν
710 2465 797 2500 Lob.
843 2463 944 2500 Vind.

279 2514 421 2549 BDEF.
444 2515 530 2550 Ven.
554 2515 596 2548 Β.
627 2513 705 2547 Par.
729 2511 774 2546 K.
806 2510 944 2545 secund.

281 2560 393 2595 Bekk.
417 2561 503 2605 Ang.
513 2560 554 2593 Β.
578 2560 659 2596 Vat.
683 2557 768 2591 ΗΜ.
795 2558 945 2590 arbitror

280 2618 380 2648 cum,
405 2608 462 2650 qui
484 2625 527 2631 -—
549 2617 620 2640 esse
640 2603 944 2639 transmittendum

279 2652 356 2686 F1c
403 2652 498 2685 Inest
520 2652 555 2685 in
585 2647 712 2686 αὐτῶν
735 2648 943 2693 significatio

279 2698 405 2743 prioris
430 2710 472 2731 ex
496 2698 640 2737 duobus,
665 2707 753 2741 quae
771 2706 942 2739 exponen-

279 2744 323 2777 da
346 2744 497 2788 suscepit
520 2743 702 2783 Socrates,
727 2740 942 2786 quemadmo-

277 2790 357 2823 dum
379 2790 448 2835 ipsi
470 2789 558 2823 inter
576 2799 654 2823 sese
672 2799 776 2833 agere
794 2787 941 2821 debeant

278 2836 413 2871 milites.

1051 898 1179 945 τάξιν]
1205 897 1275 944 τὴν
1294 897 1401 942 τάξιν
1429 900 1527 935 Flor.
1545 901 1591 935 T.

1052 959 1088 980 τι
1110 947 1187 981 τῶν
1214 944 1416 991 τοιούτων]
1453 944 1607 981 τοιοῦτό
1633 958 1670 980 τι

1005 993 1107 1030 Vind.
1131 993 1205 1027 BD.

1052 1036 1193 1082 κάκην]
1227 1035 1366 1081 κάκκην
1390 1037 1492 1074 Vind.
1516 1038 1558 1072 Ε.
1605 1037 1669 1072 Ti-

1006 1096 1122 1118 maeus
1147 1085 1211 1118 lex.
1235 1095 1269 1137 p.
1297 1085 1380 1118 152:
1413 1081 1529 1138 κάκη’
1556 1079 1579 1128 ἡ
1605 1096 1669 1117 κα-

1008 1131 1092 1173 κία,
1119 1126 1170 1169 (ὂς
1192 1126 1313 1173 πλάνη
1331 1128 1394 1163 καὶ
1416 1127 1517 1174 ζάλη.
1540 1130 1600 1163 ubi
1625 1130 1671 1165 cf.

1009 1157 1301 1217 Βυ11ῃ1ζεῃ1υε,α
1324 1188 1390 1220 quo
1415 1176 1571 1210 laudatus
1595 1176 1668 1210 Eu-

1010 1223 1156 1257 stathius
1189 1222 1233 1255 ad
1265 1222 1305 1255 11.
1331 1222 1429 1256 ΧΠΙ.
1454 1224 1533 1257 623.
1570 1222 1671 1256 huius

1009 1267 1294 1355 {igt‘ffissff‘iffiffi
1327 1279 1434 1358 2225.
1447 1274 1563 1347 ”3⁵³⁰
1595 1270 1671 1302 0000

1231 1326 1236 1331 ·
1485 1326 1671 1348 ommunem

1009 1361 1223 1394 existimasse
1244 1359 1398 1401 videtur,
1431 1360 1508 1393 dum
1531 1360 1671 1394 scribit·

1008 1403 1103 1450 κάκη
1127 1403 1198 1449 γὰρ
1224 1402 1269 1438 οὐ
1289 1403 1408 1459 μόνον
1427 1403 1451 1450 ἡ
1472 1405 1584 1439 κακία
1606 1418 1671 1439 κα-

1009 1451 1056 1486 τὰ
1075 1450 1166 1491 τοὺς
1183 1450 1267 1495 περὶ
1284 1448 1479 1495 Πλάτωνα,
1496 1449 1589 1485 ἀλλὰ
1607 1450 1671 1486 καὶ

1006 1495 1029 1542 ἡ
1049 1498 1176 1533 δειλία.
1202 1498 1272 1531 Sed
1295 1501 1416 1531 neutra
1438 1498 1572 1532 Platoni
1590 1510 1673 1544 pro-

1006 1546 1095 1589 pria.
1145 1544 1200 1579 Cf.
1224 1547 1361 1588 praeter
1390 1544 1483 1579 locos
1509 1556 1529 1578 a
1553 1545 1671 1578 Ruhn-

1007 1591 1108 1625 kenio
1152 1591 1273 1624 allatos
1314 1590 1436 1634 Eurip.
1475 1590 1671 1635 Belleroph.

1007 1637 1098 1681 apud
1131 1638 1228 1673 Stob.
1264 1647 1363 1669 serm.
1399 1636 1444 1671 X.
1475 1648 1554 1682 pag.
1592 1638 1670 1672 127.

1007 1683 1166 1727 Aeschyl.
1190 1684 1288 1726 Sept.
1314 1683 1392 1717 192.

1054 1744 1160 1808 ἆρα]
1187 1747 1235 1795 ἄρ
1239 1762 1263 1784 α
1288 1750 1389 1786 Vind.
1412 1751 1457 1786 F.
1490 1751 1565 1786 Ald.
1589 1752 1670 1785 Bas.

1007 1798 1063 1832 ab.
1099 1794 1160 1842 ἄρ’
1179 1798 1264 1831 Lob.
1291 1797 1392 1833 Vind.
1416 1797 1490 1832 BD.
1516 1799 1596 1834 Vat.
1620 1798 1670 1833 Μ.

1054 1866 1132 1911 δεῖ]
1160 1864 1206 1911 δὴ
1234 1866 1334 1903 Vind.
1358 1866 1404 1902 F.

1052 1933 1297 1979 καθιστάναι]
1323 1932 1553 1969 καθεστάναι
1568 1934 1670 1971 Vind.

1006 1980 1049 2016 E.
1073 1982 1168 2016 Flor.
1190 1982 1231 2016 C.
1256 1981 1485 2015 καθιστάναι
1508 1982 1608 2017 Vind.
1623 1982 1669 2017 F.

1050 2048 1233 2095 γεωργόν]
1271 2050 1442 2096 γεωργῶν
1473 2051 1555 2087 vat.
1578 2050 1624 2084 H.
1647 2061 1670 2084 a

1002 2107 1046 2131 m.
1070 2109 1123 2142 pr.

1050 2164 1124 2210 εἰς]
1161 2161 1201 2198 ἕσ
1230 2135 1324 2199 Mon.
1355 2164 1399 2199 B.
1435 2176 1510 2199 cum
1550 2164 1667 2200 litura.

1003 2211 1046 2246 ab
1067 2211 1256 2256 (hostibus)
1274 2211 1352 2246 Fic.

1047 2276 1160 2324 τούς]
1188 2292 1253 2314 om.
1278 2281 1364 2315 Ven.
1390 2279 1432 2314 Β.

1048 2325 1277 2381 πολεμίους]
1306 2324 1485 2381 πολεμίου
1519 2325 1599 2360 Par.
1623 2325 1666 2361 D.

1050 2368 1193 2406 ἁλόντα
1218 2368 1300 2416 ἆρ’]
1329 2368 1386 2406 άλ.
1412 2367 1469 2416 ἄρ’
1494 2371 1596 2408 Vind.
1621 2372 1666 2407 F.

1048 2438 1216 2485 θέλουσι]
1243 2438 1389 2484 γέλουσι
1412 2439 1514 2475 Vind.
1534 2440 1577 2474 Ε.
1601 2440 1667 2474 Fi-

1001 2486 1097 2520 cinus
1119 2488 1182 2521 hoc
1205 2498 1384 2532 perperam
1414 2497 1488 2519 cum
1522 2484 1667 2530 δωρεὰν

1002 2531 1153 2567 διδόναι
1181 2539 1380 2567 construens
1411 2532 1551 2565 verbum
1582 2544 1603 2566 a
1626 2543 1666 2567 se

1001 2579 1145 2613 adiecit.
1168 2581 1274 2614 ctiam
1302 2579 1419 2624 gratis
1437 2578 1582 2612 reddere
1601 2591 1665 2613 vo-

1000 2626 1145 2659 lentibus
1162 2626 1432 2670 relinquendum.

1043 2694 1213 2739 Κομιδῇ]
1239 2689 1383 2737 κομηδή
1407 2691 1509 2729 Vind.
1534 2692 1577 2726 F.
1663 2684 1701 2728 B

1042 2774 1092 2807 γε.
1115 2761 1214 2808 Τὸν]
1240 2773 1300 2806 γε,
1325 2759 1394 2795 τὸν
1425 2760 1499 2795 Ald.

1041 2828 1140 2877 ὑπὸ]
1169 2830 1230 2867 ἐπὶ
1251 2831 1330 2866 Par.
1348 2828 1392 2863 K.
