1807 3219
273 421 314 464 D
344 422 580 474 φρονοῦσι.

339 171 424 211 206

796 130 1323 211 PLATONIS‘

339 279 419 332 τοὶς
447 278 596 333 πόλεις
628 279 749 340 αὐτῷ
776 281 1094 335 παρεδίδομεν,
1134 281 1210 324 καί
1237 296 1280 324 τι
1308 277 1479 337 μᾶλλον
1510 279 1617 325 αὐτὸ
1646 284 1733 326 νῦν

344 347 586 400 ἀκούοντες
614 349 912 404 πραῧνονταις
960 348 1050 392 Καὶ
1079 347 1194 392 πολύ
1222 365 1298 405 γε,
1334 345 1364 406 ἦ
1395 347 1436 392 δ’
1469 347 1542 401 ὃς,
1580 351 1617 393 εἰ
1646 361 1732 393 σω-

642 421 713 474 Πῆ
742 417 828 473 γὰρ
865 417 919 473 δὴ
949 417 1123 470 ἕξουσιν
1153 415 1504 475 ἀμφισβητῆσαι,·
1545 417 1734 473 πότερον

341 485 400 542 μή
432 490 514 530 τοῦ
546 485 673 537 ὄντος
702 502 746 529 τε
777 486 852 529 καὶ
881 483 1093 541 ἀληθείας
1123 486 1310 541 ἐραστάς
1340 484 1575 538 εἶναιτοὺς
1605 491 1733 543 φιλο-

341 553 534 609 σόφουςς
571 554 762 599 ’Ἀτοπον
797 553 910 611 μέντ’
951 553 1033 608 ἂν,

1082 555 1165 611 ἔφη
1186 589 1198 608 ,
1243 557 1320 612 εἴη.
1383 553 1511 599 Ἀλλὰ
1554 554 1614 612 μὴ
1652 554 1734 611 τὴν

341 621 479 678 φύσιν
511 622 658 666 αὐτῶν
689 625 856 667 οἰκείαν
888 621 1002 667 εἶναι
1030 627 1113 667 τοῦ
1144 623 1351 678 ἀρίστου,
1380 622 1438 681 ἣν
1468 622 1592 680 ἡμεῖς
1614 623 1734 681 διήλ-

339 696 500 748 θομενς
531 692 646 736 Οὐδὲ
677 697 822 737 τοῦτο.
858 693 912 735 Τί
939 691 1011 744 621,-
1042 693 1122 748 τὴν
1151 690 1364 747 τοιαύτην
1392 697 1615 748 τυχοῦσαν
1643 696 1733 737 τῶν

338 760 655 817 προσηκόντων
687 760 1044 818 ἐπιτηδευμάτων
1075 759 1159 804 οὐκ
1189 758 1364 816 ἀγαθὴν
1381 760 1532 812 τελέως
1554 762 1733 806 ἔσεσθαι

340 830 415 873 καὶ
446 828 725 885 φιλόσοφον,
764 831 883 886 εἴπερ
927 829 1027 873 vivo}
1069 828 1225 886 ἄλλη-νς

275 906 312 947 Ε
338 901 528 954 μᾶλλον,
562 896 642 950 οὓς
671 896 794 955 ἡμεῖς
823 896 1133 955 ἄφωρίσαμεν,·
1185 896 1250 940 Ου’
1283 896 1336 953 δή
1366 913 1469 940 που.

1284 827 1313 884 ἢ
1342 828 1536 880 ἐκείνους
1575 828 1733 886 φήσειν

1516 896 1614 941 ”En
1651 893 1734 942 οὗν

338 964 606 1022 ἀγριανοῦσι
633 965 851 1023 λεγόντων
879 965 1029 1023 ἡμῶν,
1061 965 1128 1010 ὅτι
1157 966 1264 1019 πρὶν
1295 964 1352 1009 ἂν
1380 965 1550 1017 πόλεως
1577 966 1626 1011 τό
1655 985 1733 1023 φι-

340 1033 542 1092 λόσοφον
569 1035 697 1092 γένος
728 1035 932 1093 ἐγκρατὲς
961 1036 1161 1093 γένηται,
1194 1033 1295 1079 οὔτε
1324 1033 1448 1078 πόλει
1478 1034 1581 1079 οὔτε
1607 1036 1734 1080 πολί-

383 1185 449 1218 καί
481 1186 543 1230 τι]
591 1184 647 1218 Ita
686 1184 786 1219 Vind.
821 1185 864 1219 E.
911 1185 1006 1220 Flor.

339 1232 479 1266 ACTV.
526 1230 588 1265 καὶ
609 1230 646 1264 τί
677 1231 757 1265 Par.
782 1232 823 1265 A.
855 1231 934 1264 Vat.
960 1233 1005 1266 Η.

338 1276 402 1312 καὶ
433 1276 486 1311 ἔτι
518 1278 642 1322 reliqui
674 1277 807 1311 codices
842 1277 1005 1322 editique,

338 1325 430 1369 quod
463 1325 521 1368 qui
552 1324 720 1365 retinent,
750 1324 802 1357 ita
835 1324 1008 1368 interpre-

337 1370 407 1405 tari
439 1382 580 1404 necesse
611 1371 760 1412 habent,
808 1374 846 1403 ut
878 1370 1006 1414 placati

338 1417 458 1460 animi,
506 1428 572 1461 quo
620 1416 668 1450 illi
715 1428 804 1450 nunc
849 1420 1003 1460 utantur,

336 1463 565 1507 tranquillitas
604 1463 712 1496 maior
745 1462 879 1496 dicatur
915 1463 1004 1496 indi·

337 1510 520 1552 gnatione,
571 1521 638 1553 qua
681 1513 782 1543 antea
830 1509 883 1543 usi
925 1509 1004 1544 sint.

336 1555 430 1589 Nam
464 1555 554 1599 quod
591 1555 667 1599 ipsa
699 1557 808 1589 verba.
847 1555 1004 1608 suadent,

337 1606 375 1635 ut
400 1602 442 1635 ad
467 1600 520 1635 ἔτι
539 1601 680 1655 μᾶλλον
709 1602 880 1646 cogitetur
896 1597 919 1645 ἢ
941 1598 1004 1635 τό-

336 1659 401 1690 τε,
430 1643 492 1681 ὅτε
525 1644 643 1681 αυτὸν
670 1645 877 1692 ἐπῃνοῦμεν
909 1660 1005 1704 προς

338 1691 501 1750 αὐτούς,
539 1694 572 1727 id
598 1695 641 1727 ob
675 1695 854 1738 sequentia
885 1691 931 1728 δι’
959 1706 1004 1728 ον

338 1737 473 1774 ἐκεῖνοι
500 1737 741 1783 ἐχαλέπαινον
774 1741 852 1774 fieri
875 1740 1006 1785 nequit,

338 1786 403 1820 nisi
438 1787 556 1819 eodem
582 1791 744 1839 tempore
776 1791 810 1820 et
833 1786 1006 1830 χαλεπαί-

338 1843 416 1866 νειν
435 1836 470 1866 et
488 1828 728 1876 πρηΰνεσθαι
757 1845 815 1867 eos
840 1833 908 1867 dici
933 1839 1008 1866 sta-

339 1879 473 1912 tuimus.
530 1879 582 1912 Illi
615 1891 697 1912 vero
729 1878 1006 1924 interpretationi

340 1937 401 1966 ea,
435 1937 535 1969 quam
559 1929 676 1958 nostra
698 1926 797 1959 lectio
822 1925 1006 1970 simplicem

340 1977 376 2005 et
410 1972 542 2005 facilem
581 1971 703 2013 habet,
749 1973 791 2005 ob
822 1972 857 2004 id
893 1971 1004 2016 ipsum

339 2018 429 2052 haud
473 2017 576 2051 dubie
612 2018 858 2062 praeferenda,
894 2029 1007 2063 neque

340 2063 491 2098 codicum
515 2064 702 2097 auctoritas
738 2064 786 2097 ita
811 2068 1008 2109 comparata

339 2113 404 2152 est,
428 2114 466 2143 ut
491 2110 695 2144 deteriorem
718 2110 816 2155 sequi
834 2122 1006 2154 cogamur.

338 2156 464 2201 Itaque
506 2168 581 2189 cum
626 2156 938 2190 Schleiermaehero
971 2168 1007 2190 τι

339 2202 510 2258 praetuli,
545 2202 601 2236 cui
625 2203 725 2236 etiam
749 2203 920 2236 Adimanti
938 2214 1007 2236 πο-

337 2246 382 2282 λὺ
411 2249 550 2290 melius,
576 2260 677 2294 quam
701 2249 841 2293 vulgato
865 2260 1008 2294 respon-

337 2295 408 2328 det.
466 2295 543 2328 Nec
575 2295 674 2328 aliter
710 2295 877 2328 Ficinus:
919 2308 1008 2329 nnnc

339 2353 420 2375 vero
444 2342 600 2386 aequiori
619 2342 733 2375 animo
751 2343 813 2376 hoc
831 2341 1008 2376 audiunt?

379 2407 506 2465 αὐτὸ]
543 2422 607 2444 οηι.
637 2410 724 2455 Ang.
755 2410 794 2444 B.
829 2410 930 2445 Vind.
964 2410 1007 2444 F.

339 2453 443 2503 αὐτῷ
469 2457 563 2490 Μοιι.
589 2456 628 2490 Β.

386 2520 645 2571 πραΰνονται]
671 2520 908 2570 πραῧνονται
930 2525 1007 2560 Ald.

384 2591 507 2639 πολύ]
534 2595 683 2629 maxime
709 2594 783 2628 Fic.

384 2661 420 2696 εἰ
442 2664 704 2707 σωφρονοῦσι]
728 2660 752 2707 ἢ
769 2690 778 2707 ,
803 2676 822 2697 e
847 2674 933 2697 corr.
960 2661 1004 2706 εἰ,

337 2710 578 2761 σωφρονοῦσι
601 2710 701 2745 Vind.
725 2711 769 2744 F.
796 2705 843 2754 ἢν
861 2720 1006 2753 σωφρο-

336 2754 446 2788 νοῦσι
491 2755 576 2789 Lob.
629 2756 664 2789 εἰ
690 2756 896 2801 φρονοῦσι,
931 2767 1005 2814 sup.

337 2810 388 2834 σω
414 2801 504 2833 inter
538 2801 573 2835 εἰ
595 2805 630 2835 et
654 2814 724 2847 φρ,
764 2804 844 2839 Vat.
871 2803 911 2836 B.
958 2801 1006 2846 ἢν

339 2847 561 2892 σωφρονῶσι
608 2848 696 2885 Ven.
730 2850 771 2883 B.
820 2849 921 2886 Vind.
962 2851 1005 2883 B.

1065 1186 1146 1221 Vat.
1173 1185 1221 1219 Μ.
1248 1184 1324 1219 Ald.
1356 1185 1437 1219 Bas.
1464 1185 1518 1219 ab.
1545 1179 1665 1240 steph.
1700 1184 1736 1219 εἰ

1063 1232 1324 1275 σωφρονοῦσιν
1357 1232 1549 1266 Bekkerus.
1590 1228 1638 1276 ἢν
1664 1241 1733 1266 σω·

1063 1278 1233 1332 φρονῶσι
1259 1290 1325 1311 ιιοιι
1349 1279 1520 1320 vitiosum,
1544 1278 1604 1312 sed
1624 1278 1733 1312 minus

1063 1325 1238 1359 usitatum.
1289 1324 1345 1358 Cf.
1371 1325 1448 1360 Vol.
1476 1324 1504 1358 Ι.
1530 1336 1565 1370 Ρ.
1591 1325 1672 1368 376,
1698 1337 1730 1359 a.

1107 1392 1178 1439 γὰρ
1198 1391 1273 1438 δὴ]
1297 1406 1387 1427 nunc
1410 1393 1484 1427 Fic.

1107 1456 1177 1497 τοῦ
1216 1458 1348 1507 ὄντος]
1384 1475 1500 1497 eorum
1535 1475 1624 1508 quae
1653 1474 1734 1498 vere

1061 1515 1140 1544 sunt
1162 1509 1263 1544 idem.

1108 1575 1208 1622 μέντ’
1235 1573 1306 1633 ἂν]
1339 1589 1405 1633 μεν
1429 1574 1460 1611 τ’
1488 1572 1536 1611 ἂν
1559 1577 1662 1612 Vind.
1685 1578 1732 1615 E.

1061 1625 1157 1660 Mon.
1184 1626 1225 1659 B.
1250 1636 1316 1669 μεν
1336 1620 1406 1658 τᾶν
1429 1623 1527 1657 Vind.
1547 1624 1593 1659 F.

1109 1692 1205 1741 ε’φη]
1229 1697 1310 1739 post
1334 1693 1390 1738 εἴη
1415 1693 1515 1730 Vind.
1540 1692 1584 1727 E.

1110 1761 1173 1808 δέ]
1204 1763 1268 1798 δαί
1291 1764 1370 1798 Par.
1395 1764 1437 1797 A.

1110 1829 1280 1877 ἀγαθὴν]
1306 1830 1457 1877 ἀγαθὸν
1480 1830 1554 1866 Ald.
1580 1831 1662 1866 Bas.
1676 1831 1730 1865 ab.

1062 1948 1092 1982 B
1109 1900 1220 1948 τινὰ]
1245 1898 1314 1936 τιν’
1338 1901 1438 1936 Vind.
1462 1901 1507 1935 F.
1539 1897 1619 1946 τῆν’
1643 1901 1730 1945 Ang.

1110 2014 1268 2061 φήσειν]
1306 2014 1417 2060 φύσει
1449 2016 1552 2051 Vind.
1577 2016 1617 2051 F.
1642 2017 1730 2059 Ang.

1062 2065 1104 2098 B.
1154 2061 1285 2107 φήσεις
1320 2064 1399 2097 Par.
1433 2063 1510 2096 DK.
1558 2062 1654 2096 Mon.
1691 2063 1733 2098 Β.

1065 2111 1184 2153 (Flor.
1220 2109 1362 2153 RTU.)
1406 2121 1481 2143 cum
1521 2109 1619 2143 editis
1652 2112 1732 2142 ante

1062 2157 1270 2190 Bekkerum.
1322 2156 1402 2200 (vel
1431 2156 1732 2200 eos)probab1mt

1065 2203 1218 2247 (magis)
1251 2202 1326 2236 Fic.
1376 2201 1593 2246 Quamquam
1629 2201 1730 2235 huius

1062 2248 1222 2282 infinitivi
1260 2248 1400 2289 eadem,
1449 2260 1538 2292 quae
1584 2247 1732 2292 proximi

1067 2292 1218 2328 ἔσεσθαι
1241 2295 1331 2328 ratio
1355 2274 1454 2327 reddi
1478 2297 1604 2339 potest,
1628 2298 1667 2327 ut
1687 2294 1729 2327 ab

1066 2338 1190 2383 ε’ξουσι
1216 2337 1331 2384 λέγειν
1363 2340 1513 2385 pendere
1545 2344 1730 2381 statuatur,

1065 2399 1168 2432 quam
1191 2387 1375 2421 dictionem
1409 2398 1429 2420 a
1454 2386 1631 2420 Socrate
1622 2398 1657 2419 ιιι
1680 2386 1729 2419 lo-

1066 2446 1141 2467 cum
1165 2433 1255 2474 eius,
1292 2445 1392 2478 quam
1423 2435 1602 2485 posuerat,
1629 2429 1730 2473 ἕξου-

1065 2490 1123 2513 σιν
1142 2477 1423 2532 αμφισβητῆσοιι
1441 2478 1658 2513 substitutam
1675 2489 1731 2511 es-

1065 2538 1102 2559 se
1127 2538 1169 2559 ex
1193 2538 1233 2559 eo
1259 2525 1445 2581 colligitur,
1477 2524 1567 2570 quod
1593 2521 1661 2558 οὐκ
1686 2522 1728 2558 εἷ-

1065 2571 1214 2616 γαθὴν,
1239 2583 1306 2605 ιιοιι
1329 2570 1378 2615 μὴ
1405 2570 1502 2612 dixit,
1517 2582 1611 2624 (μιειι
1621 2570 1729 2604 ratio—

1062 2630 1104 2652 ne
1127 2620 1275 2663 probata
1298 2629 1416 2651 sensus
1448 2616 1581 2650 minime
1602 2616 1729 2649 incom-

1062 2666 1178 2698 modus
1212 2665 1367 2710 procedit
1405 2663 1477 2697 hic:
1522 2667 1730 2707 poteruntne

1063 2712 1176 2744 dicere
1193 2712 1283 2744 hanc
1303 2716 1468 2744 naturam
1489 2721 1556 2742 non
1575 2711 1730 2753 perfecte

1063 2759 1185 2791 bonam
1215 2763 1249 2791 et
1279 2757 1519 2800 philosopham
1550 2758 1727 2798 futuram,

1065 2808 1127 2837 aut
1160 2815 1232 2837 sese
1266 2804 1345 2836 illos
1379 2804 1600 2846 praelaturos
1644 2812 1727 2842 esse,

1063 2862 1146 2894 quos
1175 2861 1236 2884 nos
1264 2848 1493 2884 exclusimus?
1516 2852 1630 2883 tamen
1655 2845 1726 2893 φή-
