1807 3219
486 169 820 212 CIVITAS
872 171 992 216 LIB.
1014 171 1107 214 VII.
1137 176 1206 211 539
1458 174 1543 214 347

153 283 257 335 τούς
287 281 447 334 αλλους
478 280 793 339 διαβέβληνται.
851 282 1165 340 Ἀληθέστατα,
1196 281 1293 339 ἓᾞφη
1328 280 1382 326 ‘0
1409 281 1458 326 δὲ
1487 281 1543 339 δὴ

153 350 467 409 πρεσβύτερος,
509 353 564 407 ἠν
595 349 642 395 δ’
672 350 780 407 ἐγὼ,
816 355 893 409 τῆς
923 352 1003 408 μὲν
1031 351 1238 408 τοιαύτης
1267 352 1428 407 μανίας
1458 350 1544 395 οὐκ

155 421 209 466 ἂν
253 420 397 465 ἐθέλοι
437 421 646 477 μετέχειν,
697 419 777 464 τὸν
817 421 863 465 δὲ
903 421 1181 478 διαλέγεσθαι
1219 420 1431 464 ἐθέλοντα
1475 419 1551 463 καὶ

153 493 336 533 σκοπεῖν
366 486 554 545 τάληθὲς
585 493 754 545 μᾶλλον
785 488 1016 547 μιμήσεται
1037 524 1048 542 ,
1088 489 1121 547 ἢ
1148 489 1228 534 τόν
1260 491 1445 539 παιδιᾶς
1473 487 1550 544 χά-

154 574 230 614 ριν
256 557 469 611 παίζοντα
498 558 572 601 καὶ
600 556 883 614 ἀντιλέγοντα
903 593 914 612 ,
962 559 1036 603 καὶ
1074 557 1208 609 αὐτός
1240 574 1286 601 τε
1316 556 1552 614 μετριώτε-

156 643 234 681 ρος
263 626 382 670 ἔσται
413 626 486 670 καὶ
516 628 565 669 τὸ
596 624 860 684 ἐπιτήδευμα
881 626 1140 683 τιμιώτερον
1163 625 1263 671 ἀντὶ
1281 624 1549 682 ἀτιμοτέρου
1573 620 1614 663 D

154 692 341 752 ποιήσει.
399 694 603 750 Ὀρθῶς,
648 696 745 753 ἔφη.
808 694 986 740 Οὐκοῦν
1025 697 1097 740 καὶ
1148 695 1202 739 τὰ
1248 694 1552 751 προειρημένα

157 763 321 808 τούτου
349 761 411 808 ἐπ’
441 763 648 822 εὐλαβείᾳ
687 764 833 809 πάντα
861 770 1144 822 προείρηται,
1186 765 1236 809 τό
1277 763 1355 815 τοὶς
1395 764 1554 819 φύσεις

157 833 372 888 κοσμίους
417 831 530 877 εἶναι
562 835 636 877 καὶ
685 836 922 889 στασίμους
967 832 1033 886 οἷς
1081 851 1146 886 τις
1185 831 1428 890 μεταδώσει
1462 837 1553 876 τῶν

157 901 322 957 λόγων,
370 902 443 945 καὶ
473 902 557 959 μή,
601 901 659 954 ῶς
688 907 771 946 νῦν
808 901 832 947 ὁ
863 903 1007 959 τυχῶν
1042 903 1118 946 καὶ
1148 903 1280 946 οὐδὲν
1309 900 1552 958 προσήκων

159 970 328 1027 ἔρχεται
357 969 419 1014 ἐπ’
458 970 593 1023 αὐτός
653 971 782 1015 Πάνυ
813 971 890 1028 μὲν
919 967 1032 1024 οὖν,
1073 972 1168 1028 ἔφη.
1225 969 1368 1026 Ἀρκεῖ
1396 971 1449 1027 δή
1481 970 1552 1014 ἐπὶ

159 1037 304 1093 λόγων
333 1038 570 1097 μεταλήψει
604 1045 749 1096 μεῖναι
792 1040 1027 1096 ἐνδελεχῶς
1055 1041 1130 1084 καὶ
1160 1040 1384 1092 ξυντόνως
1414 1039 1552 1095 μηδὲν

162 1105 270 1150 ἄλλο
309 1105 571 1191 πράττοντι,
631 1106 730 1153 ἀλλ’
760 1107 1066 1166 ἀντιστρόφως
1104 1108 1420 1166 γυμναζομένῳ
1457 1112 1551 1160 τοῖς

208 1229 345 1289 ἔφη]
332 1231 429 1277 ἔφην
452 1233 547 1268 Μοιι.
566 1233 615 1268 C.
631 1239 713 1268 ante
736 1245 825 1269 corr.
882 1238 962 1279 post
994 1234 1065 1268 νῦν
1105 1245 1180 1268 cum
1219 1234 1405 1276 Bekker0‚
1451 1245 1553 1279 quem

208 1275 410 1324 ελέγξωσιν]
439 1276 667 1323 ἐξελέγξωσιν
688 1281 771 1314 Ven.
783 1282 824 1315 B.
882 1283 1020 1314 secutus
1054 1286 1108 1314 est
1139 1281 1406 1322 Stallbaumius,
1437 1279 1554 1314 deiero

163 1325 262 1362 Vind.
289 1326 365 1359 EF.
404 1326 491 1371 Ang.
515 1327 556 1359 B.
593 1326 690 1361 Flor.
715 1327 824 1361 CRT.
884 1331 976 1360 etex
998 1327 1217 1369 sequentibus
1239 1323 1360 1366 οὕτως
1378 1324 1554 1370 ἔρχεσθαι

161 1383 236 1405 cum
259 1372 362 1406 editis
386 1376 466 1406 ante
489 1372 697 1408 Bekkenun.
883 1373 927 1407 ad
951 1372 1013 1406 καὶ
1034 1370 1082 1416 μή
1104 1377 1262 1418 repetere
1281 1373 1440 1407 debebat.
1461 1373 1555 1407 Nam

206 1417 269 1461 δὲ]
295 1430 360 1451 om.
387 1419 469 1452 Bas.
493 1419 528 1452 b.
884 1419 975 1464 quod
1000 1419 1248 1454 Stallbaumius
1283 1419 1556 1453 subaudiendum

206 1461 426 1508 ἐλεγχθῶσι]
461 1461 641 1508 ἐλεχθῶσι
664 1464 758 1500 Μοιι.
785 1465 825 1500 C.
885 1471 1008 1510 putat,
1050 1464 1250 1505 τοιούτους
1282 1462 1404 1508 εἶναι,
1451 1476 1556 1510 quum

162 1507 402 1567 ἐξελεγχθῶσι
424 1511 536 1551 iidem,
561 1510 621 1556 qui
644 1507 831 1556 ἐξελέγξω·
889 1523 956 1546 ιιοιι
979 1518 1144 1557 sequatur
1178 1509 1252 1546 οἶοι
1273 1513 1344 1546 νῦν
1370 1509 1556 1556 ἔρχονται,

163 1566 232 1591 σιν.
261 1554 500 1611 (ἐξελεγθῶσι
525 1558 625 1591 Vind.
651 1558 715 1601 E.)
889 1561 997 1592 minus
1021 1562 1075 1591 est
1098 1561 1227 1613 aptum.

117 1599 150 1642 C
208 1599 414 1648 ἡγεῖσθαι]
451 1600 620 1648 ἡγῆσθαι
650 1604 726 1638 Ald.
753 1605 833 1640 Bas.
936 1601 1070 1661 ουδεν]
1097 1601 1212 1661 μηδὲν
1235 1605 1322 1640 Ven.
1346 1604 1388 1638 Β.
1413 1605 1496 1638 Bas.
1520 1604 1557 1639 b.

163 1651 223 1686 ab.
937 1649 1103 1706 ε’ρχεται]
1132 1649 1281 1706 ἔρχηται
1305 1651 1408 1685 Vind.
1432 1651 1476 1685 Ε.

209 1688 363 1738 ωνπερ]
394 1707 449 1729 ων
474 1695 567 1730 Μοιι.
594 1696 635 1730 C.
937 1694 1054 1738 αυτό,·
1069 1697 1081 1740 ]
1118 1709 1225 1732 αυτο.
1252 1697 1335 1730 editi
1359 1702 1440 1731 ante
1464 1695 1559 1730 Bek-

210 1741 498 1787 διαβέβληνται]
539 1742 834 1787 Ριειεροεὶϊίοπειιι
890 1741 1020 1777 kerum.
1068 1743 1169 1784 Quod
1203 1744 1400 1788 Stephanus
1432 1755 1466 1788 p.
1500 1743 1558 1778 25.

165 1789 249 1823 Ven.
272 1790 314 1823 B.
340 1801 361 1822 a
384 1801 427 1822 m.
452 1800 479 1822 s.
505 1788 655 1822 additam
680 1790 795 1823 habet.
890 1790 1005 1834 potius
1029 1785 1173 1829 αυτούς
1197 1790 1414 1824 scribendum
1437 1789 1560 1823 existi-

167 1832 316 1917 νέζῗηο]
366 1833 460 1879 ἔφης
506 1835 593 1868 ω)
638 1836 720 1871 ‘'a‘'
751 1836 836 1872 ΒΜ
890 1840 1023 1926 3¹²²}th
1051 1836 1406 1916 0¹¹⁰?012ffl12‘1’skeff1250
1421 1846 1560 1917 ..3¹:33ss

212 1924 278 1983 Ὁ]
310 1924 452 1961 οὐκοῦν
475 1928 554 1962 Vat.
573 1927 614 1961 B.
891 1928 1088 1965 offendisse.

168 1970 398 2055 mZZZ-3359]
423 1971 468 2009 τὸ
503 1970 642 2017 ἄληθες
669 1973 765 2008 Vind.
790 1975 834 2008 F.
939 1971 1001 2031 8⁹75}
1017 1973 1134 2067 1.όῖωέ
1144 1975 1173 2028 ]Ν
1186 1971 1276 2010 ἒπιλ.
1299 1975 1403 2055 tVind.
1428 1975 1503 2056 EM
1525 2032 1547 2055 n

372 2049 381 2068 ι
937 2033 1062 2065 μειναι
1128 2033 1239 2056 ουναι
1254 2034 1295 2055 an
1315 2034 1334 2055 e
1354 2033 1442 2055 corr.
1504 2033 1523 2056 ο
1549 2046 1560 2055 .

169 2113 210 2148 Α.
214 2063 835 2168 ugug‘lffsgfxt}§gzffiziry‘ucfsszgcsstfflnPZZ-
894 2067 1155 2158 0⁰5v65222039]
1182 2110 1374 2157 ἐντελεχῶς
1396 2114 1490 2148 Flor.
1515 2114 1560 2148 R.

169 2156 350 2204 μνήσεται
382 2160 417 2193 in
458 2159 530 2193 eius
562 2159 716 2204 margine
750 2161 837 2195 scri·
894 2160 944 2194 Et
967 2161 1053 2204 Ang.
1078 2161 1118 2193 B.
1143 2173 1164 2194 τ
1202 2172 1304 2205 super
1341 2161 1364 2194 δ
1397 2161 1562 2205 scriptum

171 2210 268 2252 ptum
287 2205 427 2250 tradit.)
894 2206 1012 2240 habet.
1047 2206 1160 2247 Quam
1183 2206 1277 2250 Hes>
1282 2207 1378 2241 chius
1400 2207 1563 2241 adverbio

218 2252 388 2296 παιδιᾶς]
407 2251 562 2291 παιδίας
586 2251 672 2287 Ven.
685 2253 727 2288 C.
751 2264 838 2287 παι·
896 2249 1090 2296 ἐνδελεχῶς
1123 2253 1408 2309 significationem
1429 2253 1564 2296 tribuit,

173 2297 277 2338 ὃείας
300 2300 380 2332 Vat.
405 2299 448 2332 B.
472 2299 571 2332 Vind.
596 2298 637 2332 F.
896 2299 1006 2341 idem,
1017 2300 1131 2356 quod
1166 2297 1295 2333 οἷδιαλε
1281 2300 1434 2343 είπτως,
1461 2310 1564 2334 συνε-

221 2341 338 2384 αὕτός
371 2345 432 2389 τε]
477 2356 517 2379 τε
551 2345 652 2381 Vind.
694 2346 736 2380 B.
775 2345 838 2380 int.
896 2346 984 2389 χῶς,
1010 2342 1194 2389 ἐπιμόνως
1213 2358 1288 2380 esse
1307 2346 1459 2387 tradens,
1477 2357 1567 2399 quae

174 2402 265 2425 vers.
289 2392 406 2424 habet.
897 2392 1079 2437 explicatio
1105 2397 1141 2425 et
1174 2397 1292 2426 nostro
1325 2396 1361 2426 et
1384 2391 1569 2426 Menandri

109 2439 149 2480 D
219 2435 458 2481 τιμιώτερον]
490 2435 736 2482 μετριώτερον
759 2439 840 2473 Par.
897 2438 971 2472 loco
995 2450 1029 2483 p.
1056 2440 1133 2473 182.
1159 2439 1266 2472 Mein.
1293 2435 1489 2482 ἐνδελεχῶς
1507 2435 1590 2472 οἷεὶ“

176 2483 254 2518 DK.
278 2484 372 2518 Mon.
398 2484 439 2517 Β.
898 2485 1045 2518 dicentis
1071 2484 1309 2527 confirmatur,
1346 2486 1487 2521 eandem
1511 2482 1569 2519 ἐν·

225 2526 461 2574 ἀτιμοτέρου]
488 2526 717 2574 οἷτιμωτέρου
740 2531 840 2566 Vind.
898 2531 1051 2574 τελεχῶς
1082 2531 1167 2574 Leg.
1204 2531 1245 2565 L.
1275 2531 1318 2565 X.
1355 2543 1389 2587 p.
1414 2532 1493 2568 905.
1519 2531 1565 2565 E.

177 2576 221 2611 Ε.
247 2577 340 2610 Mon.
367 2577 408 2611 C.
431 2577 507 2610 A.ld
532 2577 613 2611 Bas.
637 2578 694 2611 ab.
900 2578 937 2612 in
971 2578 1084 2612 verbis
1119 2575 1304 2621 ἄρχοντας
1341 2589 1414 2633 μεν
1457 2589 1571 2621 αναγ-

225 2619 281 2656 ἐπ’
303 2619 502 2677 εὐλαβείᾳ]
530 2619 650 2658 ἐπευλ.
674 2623 775 2659 Vind.
799 2624 842 2658 F.
901 2621 1014 2658 καῖόν
1038 2636 1112 2658 που
1132 2624 1326 2680 γίγνεσθαι
1344 2621 1435 2664 τούς
1457 2636 1497 2668 γε
1515 2624 1569 2658 δι-

224 2665 378 2713 φύσεις]
428 2667 559 2713 φύσεις
592 2680 632 2704 τε
667 2670 766 2705 Vind.
799 2671 844 2705 F.
903 2667 1126 2727 οικήσοντας
1152 2668 1222 2705 τὸν
1250 2667 1402 2705 ἅπαντα
1431 2667 1568 2705 ἐντελε-

179 2715 267 2760 Ang.
292 2716 332 2748 B.
359 2715 451 2749 Flor.
477 2717 522 2749 R.
902 2717 976 2761 χῶς
995 2714 1161 2760 ου’ρανόν
1181 2718 1307 2751 habere
1319 2716 1569 2762 indequehaud

179 2801 185 2805 ⁴
225 2760 289 2796 καὶ
307 2758 381 2805 μή]
425 2762 541 2796 Astius
572 2762 607 2796 in
639 2773 708 2797 sec.
742 2761 777 2797 εἰ
806 2761 846 2797 δὲ
903 2764 1064 2807 exiguum
1094 2763 1237 2798 Lueiani
1267 2765 1312 2798 T.
1344 2763 1374 2797 Ι.
1405 2775 1486 2809 pag.
1511 2765 1568 2798 62.

179 2806 228 2852 μὴ
256 2808 421 2860 scripsit,
468 2808 505 2842 in
527 2812 610 2842 ἵει-ᾔ
636 2809 847 2844 scribendum
903 2810 1020 2844 Lehm.
1054 2812 1090 2843 et
1125 2809 1288 2854 Gregorii
1323 2810 1405 2844 Cor.
1428 2821 1462 2855 p.
1489 2810 1567 2845 155.

176 2854 382 2900 proposuit3
404 2856 545 2890 frustra.
577 2855 697 2891 Potius
719 2867 849 2891 conuna
905 2853 1129 2900 ἐντελέχειαν
1152 2859 1189 2892 et
1216 2852 1444 2900 ἐνδελέχειαν
1465 2867 1568 2900 syno-
