1807 3219
491 146 828 189 CIVITAS

877 148 909 188 L
920 147 940 188 I
950 146 1113 213 B.V11.
1143 151 1212 187 534
1460 153 1545 194 329

159 256 304 311 ὥσπερ
335 255 382 299 ἐν
412 256 526 313 μάχῃ
567 257 640 301 διὰ
677 257 857 302 πάντων
896 257 1079 314 ἐλέγχων
1109 258 1302 311 διεξιών,
1343 259 1403 317 μή
1434 261 1545 305 κατὰ
1577 268 1608 309 C

160 324 316 377 δόξαν,
358 324 467 369 ἄλλοι
507 325 599 369 κατ’
632 326 790 370 οὐσίαν
830 325 1212 382 προθυμούμενος
1252 327 1463 384 ἐλέγχειν,
1503 329 1551 373 ἐν

160 398 270 437 πᾶσι
299 393 474 445 τούτοις
503 393 668 438 ἀπτῶτι
697 399 757 454 τῷ
784 395 898 455 λόγῳ
931 395 1270 456 διαπορεύηται,
1304 395 1406 440 οὔτε
1438 396 1549 441 αὐτὸ

158 462 208 507 τὸ
240 460 414 517 ἀγαθόν
445 461 599 518 φήσεις
629 463 790 507 εἰδέναι
819 465 896 508 τὸν
935 463 1076 515 οὕτως
1117 464 1269 521 ἔχοντα
1303 465 1404 510 οὔτε
1439 466 1549 511 ἄλλο

160 530 334 586 ἀγαθὸν
372 529 536 584 ου’δὲν,
599 530 704 575 ἀλλ’
735 533 774 576 εἴ
810 549 870 588 πη
915 531 1103 576 εἰδώλου
1146 533 1268 585 τινός
1298 534 1552 590 ἐφάπτεται,

164 600 290 658 δόξῃ,
323 598 407 644 οὐκ
435 598 648 656 ἐπιστήμῃ
678 599 953 655 ἐφάπτεσθαι
981 601 1055 644 καὶ
1084 600 1163 644 τὸν
1192 606 1276 645 νῦν
1305 606 1406 659 βίον
1435 603 1548 648 ὀνει-

161 673 440 724 ροπολοῦντα
469 668 543 711 καὶ
577 667 889 723 ὑπνώττοντα,
944 670 1049 724 πρὶν
1092 668 1248 713 ἐνθάδε
1284 671 1546 726 ἐξέγρεσθαι,

161 739 222 789 εἰς
237 736 392 783 ’Ἅιδου
433 735 647 793 πρότερον
687 736 963 795 ἀφικόμενον
1002 737 1154 790 τελέως
1191 739 1546 798 ἐπικαταδαρθά-
1577 747 1616 788 D

120 895 152 938 C
211 884 249 921 ἐν
277 884 402 933 μάχῃ]
428 883 476 922 ἂν
504 900 540 932 μ.
565 889 644 924 Ald.
667 889 748 923 Bas.
774 890 828 923 ab.

162 934 264 968 Hunc
297 934 404 968 locum
437 935 589 980 respexit
619 936 759 969 Procius
793 935 829 968 in

160 980 275 1015 Parm.
310 981 355 1015 T.
390 981 470 1014 IIII.
517 993 551 1026 p.
575 984 652 1017 106.
687 983 829 1015 verbum

162 1024 412 1070 διαμάχεσθαι
442 1028 552 1061 Parm.
592 1040 631 1083 p.
671 1030 748 1062 127.
782 1028 826 1061 Ε.

160 1072 212 1106 ita
234 1073 426 1107 illustrans:
459 1070 528 1117 τήν
557 1072 630 1117 γὰρ
659 1073 724 1107 διὰ
750 1074 827 1107 τῶν

162 1116 406 1173 ἀποφάσεων
407 1116 587 1175 ἀτραπὸν
619 1118 716 1177 μάχῃ
736 1132 826 1162 προ-

163 1165 340 1199 σείκασεν.
366 1162 485 1204 οὕτως
503 1162 579 1209 ἄρα
604 1165 667 1200 καὶ
692 1164 730 1200 ἐν
750 1167 826 1200 Πο-

162 1211 279 1258 λιτείᾳ
317 1211 608 1256 παρακελεύεται
630 1212 714 1256 περὶ
756 1224 824 1246 του

161 1249 314 1300 ἀγαθοῦ
357 1260 552 1292 ποιεῖσθαι
595 1257 663 1292 τὸν
703 1257 825 1301 λόγον,

161 1301 283 1360 ω’σπερ
317 1301 355 1338 ἐν
380 1303 498 1359 μάχῃ,
544 1304 680 1348 φησὶν,
714 1302 826 1338 ούδεν

161 1346 253 1384 ἄλλο
281 1347 414 1393 αξιῶν,
447 1348 471 1395 ἢ
495 1349 558 1384 διὰ
578 1351 655 1384 τῶν
660 1348 826 1405 α’ποφα-

160 1396 274 1431 τικῶν
307 1394 400 1431 αύτὸ
429 1394 745 1454 συμπερασμάτων
770 1397 828 1431 αἱ-

160 1445 250 1487 ρεῖν.
285 1441 349 1477 καὶ
375 1443 434 1477 δεῖ
462 1441 554 1498 μηδὲ
583 1441 753 1477 ἐνταῦθα
780 1441 824 1478 τὸ

162 1486 414 1546 διαμάχεσθαι
440 1487 632 1543 παρέργως
661 1487 827 1533 ἀκούειν,

161 1532 254 1570 ἀλλὰ
276 1533 428 1570 κάκεῖνο
453 1535 516 1570 διὰ
534 1533 679 1570 τούτων
696 1548 828 1579 γνωρι-

160 1594 231 1638 μον
259 1585 405 1637 ποιεῖν,
440 1594 490 1621 ως
520 1583 586 1626 τῆς
613 1580 731 1636 μάχης
758 1581 829 1621 τὰς

162 1625 374 1684 α’ποφάσεις
395 1608 509 1684 αύτῷ
549 1626 732 1672 δηλούσης
765 1641 829 1662 και

162 1671 239 1708 ἐκεῖ
266 1672 440 1717 καθάπερ
465 1672 504 1707 ἐν
533 1673 693 1714 τούτοις.
741 1675 830 1708 Item

162 1720 198 1754 in
224 1720 302 1755 Civ.
327 1733 360 1766 p.
385 1722 465 1762 430,
491 1722 534 1755 8.
559 1719 678 1764 μόνον
694 1717 741 1754 ἂν
763 1718 828 1755 οὔ·

165 1778 238 1806 τως
264 1767 317 1814 τῷ
346 1765 540 1809 Σωκράτει
568 1770 830 1824 συμφωνοῖμεν

166 1802 338 1855 ἀξιοῦντι
367 1811 542 1869 καθάπερ
571 1811 610 1847 ἐν
639 1812 736 1869 μάχῃ
757 1814 828 1847 διε-

165 1857 296 1915 ξιόντα
311 1858 395 1904 περὶ
415 1860 483 1894 τοῦ
508 1856 661 1903 άγαθοῦ
685 1873 735 1899 ως
755 1856 830 1915 ἄρα

166 1902 237 1940 οὐκ
257 1903 331 1939 ἔστι
350 1904 467 1962 διελε)
467 1917 541 1950 χειν
556 1904 594 1940 ἕν
615 1919 651 1939 τι
672 1907 748 1940 τῶν
766 1902 830 1940 αλ-

167 1949 323 1986 λων.ού
341 1950 413 1996 γὰρ
443 1953 532 1986 αλλο
555 1965 591 1986 τι
616 1952 724 1996 δηλοῖ
740 1953 832 1987 ταῦ-

166 2010 215 2033 τοι
234 1997 333 2055 πλὴν
350 1999 426 2032 τῶν
445 1996 691 2043 ἀφαιρέσεων.

214 2042 279 2079 δια
309 2042 482 2102 πάντων]
512 2045 615 2078 διαπ.
642 2045 741 2080 Vind
764 2045 808 2078 F.

213 2089 361 2133 διεξιὼν
379 2111 426 2116 -
444 2089 617 2136 ἐλέγχειν]
650 2096 704 2125 ter
735 2091 834 2125 dein-

156 2148 249 2182 ceps
273 2137 404 2186 scripta
426 2137 532 2171 habet
554 2138 648 2172 Mon.
663 2139 703 2171 B.
730 2142 833 2182 atque

166 2183 205 2218 in
228 2180 377 2217 secunda
400 2183 585 2229 scriptione
617 2185 725 2218 verba
749 2196 834 2228 qua-

167 2233 247 2263 tuor
269 2230 387 2275 priora
410 2231 507 2264 obelo
531 2233 671 2273 notata,
699 2231 835 2276 reliqua

167 2275 264 2309 uncis
286 2275 416 2310 inclusa
440 2280 526 2310 sunt.

215 2319 316 2366 κατ’]
341 2319 439 2356 κατὰ
465 2322 565 2358 V'md.
575 2323 619 2356 F.
645 2319 733 2356 καθ’
754 2324 836 2358 Bas.

168 2369 204 2403 b·
215 2411 551 2458 προθυμούμενος]
571 2413 836 2459 προθυμούμε-

169 2471 238 2495 νον
262 2460 405 2494 Stobaei
429 2461 502 2494 cod.
529 2462 673 2505 August.

217 2503 393 2551 ἐλέγχειν]
420 2504 573 2550 ἐλέγχων
605 2507 699 2541 Μοιι.
725 2507 767 2542 Β.
799 2508 836 2541 in

170 2553 320 2587 secunda
343 2553 526 2599 scriptione
549 2558 584 2587 et
608 2565 628 2587 a
651 2566 695 2588 m.
720 2566 772 2600 pr.
799 2554 833 2587 in

170 2599 367 2679 tergzvffin
387 2646 400 2689 ]
452 2641 599 2679 ἆπτωτι
644 2646 744 2680 Vind.
792 2647 833 2681 F.

173 2689 322 2726 ἁπτωσι
346 2692 443 2725 Stob.
469 2693 542 2726 cod.
567 2692 677 2728 Paris.
713 2699 747 2726 et
781 2694 835 2727 ed.

173 2739 277 2773 Cant.
303 2739 345 2772 In
367 2738 463 2771 Flor.
484 2739 525 2772 R.
551 2737 690 2785 βεβαίῳ
715 2751 836 2784 super-

171 2785 369 2867 giipffilffi
393 2784 451 2866 gg.
474 2783 652 2820 Disseuius
676 2786 720 2820 ad
736 2786 834 2821 Pind.

932 888 1008 934 τῷ]
1036 901 1099 923 οπι.
1127 890 1226 926 Vind.
1252 891 1294 924 Ε.

932 934 1235 982 διαπορεύηται]
1285 936 1552 982 διαπορεύεται

883 982 980 1015 Flor.
1005 982 1048 1016 R.

932 1022 1041 1083 οὔτε]
1069 1024 1147 1062 ούτ’
1173 1029 1259 1062 Lob.
1285 1031 1364 1064 vat.
1390 1031 1439 1065 Μ.

925 1071 1050 1130 αὐτὸ]
1088 1088 1152 1108 om.
1188 1075 1287 1109 Vind.
1322 1077 1366 1109 F.
1397 1080 1483 1122 Ang.
1508 1079 1549 1113 B.

884 1117 978 1154 αὐτὸ
1005 1120 1096 1164 φησὶ
1120 1122 1216 1155 Stob.
1242 1123 1317 1158 cod.
1343 1124 1454 1157 Vatic.

930 1164 972 1201 τὸ
997 1165 1163 1212 ἀγαθὸν]
1189 1165 1220 1201 τ’
1239 1165 1296 1212 άγ.
1324 1170 1423 1204 Stob.
1444 1170 1548 1204 Heer.

884 1213 986 1254 Quod
1020 1213 1053 1246 in
1089 1214 1292 1248 editionibus
1341 1220 1420 1250 ante
1465 1216 1551 1249 Astii

883 1271 951 1293 sec.
977 1259 1127 1293 additum
1153 1261 1279 1304 legitur
1293 1259 1417 1305 οὐδὲν,
1434 1263 1551 1296 AstIus

883 1305 1065 1339 secundum
1096 1306 1174 1340 Par.
1201 1307 1244 1340 K.
1281 1308 1460 1342 Bekkerus
1495 1321 1551 1342 se—

884 1352 1028 1385 cundum
1076 1352 1195 1386 decem
1241 1366 1376 1388 suorum
1412 1355 1552 1397 delevit,

884 1398 927 1432 de
959 1410 1024 1431 uno
1051 1398 1138 1452 Ῥιιι.
1164 1400 1206 1433 Α.
1231 1400 1310 1433 nihil
1343 1400 1552 1445 significans.

884 1445 923 1478 In
949 1456 1014 1489 quo
1032 1444 1061 1478 si.
1081 1452 1206 1487 exstat,
1227 1459 1245 1479 e
1266 1458 1368 1480 vexsu
1388 1452 1553 1493 sequente

885 1487 1096 1535 subrepsisse
1144 1493 1290 1526 videtur.
1361 1494 1553 1527 Florentini

885 1540 922 1570 et
954 1548 974 1570 a
997 1549 1051 1570 me
1076 1538 1190 1571 collati
1224 1551 1338 1573 omnes
1371 1552 1445 1574 cum
1470 1541 1552 1574 Sto-

883 1584 972 1617 baeo
996 1586 1090 1616 recte
1113 1584 1282 1619 omittunt.

933 1627 1089 1673 φήσεις]
1115 1629 1206 1674 φησὶ
1229 1633 1327 1665 Stob.
1354 1632 1454 1666 Cant.
1481 1645 1552 1678 φη·

888 1686 946 1710 σιν
970 1677 1073 1709 Heer.
1110 1689 1175 1712 om.
1200 1678 1275 1713 cod.
1300 1678 1414 1714 Vatic.

934 1718 1050 1766 οὔτε]
1079 1718 1159 1756 οὔτ’
1185 1724 1284 1758 Stob.

935 1767 1074 1813 ούδὲν,]
1102 1766 1235 1812 οὐδέν,
1229 1782 1237 1789 ·
1263 1771 1346 1805 editi
1363 1776 1443 1805 ante
1461 1772 1555 1806 Bek-

885 1815 1015 1849 kerum.

935 1861 974 1895 εἴ
984 1862 1049 1905 πη]
1074 1861 1132 1895 lta
1157 1862 1252 1896 Stob.
1274 1864 1347 1897 cod.
1367 1865 1448 1900 V.at
1473 1865 1554 1900 εἰπε

887 1908 1030 1962 August.
1055 1904 1132 1942 ἐπεὶ
1160 1909 1260 1943 (ant.
1286 1911 1390 1943 Heer.

937 1952 1116 1998 εἰδώλου]
1144 1952 1266 1990 αὐτοῦ
1289 1957 1444 1991 εἴδωλον
1471 1959 1554 1992 Sto-

887 2001 965 2034 baei
998 2002 1134 2035 codices
1167 2003 1254 2046 Aug.
1289 2005 1368 2037 vat.
1401 2005 1482 2040 Par.
1519 2009 1555 2038 et

889 2048 942 2081 ed.
968 2047 1068 2081 Cant.
1094 2044 1213 2081 αυτοῦ
1233 2047 1388 2085 εἰδώλου
1407 2051 1514 2084 Heer.
1535 2063 1555 2085 e

890 2094 975 2128 coni.
1001 2093 1171 2136 (Platonis
1188 2094 1298 2129 locum
1321 2097 1531 2142 ignorabat.)

935 2137 1154 2184 ἐφάπτεται]
1182 2153 1255 2174 cum
1280 2143 1392 2176 tribus
1411 2155 1557 2188 sequen-

889 2186 982 2220 tibus
1007 2199 1071 2219 om.
1097 2188 1194 2220 Stob.
1223 2188 1297 2222 cod.
1304 2191 1403 2243 Aug.

937 2229 1196 2277 ἐφάπτεσθαι]

1430 2191 1510 2223 Vat.

1240 2231 1445 2278 ἐφάπτεται
1470 2236 1555 2269 Lob.

892 2277 986 2312 Μοιι.
1012 2279 1052 2312 C.
1088 2281 1167 2313 Vat.
1193 2280 1242 2313 M.
1292 2278 1554 2324 ἐφάπτεσθαις

892 2325 1014 2381 Steph.
1038 2322 1287 2370 ἐφάπτεσθαι,
1312 2329 1474 2372 reliquae.

939 2369 1007 2406 τὸν
1026 2372 1122 2415 νῦν]
1158 2373 1212 2406 Ita
1245 2374 1343 2407 Stob.
1368 2343 1444 2408 clod.
1468 2375 1556 2419 Aug.

892 2416 970 2452 Vat.
995 2418 1122 2451 τοίνυν
1147 2419 1246 2452 Cant
1274 2420 1378 2453 Heer.

937 2460 1210 2519 ὑπνώττοντα]
1235 2462 1434 2501 ὑπνοῦντα
1458 2468 1557 2502 Stob.

893 2510 993 2543 Cant.
1042 2507 1322 2554 (υπνιόττοντα
1364 2514 1437 2547 cod.
1469 2514 1559 2558 Aug.

888 2557 988 2601 Vat.)

938 2621 1097 2670 ενθάδε]
1135 2627 1189 2660 Ita
1214 2627 1300 2661 Lob.
1327 2628 1425 2662 Vind.
1450 2628 1556 2662 BEF.

890 2671 986 2706 Mon.
1018 2673 1091 2705 Bc.
1130 2674 1229 2706 Stob.
1279 2675 1390 2719 Vulgo
1423 2671 1556 2709 ἐνθάὸ

892 2718 1046 2752 omnibus
1070 2720 1275 2754 tacentibus.

939 2784 1180 2845 εξέγρεσθαι]
1197 2785 1437 2843 ἐξεγρεῦσθαι
1457 2789 1556 2823 Vind.

891 2833 933 2867 F.
959 2835 1124 2869 FlonAR
1128 2861 1137 2870 .
1163 2832 1433 2880 ἐξαγρεύεσθαι
1455 2836 1557 2870 Stob
