1807 3219
295 151 379 191 128

293 259 342 315 γέ
381 273 469 302 που
509 258 576 302 ἐπὶ
622 261 684 316 τῷ
733 275 850 311 ovib,
907 276 957 303 ΐΟ
996 277 1048 303 01)
1093 276 1262 315 γνῶναι
1309 257 1369 310 ὥς
1408 258 1514 315 ἔχεις

757 147 1234 192 PLATONIS

1572 262 1625 303 N
1622 278 1676 305 αι
1657 261 1748 300 ’468

292 325 414 378 Δόξα
445 327 515 378 δὲ,
544 327 710 382 φαμὲν,
743 326 964 380 δοξάζειν,·
1003 330 1109 372 Ναί.
1138 324 1201 371 ςΗ
1223 326 1411 380 ταύτόν,
1442 327 1547 382 ὅπερ
1579 329 1673 373 ἐπι-

291 394 429 452 στήμη
460 395 716 451 γιγνώσκεις
744 396 819 438 καὶ
849 395 968 438 ἔσται
996 396 1193 451 γνωστόν
1221 413 1265 440 τε
1294 397 1368 440 καὶ
1391 395 1603 448 δοξαστόν
1627 397 1676 442 τὸ

259 508 262 510 ,
292 460 425 513 αὐτό,-
462 463 491 520 ἢ
521 461 763 513 ἀδύνατονς

808 461 1067 516 Ἀδύνατον,
1113 465 1222 521 ἔφη,
1254 464 1301 508 ἐκ
1331 469 1420 507 τῶν
1450 464 1678 522 (ὁμολογη-

292 529 458 586 μένων·
491 533 608 585 εἴπερ
638 530 700 574 ἐπ’
737 531 853 590 ἄλλῳ
884 531 994 588 ἄλλη
1025 533 1210 588 δύναμις
1239 534 1430 588 πέφυκε,
1471 531 1679 590 δυνάμεις

224 608 260 649 Β
295 598 341 642 δὲ
383 597 631 655 ἀμφότεραί
669 599 817 653 ἐστον,
864 600 970 652 δόξα
1011 617 1056 645 τε
1096 602 1171 645 καὶ
1209 601 1443 658 ἐπιστήμη,
1490 600 1600 659 ἄλλη
1631 602 1679 646 δὲ

288 666 496 722 ἑκατέρα,
528 666 586 718 ὥς
617 667 776 723 φαμέν.
808 667 854 711 ἐκ
883 667 1053 712 τούτων
1083 669 1136 726 δή
1169 669 1251 713 οὐκ
1279 671 1460 726 ἐγχωρεῖ
1478 670 1678 726 γνωστὸν

287 736 364 780 καὶ
397 735 614 788 δοξαστὸν
643 734 807 779 ταύτόν
837 734 961 780 εἶναι.

288 804 398 850 ἄλλο
429 821 470 848 τι
501 803 555 847 ἂν
587 803 820 856 δοξαστὸν,
858 804 887 860 ἢ
914 804 964 849 τὸ
997 804 1049 850 ὂν
1078 808 1143 864 εἴη
1153 825 1165 858 3
1203 805 1350 851 ’Ἀλλα

1025 737 1204 781 Οὐκοῦν
1233 739 1270 782 εἰ
1299 739 1348 782 τό
1381 737 1433 782 ὂν
1461 737 1677 794 γνωστόν,

1393 803 1482 863 Ἆρ’
1514 805 1597 851 οὖν
1625 806 1675 851 τό

289 872 348 930 μή
381 872 435 917 ὂν
465 871 657 925 δοξάζεις
706 870 736 929 ἢ
767 870 989 917 ἀδύνατον
1018 875 1094 918 καὶ
1133 875 1313 928 δοξάσαι
1351 874 1402 920 τό
1431 892 1479 932 γε
1509 875 1566 932 μή
1600 874 1676 927 ὅν;

291 941 436 986 ἐννόει
467 940 526 985 δέ.
578 939 658 998 οὐχ
696 939 720 985 ὁ
763 940 954 996 δοξάζων
992 942 1063 987 ἐπὶ
1100 944 1141 987 τὶ
1179 944 1305 1000 φέρει
1344 943 1425 1001 τὴν
1457 943 1612 997 δόξαν;
1647 943 1678 1001 ἢ

337 1110 401 1169 ϊέ]
427 1109 496 1168 γάρ
522 1113 600 1147 Par.
627 1113 671 1148 K.

338 1157 431 1214 Ιἔχει]
459 1156 519 1202 ἔχη
544 1161 624 1193 Bas.
644 1172 675 1194 a.

337 1203 465 1249 Δόξα]
491 1206 543 1239 Ita
568 1206 645 1239 Par.
672 1206 711 1239 A.
736 1208 770 1239 et
795 1216 815 1239 a
840 1216 881 1239 m.

290 1250 333 1284 D.
387 1251 472 1284 Lob.
532 1251 633 1284 Vind.
682 1252 820 1285 BDEF.

289 1297 408 1331 BHM.
431 1298 515 1331 Ven.
528 1298 568 1330 B.
586 1298 724 1342 Ang.B.
742 1298 835 1331 Flor.
848 1297 956 1331 ACT.

291 1341 408 1384 δόξαν
429 1344 552 1388 reliqui
572 1355 646 1377 cum
668 1344 872 1378 editionibus
897 1356 958 1378 an-

290 1394 326 1423 te
343 1390 547 1423 Bekkerum.

337 1433 472 1490 φαμὲν]
499 1448 564 1469 οπι.
583 1435 654 1469 Fic.
681 1435 816 1480 (opinio
841 1441 956 1470 autem

287 1482 457 1527 opinari.)
481 1483 570 1516 Ante
582 1482 775 1515 Bekkerum
790 1488 957 1516 commata

876 1252 955 1285 Vat.

286 1528 480 1562 necessario
531 1529 704 1562 aberant.
752 1525 795 1562 δέ
833 1539 955 1572 φαμεν

286 1574 441 1664 60³2]
418 1615 441 1663 ἣ
468 1619 568 1652 Vind.
595 1619 636 1652 F.

333 1662 448 1709 ὅπερ]
475 1662 597 1709 ω’σπερ
621 1666 701 1701 Par.
720 1666 763 1699 D.
789 1677 810 1700 a
834 1674 876 1700 m:
900 1677 951 1711 pr.

285 1759 327 1792 B
332 1711 544 1791 γλιξιτὲώσέει]
570 1724 637 1792 γέν.
657 1712 779 1792 SVtindh
791 1712 832 1746 D.
860 1712 952 1746 Mon.

494 1770 530 1791 as
568 1770 587 1791 a
703 1770 720 1791 e
845 1771 855 1791 ι
881 1755 954 1792 νω’-

287 1815 386 1838 σκειν
411 1804 512 1837 Vind.
538 1804 581 1838 F.
722 1770 743 1803 p
821 1771 842 1802 y
859 1771 878 1802 γ

332 1846 355 1907 ἢ
387 1846 600 1905 ἀδύνατον]
626 1848 690 1884 καὶ
717 1847 776 1884 οἶδ.
803 1851 884 1886 Vat,
909 1851 951 1884 B.

334 1893 567 1953 Ἀδύνατον]
580 1909 642 1930 om.
668 1897 754 1952 Aug.
779 1897 820 1930 B.

336 1940 408 1986 ἔφη
425 1968 434 1986 ,
461 1939 521 1986 ἐκ]
549 1940 616 1986 ἕφ,
641 1939 706 1986 ηέκ
729 1942 804 1976 Ald.

335 2007 648 2055 ὡμολογημένων]
675 2007 955 2054 ὁμολογημένων

288 2057 389 2092 Vind.
414 2058 457 2091 E.
484 2057 681 2098 BekkeruS,
713 2059 786 2090 Ast.
812 2063 894 2090 tert.
920 2062 956 2090 et

290 2104 413 2137 Stallb.
448 2109 613 2137 commate
648 2103 711 2136 hoc
736 2115 757 2136 a
780 2103 956 2148 sequenti—

289 2150 352 2183 bus
365 2150 586 2193 distinguunt,
611 2160 700 2194 quae
720 2153 832 2183 tamen
850 2160 956 2195 epex-

290 2195 409 2240 egesin
434 2195 619 2229 continent.

337 2240 536 2286 δυνάμεις]
580 2239 738 2285 δύναμις
773 2241 876 2278 Vind.
909 2241 954 2277 E.

289 2291 325 2322 et
355 2294 435 2322 ante
459 2299 548 2322 corr.
572 2288 616 2322 F.

335 2330 463 2379 ἐστον]
491 2330 565 2368 ἔστι
588 2334 675 2368 Lob.
698 2333 852 2369 Vind.B.
875 2334 956 2368 Vat.

213 2398 216 2399 ν
287 2379 338 2416 M.

218 2449 258 2494 Β
335 2446 387 2488 αἱς
407 2445 550 2493 φαμέν]
587 2448 643 2483 Ita
673 2448 754 2483 Par.
777 2448 818 2484 A.
853 2447 954 2484 Vind.

287 2495 364 2530 DE.
395 2496 475 2529 Vat.
500 2495 543 2529 H.
567 2495 664 2529 Flor.
687 2494 829 2529 ACTV.
869 2495 955 2528 Vul-

285 2553 329 2586 go
356 2537 407 2580 αἶς
430 2539 590 2585 ἔφαμεν,
611 2541 701 2586 quod
726 2541 827 2575 Vind.
853 2540 895 2574 D.
919 2541 955 2574 in

286 2588 441 2630 margine
476 2593 511 2621 et
548 2587 672 2632 reliqui
709 2586 791 2620 libri
826 2587 955 2620 habent

287 2638 324 2667 et
357 2633 495 2666 Ficinus
527 2633 628 2687 legit3
666 2638 705 2668 ut
734 2638 784 2667 est
811 2634 952 2667 dictum.

286 2679 515 2714 Praeteritum
539 2679 646 2723 magis
669 2679 712 2712 ad
731 2676 844 2712 illud'
828 2691 866 2712 εκ
878 2679 954 2713 τῶν

287 2722 583 2769 ὡμολογημένων
602 2726 888 2759 accommodatum
902 2725 956 2759 vi-

287 2772 406 2814 detur;
431 2771 492 2805 sed
515 2772 606 2805 haud
631 2772 732 2805 dubie
755 2771 858 2805 etiam
882 2776 955 2805 tum

286 2817 322 2852 in
347 2829 391 2853 ea
414 2818 582 2853 sententia
605 2822 723 2860 erant,
757 2817 811 2852 cui
835 2818 885 2854 rei
907 2818 955 2852 si-

1012 1113 1226 1159 gnificandae
1250 1125 1410 1160 praesens
1433 1114 1586 1149 inservit.
1621 1114 1678 1150 Cf.

1014 1173 1049 1206 p.
1074 1161 1153 1195 466.
1173 1161 1220 1194 B.
1245 1161 1304 1195 ubi
1327 1173 1382 1196 res
1406 1162 1518 1206 paullo
1541 1161 1678 1194 eviden-

903 1216 954 1249 pr.
1013 1207 1082 1240 tior
1100 1212 1135 1241 et
1147 1207 1324 1241 Bokkerus
1343 1208 1492 1242 codicem
1515 1207 1678 1253 optimum

1014 1253 1112 1308 sequi
1136 1265 1200 1286 non
1224 1254 1354 1287 veritus
1383 1258 1446 1288 est.

1061 1297 1130 1343 δὴ]
1157 1305 1271 1334 autem
1294 1299 1366 1333 Fic.

995 1386 1011 1397 ,ι
1059 1363 1259 1401 ταῦτὸν-
1267 1365 1468 1423 δοξαστὸν]
1495 1380 1558 1402 om.
1581 1367 1681 1402 Vind.

1013 1412 1054 1448 F.
1104 1414 1171 1446 Pro
1202 1410 1344 1448 ταύτὸν
1379 1415 1463 1447 Lob.
1495 1426 1538 1447 το
1570 1410 1681 1455 αὐτὸ,

1012 1460 1113 1495 Vind.
1124 1460 1197 1494 BD.
1212 1459 1291 1494 vat.
1303 1461 1344 1494 B.
1356 1458 1399 1494 τὸ
1423 1456 1518 1494 αὐτὸ
1542 1461 1679 1494 habent.

1060 1501 1132 1549 ὃὶν]
1159 1518 1222 1539 om.
1253 1506 1345 1539 Lob.
1379 1507 1459 1540 Vat.
1484 1507 1563 1540 ΒΜ.
1601 1510 1681 1551 post

1014 1564 1058 1587 ον
1082 1552 1177 1597 ponit
1202 1551 1301 1585 Vind.
1328 1553 1368 1586 Β.

1059 1620 1137 1664 εἴης
1152 1622 1164 1664 ]
1200 1620 1256 1664 εἴη
1286 1617 1308 1665 ἢ
1341 1620 1442 1656 Vind.
1466 1620 1510 1654 F.
1545 1626 1597 1656 est
1622 1621 1677 1655 di-

1011 1667 1183 1701 cendum?
1208 1667 1279 1700 Fic.

1052 1706 1144 1758 Ἆρ’]
1171 1709 1229 1756 ἄρ’
1257 1713 1355 1746 Vind.
1382 1713 1425 1747 F.

1058 1775 1152 1825 οὖν]
1181 1778 1251 1816 ov'n
1269 1775 1340 1816 οὖν
1363 1782 1445 1818 Vat.
1464 1782 1509 1816 H.
1536 1777 1677 1816 ου’κοῦν

1011 1829 1112 1863 Vind.
1135 1828 1177 1861 E.

1057 1872 1225 1918 δοξάζει]
1252 1871 1404 1915 δοξώζει
1425 1874 1501 1908 Ald.

1056 1920 1142 1964 καὶ]
1170 1932 1234 1953 om.
1259 1920 1332 1953 Fic.

1010 1964 1101 2047 Μζιῗ
1126 1967 1185 2046 ξ]
1198 1965 1581 2046 νγξιοᾞὶκῒοξῖειγὴὲᾶ
1593 1965 1673 2046 1¹32}

1011 2038 1200 2103 DK.'An'g.
1226 2038 1386 2091 B.'F10r'.
1412 2038 1501 2094 Rus
1561 2036 1569 2045 ’
1665 2037 1673 2044 ’

1058 2124 1119 2160 ἐπὶ
1137 2125 1187 2170 τὶ]
1215 2123 1276 2160 ἐπί
1299 2126 1393 2160 Μοιι.
1419 2127 1460 2161 Β.
1489 2123 1550 2160 ἐπί
1570 2138 1606 2160 τι
1620 2137 1676 2161 re-

1010 2171 1092 2218 liqui
1116 2173 1180 2206 mei
1204 2176 1239 2206 et
1262 2173 1358 2206 editi.

1060 2238 1142 2281 οἶός
1167 2242 1227 2285 τε]
1265 2238 1350 2275 οἶόν
1371 2251 1410 2274 τε
1441 2240 1543 2273 Vind.
1568 2240 1676 2275 DEF.

1011 2287 1106 2322 Mon.
1133 2289 1173 2321 B.
1201 2288 1285 2321 Ven.
1314 2287 1354 2320 C.
1391 2287 1471 2321 Par.
1491 2286 1567 2321 DK.
1591 2290 1677 2332 Ang.

1012 2335 1054 2368 B.
1103 2335 1182 2367 Vat.
1232 2334 1276 2368 H.
1324 2333 1417 2366 Flor.
1465 2333 1676 2368 ACRTUV.

1010 2380 1128 2414 Astius
1152 2384 1188 2413 et
1221 2379 1473 2414 Stallbaumius.
1517 2380 1681 2424 possibile

1012 2432 1063 2461 est
1088 2427 1160 2461 Fic.
1194 2426 1274 2460 Non
1299 2436 1420 2459 caussa
1444 2425 1592 2467 videtur,
1618 2436 1680 2459 cur

1010 2472 1236 2517 negligentius
1256 2472 1403 2506 locutum
1413 2472 1590 2505 Socratem
1606 2475 1678 2505 sta-

1009 2523 1154 2553 tuamus.

1058 2584 1226 2629 δοξάζειν
1247 2582 1332 2629 μὲν,
1359 2582 1542 2629 δοξάζειν]
1567 2582 1678 2628 δοξά-

1010 2633 1064 2676 ζει
1083 2631 1172 2677 μὲν,
1199 2630 1347 2674 δοξάζει
1373 2633 1473 2669 Vind.
1499 2632 1542 2666 D.

1055 2699 1097 2747 γε’
1118 2703 1174 2746 τι]
1199 2699 1240 2736 τέ
1258 2713 1293 2735 τι
1316 2701 1410 2736 Μοη.
1437 2701 1475 2734 Β.

1058 2768 1227 2814 δοξάζει]
1253 2772 1331 2816 post
1356 2766 1375 2803 ὁ
1398 2767 1564 2814 δοξάζων
1588 2770 1672 2804 Ven.

1011 2818 1052 2854 B.
1078 2818 1179 2852 Vind.
1202 2817 1247 2852 E.
1272 2817 1370 2854 Flor.
1398 2815 1440 2849 C.
