1807 3219
222 2034 292 2071 473

335 166 418 206 1θ6

781 163 1258 207 PLATONIS

331 278 456 319 λιστα
485 273 558 318 καὶ
594 274 704 318 κατὰ
746 275 789 318 τί
829 273 1088 320 δυνατώτατ’
1121 275 1178 321 ἂν
1210 276 1298 331 εἴη,
1339 273 1474 318 πάλιν
1501 292 1579 330 μοι
1606 278 1718 330 πρὸς

330 341 412 400 τήν
440 342 650 400 τοιαύτην
679 341 903 397 ἀπόδειξιν
921 344 976 388 τὰ
999 343 1109 389 αὐτοὶ
1138 344 1465 401 διομολόγησαι.
1501 343 1564 386 To?
1589 349 1717 396 ποῖας

237 423 306 459 473
320 407 407 467 Ἆρ’
444 409 543 455 οἷόν
581 412 627 456 τὲ
667 429 710 456 τι
750 417 1001 470 πραχθῆναι
1048 414 1107 466 ὥς
1146 415 1335 470 λέγεται,

1390 413 1419 470 ἢ
1455 411 1593 469 φύσιν
1631 413 1717 468 ἔχει

326 481 487 535 πρᾶξιν
526 481 675 534 λέξεως
712 476 846 536 ἧττον
887 481 1094 539 ἀληθείας
1133 482 1428 539 ἐφάπτεσθαι,
1468 480 1552 525 κᾶν
1590 483 1627 525 εἰ
1656 480 1715 538 μή

325 565 387 606 τῳ
426 550 549 593 δοκεῖ
561 568 574 601 ,·
623 548 733 593 ἀλλὰ
773 549 830 594 σύ
875 548 1062 606 πότερον
1102 549 1331 608 ὁμολογεῖς
1371 550 1532 603 οὕτως,
1578 549 1608 607 ἢ
1639 548 1715 601 οὕς

319 616 574 674 Ὅμολογῶ,
611 618 706 674 ἔφη.
771 622 914 663 Τοῦτο
956 620 1036 675 μ’ὲν
1075 619 1128 676 δή
1167 620 1226 678 μή
1269 618 1486 676 α’νοὲγκαζέ
1525 634 1604 675 με,
1644 615 1718 662 οἷα

324 691 387 743 τῷ
418 686 535 744 λόγῳ
566 688 828 743 διήλθομεν,
877 692 1062 732 τοιαῦτα
1096 689 1348 734 παντάπασι
1387 689 1462 733 καὶ
1500 691 1562 746 τῷ
1603 688 1717 746 ἔργῳ

326 757 421 799 δεῖν
450 755 690 812 γιγνόμενα
721 755 1014 812 ἀποφαίνειν·

1057 754 1155 801 ἀλλ’
1188 756 1266 801 ἐὰν
1297 754 1385 817 οἶοί
1412 773 1458 802 τε
1485 755 1718 813 γενώμεθα

325 822 494 878 εὑρεῖν,
529 823 590 876 ὠς
618 825 676 869 ἄν
707 823 919 881 ἐγγύτατα
948 828 1039 869 τῶν
1082 825 1322 882 εἰρημένων
1360 824 1488 876 πόλις
1519 823 1717 881 οἰκήσειε,

325 891 467 948 φάναι
506 893 620 950 ἡμᾶς
661 893 963 951 ἐξευρηκέναι,
1010 893 1070 946 ὦς
1111 895 1277 938 δυνατὰ
1305 898 1444 938 ταῦτα
1472 895 1717 949 γίγνεσθαι,

259 971 297 1013 Β
330 959 360 1004 ὁὶ
396 960 450 1006 σύ
489 960 736 1016 ἐπιτάττεις.
792 962 822 1021 ἢ
863 961 946 1008 οὐκ
985 961 1220 1020 ἀγαπήσεις
1259 961 1431 1012 τούτων
1467 960 1717 1019 τυγχάνωνς

373 1133 626 1182 δυνατώτατ’]
674 1133 857 1171 δυνατώτ’
892 1136 991 1171 Vind.

326 1179 371 1214 Ε.
397 1182 628 1221 δυνατῶντες
651 1183 732 1218 Bas.
758 1185 792 1217 b.
826 1181 992 1217 δυνατόν

326 1224 357 1260 τ’
382 1228 467 1262 Lob.
492 1229 592 1263 Vind.
615 1229 687 1262 BD.
711 1229 790 1263 Vat.
807 1230 856 1264 M.
881 1230 992 1264 δυνα-

325 1284 477 1308 τωτατα
509 1275 608 1309 Stob.
665 1276 905 1320 Superlativns
939 1277 994 1310 fa·-

325 1320 506 1364 cultatem,
535 1333 639 1367 quam
661 1321 841 1356 relativam
865 1322 994 1365 dicunt,

321 1365 461 1401 indicat.

371 1413 442 1458 εἴη]
470 1414 537 1447 Pro
562 1425 602 1447 eo
621 1413 744 1448 lacuna
765 1416 819 1448 est
838 1414 874 1448 in
888 1395 990 1448 Vind.

322 1458 367 1492 Ε.

369 1502 570 1551 τοιαύτην]
602 1502 725 1550 αὐτὴν
748 1507 827 1541 Par.
848 1506 892 1540 K.
917 1507 990 1541 Ast.

322 1562 380 1596 pr.

368 1596 667 1643 διομολόγησαι]
717 1595 992 1642 διωμολόγησαι

321 1645 423 1679 Vind.
457 1645 534 1680 DE.
575 1646 674 1678 Stob.
725 1645 992 1689 διομολογῆσαι

319 1691 410 1725 Lob.
455 1691 553 1725 Vind.
578 1692 618 1725 B.
669 1692 749 1725 Vat.
775 1691 825 1724 Μ.
872 1703 991 1736 margo

321 1739 431 1772 Gesn.
465 1738 542 1772 Ald.
573 1738 654 1771 Bas.
679 1739 734 1772 ab.
768 1737 828 1771 δεῖ
856 1734 989 1780 ὁμολο-

318 1784 435 1828 γῆσαι
458 1784 557 1817 Vind.
582 1784 622 1817 F.
651 1781 872 1827 διαλόγησαι
895 1785 988 1818 Μοιι.

317 1831 361 1864 Β.
387 1841 475 1864 corr.
501 1830 694 1874 (vulgatam
717 1831 752 1863 in
775 1842 883 1885 marg.
902 1842 922 1864 a
944 1842 988 1863 ιιι

318 1888 375 1921 pr.
401 1877 611 1920 adscriptam
633 1877 767 1921 habet.)
810 1873 990 1921 ὁμολόγη-

322 1932 387 1957 Goth
412 1924 500 1978 Ang.
523 1923 562 1956 I3.

360 1963 478 2026 Ἆρ’]
485 1964 544 2012 ἄρ’
567 1968 666 2002 Vind.
691 1968 733 2002 F.

362 2012 417 2060 ἢ]
451 2015 475 2059 ή
511 2016 609 2049 Stob.
646 2010 701 2059 (ἢ
731 2026 849 2059 margo
881 2015 988 2048 Gesn.

316 2062 458 2106 Gaisf.)

359 2107 439 2152 ’ἔχει
479 2106 651 2151 πρᾶξιν]
710 2104 782 2150 ε’χει
819 2104 988 2152 πράξειν,

312 2157 401 2202 ι(-χ
405 2166 439 2189 ει
460 2166 481 2187 e
498 2155 607 2198 corr.)
632 2153 731 2187 Vind.
753 2154 793 2187 B.

363 2200 518 2244 λέξεως]
545 2203 626 2245 post
648 2200 761 2244 ήττον
788 2199 887 2233 Vind.
906 2200 949 2234 Ε.

364 2247 495 2291 δοκεῖ]
540 2247 596 2282 Ita
630 2248 714 2281 Ven.
740 2247 781 2281 C.
819 2246 920 2280 Vind.
945 2246 986 2280 F.

316 2296 412 2330 Mon.
440 2294 479 2327 B.
505 2293 598 2327 Flor.
617 2293 661 2327 R.
682 2296 717 2326 et
740 2293 775 2327 in
799 2304 867 2326 sec.
882 2292 989 2326 Stall-

314 2341 484 2376 baumius.
528 2339 639 2374 δοκοῖ
667 2339 750 2373 Ven.
775 2340 816 2373 B.
850 2340 989 2373 Bekke-

315 2400 396 2430 rus,
434 2386 553 2420 Astius
577 2385 613 2419 in
646 2389 728 2419 tert.
753 2390 788 2420 et
812 2386 987 2421 Stallbau—

316 2435 403 2469 mius
427 2433 464 2467 in
487 2443 540 2478 pr.
565 2432 656 2478 δοκῇ
678 2433 756 2466 Par.
768 2433 806 2466 A.
829 2432 890 2466 sed
908 2443 985 2465 cor-

316 2483 456 2522 rectus,
487 2479 613 2524 reliqui
647 2478 781 2512 codices
808 2489 883 2511 clun
907 2478 983 2512 Ald.
1038 2509 1040 2511 ,

315 2527 400 2561 Bas.
423 2527 482 2560 ab.
507 2525 630 2570 Steph.
654 2526 728 2559 Ast.
747 2537 801 2570 pr.
827 2527 863 2557 et
883 2525 985 2558 omis-

316 2584 356 2606 so
372 2573 410 2606 'in
430 2571 708 2606 antecedentibus
729 2572 763 2606 εἰ
776 2582 843 2605 sec.
871 2571 986 2611 Quum

315 2619 571 2653 coniunctivum
603 2620 645 2652 ab
688 2618 770 2663 ipsis
813 2617 987 2651 codicibus

316 2676 442 2710 parum
466 2665 599 2698 firmum
624 2676 699 2699 esse
723 2667 902 2711 appareat,
919 2676 985 2697 non

320 2714 396 2753 est,
430 2712 521 2756 quod
546 2711 577 2743 h.
604 2712 624 2745 l.
651 2711 687 2745 in
720 2723 761 2745 eo
793 2711 984 2744 excusando

320 2760 358 2792 et
380 2769 402 2791 a
424 2757 614 2792 soloecismi
644 2757 778 2791 macula
789 2757 985 2810 purgando

316 2804 532 2837 laboremus·
566 2803 765 2837 inusitatum
788 2802 823 2837 in
845 2805 910 2837 hoc
933 2803 986 2837 di·-

318 2849 419 2884 cendi
443 2861 570 2894 genere
593 2853 629 2884 et
653 2862 674 2884 a
688 2849 837 2884 Platonis
856 2860 985 2884 sermo-

1050 1145 1094 1169 ne
1127 1133 1272 1169 alienum
1303 1134 1395 1169 ultro
1429 1136 1590 1172 fatemur.
1647 1132 1719 1167 Sed

1050 1182 1094 1215 de
1118 1180 1258 1226 reliquis
1278 1181 1400 1236 modis,
1426 1182 1486 1227 qui
1508 1181 1619 1215 solent
1642 1191 1719 1213 cum

1049 1227 1228 1273 particulis
1250 1223 1321 1262 κᾶν
1342 1228 1377 1262 εἰ
1399 1227 1562 1269 construi,
1585 1226 1718 1260 indica—

1049 1275 1166 1316 tivus,
1199 1275 1259 1319 qui
1281 1285 1358 1308 esse
1388 1274 1554 1319 quosdam
1577 1274 1621 1307 ab
1653 1273 1717 1306 hoc

1049 1320 1180 1366 placito
1238 1319 1499 1354 dissentientes.
1533 1319 1716 1363 significat,

1049 1367 1205 1411 optativo
1238 1370 1371 1400 tantum
1407 1367 1483 1400 fieri
1516 1377 1640 1410 posse,
1678 1367 1719 1398 ut

1049 1413 1231 1446 dissentiat
1263 1413 1410 1458 aliquis,
1444 1412 1634 1446 declaranti
1658 1422 1717 1444 co—

1048 1460 1160 1492 dicum
1194 1471 1317 1493 caussa
1348 1459 1597 1504 praeferendus
1630 1460 1718 1499 erat,

1044 1517 1114 1539 non
1139 1506 1229 1551 quod
1253 1506 1305 1540 rei
1335 1506 1404 1550 ipsi
1430 1504 1719 1539 accommodatior

1047 1555 1168 1594 esset,
1215 1553 1495 1608 quemadmodum
1543 1550 1717 1584 Stallbau-

1046 1598 1133 1631 mius
1157 1599 1290 1633 statuit.
1341 1594 1389 1632 ἒὶν
1413 1598 1581 1642 quomodo
1606 1596 1718 1641 expli-

1047 1645 1194 1678 candum
1216 1645 1398 1686 videatur,
1425 1644 1499 1678 Vol.
1524 1644 1551 1678 I.
1576 1642 1716 1688 p.‚294

1047 1690 1084 1724 b.
1106 1691 1259 1733 ostendi3
1285 1691 1327 1724 de
1350 1690 1537 1724 indicativo
1562 1692 1606 1724 cf.
1632 1689 1716 1723 ibid.

1046 1745 1081 1781 p.
1107 1739 1164 1778 90.
1183 1738 1216 1771 b.
1266 1737 1472 1790 Optativum
1495 1737 1585 1770 infra
1609 1737 1718 1770 habes

1045 1794 1081 1827 p.
1100 1763 1179 1818 477.
1202 1785 1242 1816 Α.
1265 1782 1518 1816 coniunctivum
1535 1783 1577 1817 L.
1598 1782 1713 1817 VIIII.

1046 1842 1080 1875 p.
1105 1831 1185 1864 579.
1209 1830 1253 1864 D.
1279 1830 1413 1863 codices
1436 1832 1564 1863 tenent.

1094 1874 1162 1920 σύ]
1210 1889 1275 1912 om.
1310 1876 1390 1910 Par.
1425 1875 1502 1915 DK.
1541 1876 1634 1910 Mon.
1672 1875 1711 1909 B.

1046 1922 1142 1957 Flor.
1169 1922 1213 1956 U.

1093 1966 1268 2013 πότερον]
1295 1964 1481 2012 πρότερον
1504 1967 1591 2002 Lob.
1610 1967 1712 2000 Vind.

1046 2014 1087 2048 B.
1114 2015 1193 2048 Vat.
1218 2015 1297 2047 ΒΜ.
1326 2014 1408 2047 Ven.
1437 2014 1476 2046 C.
1503 2015 1582 2048 Par.
1607 2014 1652 2048 K.
1677 2016 1720 2048 et-

1047 2073 1068 2095 a
1090 2073 1134 2093 ιιι.
1159 2072 1213 2105 pr.
1237 2061 1280 2094 D.
1306 2061 1404 2093 Stob.
1430 2060 1551 2094 Trinc.

1076 2125 1285 2183 ὁμολογεῖς
1311 2124 1452 2172 οὕτως,
1465 2128 1480 2173 ]
1508 2125 1711 2172 ὁμολογεῖς,

1046 2171 1185 2215 ον’τως;
1213 2176 1306 2209 Μοιι.
1330 2176 1370 2208 Β.

1096 2222 1245 2266 Τοῦτο]
1273 2219 1394 2255 τούτω
1419 2221 1520 2255 Vind.
1545 2221 1589 2254 E.

1045 2280 1096 2315 τῳ
1120 2269 1219 2302 Stob.
1244 2268 1378 2312 (τοῦτο
1402 2279 1446 2300 ιιι.
1474 2268 1603 2311 Gesn.)

1438 2333 1623 2381 ἀνάγκαζε
1658 2333 1708 2380 μὴ

1625 2217 1710 2254 ‘nov'-

1092 2334 1278 2382 ἀνάγκαζέ
1310 2337 1386 2384 με]

1044 2385 1146 2422 Vind.
1169 2385 1213 2418 E.

1089 2451 1177 2499 οἷα]
1205 2449 1229 2488 ὁ)
1254 2452 1354 2490 Vind.
1379 2453 1423 2488 D.

1090 2523 1190 2569 δεῖν]
1226 2523 1282 2557 Ita
1305 2523 1386 2557 Par.
1408 2522 1449 2556 A.
1473 2519 1573 2555 Vind.
1597 2520 1708 2554 DEF.

1042 2571 1129 2605 Ven.
1154 2572 1194 2605 B.
1220 2571 1312 2605 Mon.
1339 2570 1379 2603 B.
1403 2569 1543 2612 Ang.B.
1569 2567 1648 2600 vat.
1664 2566 1708 2600 H.

1043 2619 1142 2652 Stob.
1167 2617 1285 2650 Trinc.
1310 2616 1499 2649 Bekkerus.
1540 2614 1600 2648 δεῖ
1622 2613 1707 2647 Lob.

1042 2664 1142 2698 Vind.
1168 2664 1209 2697 B.
1236 2663 1316 2696 vat.
1340 2662 1420 2696 ΒΜ.
1448 2661 1534 2695 Ven.
1561 2660 1602 2694 C.
1628 2660 1707 2693 Par.

1042 2710 1119 2744 DK.
1147 2721 1215 2743 see.
1240 2709 1351 2743 Bekk.
1376 2708 1474 2741 Stob.
1498 2708 1607 2740 Gesn.
1631 2705 1706 2739 Ald.

1042 2757 1123 2791 Bas.
1149 2757 1203 2789 ab.
1240 2754 1286 2799 δὴ
1313 2755 1412 2788 Stob.
1437 2753 1551 2788 Gaisf.
1585 2752 1705 2796 Steph.

1042 2803 1087 2836 As
1083 2803 1158 2836 tius
1197 2805 1233 2835 ct
1272 2788 1642 2852 'Stallbaumius‚q13i
1674 2798 1706 2831 in

1042 2850 1153 2894 prima
1185 2848 1238 2882 ed.
1271 2858 1372 2893 qutun
1397 2858 1416 2880 e
1439 2845 1644 2880 Florentinis
1666 2845 1706 2878 li-
