1807 3219
329 164 427 214 ⁴278

789 139 1267 209 PL'ATONIS

344 294 437 335 σαι,
472 281 594 326 ἔθεσι
621 279 894 325 παιδεύουσα
923 277 1028 328 τούς
1058 274 1284 332 φύλακας,
1314 274 1425 318 κατά
1448 289 1492 318 τε
1513 273 1731 331 ἁρμονίαν

344 347 640 405 εὐαρμοστίαν
679 347 808 396 τινα,
870 344 955 390 οὐκ
997 343 1265 400 ἐπιστήμην,
1312 344 1619 398 παραδιδοῦσα
1655 345 1731 388 καὶ

343 416 457 461 κατὰ
499 415 674 471 ῥυθμὸν
715 413 984 471 εὐρυθμίαν,
1025 413 1072 457 ἔν
1102 428 1148 456 τε
1185 416 1276 462 τοῖς
1302 410 1449 466 λόγοις
1476 411 1599 467 ἕτερα
1627 413 1730 456 τού-

343 499 435 528 των
472 482 666 540 άδελφοὶ,
714 484 819 539 ἔφη,
871 480 979 526 ἄττα
1018 482 1199 538 ἔχουσα,
1252 479 1326 523 καὶ
1368 478 1467 523 ὅσοι
1509 478 1736 534 μυθώδεις

344 557 436 596 τῶν
473 552 620 608 λόγων
650 551 723 595 καὶ
760 550 861 595 ὅσοι
896 549 1218 607 ἀληθινώτεροι
1261 542 1398 604 ἦσαν·

344 619 457 676 πρὸς
481 617 686 663 τοιοῦτόν
714 636 756 663 τι
783 617 977 675 ἀγαθὸν,
1011 616 1110 663 οἷον
1140 617 1195 661 σύ
1227 620 1313 660 νῦν
1345 619 1494 672 ζητεῖς,
1525 615 1658 660 οὐδὲν
1681 613 1740 674 ἧν
1802 635 1807 646 ’-

1457 546 1646 604 μα’θημα
1689 548 1737 593 δὲ
1802 532 1806 558 ”

287 693 324 735 Β
347 688 395 732 ἐν
425 685 550 746 αὐτῇ.
606 686 930 744 Ἀκριβὲστατα,
970 682 1028 744 ἦν
1071 684 1115 730 δ’
1146 685 1255 740 ἐγώ,
1293 684 1635 741 ἀναμιμνήσκεις
1663 700 1737 741 με·
1797 701 1800 708 ·

347 760 411 814 τῷ
452 756 537 813 γαρ
580 755 676 800 ὄντι
714 760 921 800 τοιοῦτον
967 753 1099 798 οὐδὲν
1139 751 1260 810 εἶχεν.
1312 751 1420 804 ἀλλ’,
1452 747 1496 801 ,ὦ
1539 753 1740 809 δαιμόνιε

350 824 587 877 Γλαύκων,
617 826 658 868 τί
690 821 744 867 ἂν
775 825 838 880 ε’ίη
868 826 1090 874 τοιοῦτονς
1133 823 1182 866 αἴ
1209 837 1253 865 τε
1279 819 1364 877 γάρ
1394 820 1538 876 τέχναι
1568 821 1737 877 βάναυ-
1801 867 1803 870 ,

348 993 513 1075 Γ..ἒίθεσή
539 995 781 1030 consuetudine
799 995 1012 1040 moribusque

363 1051 370 1066 ⁴
383 1053 425 1076 lc.

394 1106 669 1153 εὐαρμοστίαν]
717 1108 780 1142 καὶ
825 1107 878 1144 εὖ.
928 1108 1015 1143 Lob.

349 1156 430 1190 vat.
455 1156 534 1189 ΒΜ.

395 1223 673 1267 παραδιδοῦσα]
702 1222 1017 1267 παραδοῦσαΡοτ.

349 1271 428 1306 DK.
451 1270 529 1304 Ald.
554 1271 633 1303 Bas.
660 1271 715 1303 ab.
752 1273 786 1303 et
809 1270 845 1303 in
870 1269 1018 1303 secunda

352 1317 468 1351 Astius
493 1327 569 1349 cum
593 1317 687 1350 Mon.
706 1317 748 1350 C.
772 1319 810 1349 ut
834 1315 920 1350 falso
946 1315 1017 1349 exi-

354 1363 530 1397 stimabat.

396 1430 460 1465 καὶ
479 1427 575 1464 κατ-οὶ
602 1428 752 1474 ῥυθμόν
774 1427 1016 1474 εὐρυθμίαν,]

351 1478 415 1512 Ηί5
447 1477 548 1512 vind
580 1477 624 1512 E.
657 1480 807 1510 mutatae
853 1487 1020 1528 personae

351 1524 513 1558 indicium
539 1524 577 1580 (2
589 1523 606 1568 )
637 1523 797 1578 utrinque
828 1522 1020 1566 appositum

351 1570 464 1604 habet.
489 1567 552 1602 καὶ
569 1565 646 1602 κατ’
667 1565 846 1623 ἀριθμόν.
874 1568 955 1601 Par.
974 1567 1019 1602 K.

352 1615 416 1650 καὶ
441 1612 539 1649 κατὰ
574 1612 721 1670 ῥυθμὸν
753 1615 846 1648 Mon.
874 1614 915 1647 B.
940 1614 1020 1647 Par.

352 1663 396 1696 D.
421 1660 484 1695 καὶ
511 1659 590 1694 κατ’
619 1657 786 1718 ἀριθμὸν
811 1657 1021 1704 εὐρυθμίαν

352 1708 453 1745 Vind.
477 1707 519 1740 F.
551 1728 597 1732 —
616 1705 841 1751 ῥυθμῶν-
866 1707 945 1743 Vat.
969 1705 1019 1741 Μ

354 1720 647 1798 -εὐρρυθμίαν
670 1753 773 1790 Vind.
795 1753 837 1786 Β.

367 1818 377 1822 ⁷
402 1821 499 1867 ἔφη]
527 1834 591 1856 om.
615 1821 712 1856 Flor.
738 1821 784 1856 T.
819 1818 891 1865 ἔθη
915 1819 1018 1855 Vind.

354 1868 395 1904 F.
418 1872 507 1913 Aug.
531 1870 573 1903 B.
607 1867 702 1901 Flor.
728 1868 769 1900 R.
804 1871 841 1901 et
870 1878 891 1901 a
920 1877 963 1901 m.
988 1878 1017 1900 s.

353 1916 441 1950 Ven.
467 1915 508 1948 C.
543 1925 619 1947 cum
654 1913 827 1947 Eusebio·
860 1911 1020 1955 „Emen-

353 1960 527 1995 dationem
560 1959 726 2004 insignem
770 1958 862 2003 (nisi
895 1959 1019 2003 fallor)

355 2007 523 2049 affermii,
556 2017 645 2058 quae
675 2006 827 2039 Eusebio
861 2005 1018 2039 debetur.

355 2053 446 2098 apud
471 2064 547 2087 eum
577 2052 666 2086 enim
697 2063 781 2086 vera
802 2051 934 2085 lectio*
926 2063 1022 2084 inve-

355 2100 468 2142 nitur,
490 2098 551 2132 ubi
572 2099 661 2132 hunc
682 2097 792 2132 locum
811 2097 925 2132 affert.
966 2097 1022 2131 Ea

357 2147 469 2179 autem
507 2147 561 2178 est
601 2141 672 2187 ἔθη
706 2155 770 2188 pro
802 2141 885 2188 ε’.φη
956 2143 1022 2177 Cui

355 2190 582 2225 emendationi
635 2190 891 2224 confirmatione
936 2200 1022 2234 opus

357 2249 424 2271 non
457 2240 511 2270 est
530 2261 540 2278 ‚
584 2247 659 2269 meo
698 2236 858 2281 quidem·
852 2235 1019 2269 -iudicioz

357 2282 559 2336 praesertim
582 2293 685 2336 quum
704 2281 902 2336 praecedat,
919 2279 1022 2315 ε’θεσι

358 2325 591 2363 παιδεύουσα
605 2339 693 2366 τους
708 2325 888 2371 φύλακας.
892 2329 916 2346 “
941 2328 1023 2360 Ste-

357 2376 459 2432 phan.
492 2378 605 2408 annot.
637 2386 672 2423 p.
696 2375 754 2408 24.
789 2374 882 2417 „sed
916 2370 1023 2418 ἕτερα

360 2418 457 2456 ἄττα
485 2432 552 2454 non
585 2419 628 2453 ad
652 2417 722 2463 ἔθη
746 2419 781 2453 in
812 2420 1023 2464 praeceden-

359 2469 451 2501 tibus
460 2469 612 2523 spectat,
629 2466 690 2499 sed
709 2466 752 2499 ad
775 2465 1023 2510 ευαρμοστίαν

359 2519 395 2548 et
428 2510 679 2556 ευρυθμίαν.“
731 2512 848 2545 Astius
880 2512 915 2545 in
954 2523 1023 2547 see.

362 2572 397 2613 p.
423 2560 501 2594 564.
531 2558 571 2591 Id
593 2569 676 2591 vero
699 2558 865 2611 Stephani
888 2562 1025 2592 senten-

361 2605 429 2660 tjae
468 2616 534 2638 non
569 2605 696 2637 obstat.
766 2603 878 2648 Magis
911 2605 1025 2638 obstat

364 2647 479 2693 ἄττα,
531 2653 603 2683 tum
648 2649 798 2683 codicum
835 2650 1026 2684 auctoritas

361 2700 397 2730 et
418 2698 579 2739 vulgatae
611 2695 767 2729 lectionis
798 2697 1018 2749 praes-tantm

361 2744 527 2777 lteratum
552 2742 638 2775 enim
673 2739 744 2785 ἔφη
768 2742 949 2776 memoriae
972 2743 1026 2776 fa·-

361 2788 520 2822 cultatem
531 2787 716 2821 Glauconis
734 2787 842 2832 magis
860 2787 1026 2841 insignem

363 2834 475 2869 reddit
498 2836 602 2878 atque
633 2833 802 2875 ethicam,
838 2836 876 2867 ut
898 2833 949 2869 ita
973 2834 1026 2868 di—

1071 1005 1167 1036 cam,
1200 992 1268 1026 vim
1299 991 1413 1025 habet.
1470 991 1642 1033 Similem,
1675 993 1737 1026 sed

1072 1040 1138 1074 alio
1157 1019 1372 1093 spectantem
1407 1037 1540 1072 obtinet
1562 1038 1734 1073 Phaedon.

1073 1097 1106 1130 p.
1132 1087 1188 1119 73.
1212 1085 1260 1117 A.
1297 1082 1421 1118 πόθεν
1449 1083 1540 1125 οὖν,
1576 1081 1669 1140 ἔφη,
1703 1084 1733 1118 ω>

1075 1129 1295 1185 Σωκρατες,
1330 1142 1406 1163 των
1432 1127 1616 1164 τοιούτων
1645 1128 1734 1174 οἷγα

1073 1175 1157 1212 θόν
1171 1174 1326 1233 ἐπῳδὸν
1359 1173 1581 1231 ληψόμεθα
1608 1173 1734 1221 επειδὴ

1075 1234 1141 1267 συ,
1168 1221 1261 1266 ε’φη7
1286 1219 1386 1266 ημᾶς
1412 1202 1645 1263 α’πολείπειςς
1678 1223 1738 1256 ubi

1073 1269 1299 1303 intendendae
1330 1268 1537 1312 pronominis
1561 1266 1604 1302 σύ
1630 1269 1737 1313 signi-

1073 1315 1223 1349 ficationi
1253 1314 1413 1356 inservit,
1461 1315 1739 1358 quemadmodum

1075 1373 1181 1406 supra
1204 1373 1237 1406 p.
1262 1362 1340 1394 517.
1366 1360 1409 1394 D.
1434 1360 1646 1394 insolentiori
1664 1362 1739 1396 loco

1074 1408 1224 1463 positum
1243 1406 1291 1450 η”ν
1309 1403 1341 1440 δ
1361 1403 1429 1450 ἐγω
1457 1408 1611 1451 augendo
1635 1408 1742 1442 nomi-
1793 1436 1797 1442 ,

1076 1454 1128 1487 nis
1160 1452 1277 1486 θείων
1325 1452 1478 1498 ponde1i.
1550 1453 1622 1486 Sed
1654 1465 1744 1508 quae

1076 1499 1295 1533 Heindmfius
1340 1502 1374 1532 et
1409 1499 1652 1533 Stallbaumius
1692 1499 1744 1534 ibi

1076 1545 1330 1590 adscripserunt
1345 1544 1559 1598 repetitionis
1575 1546 1744 1599 exempla,

1077 1603 1119 1625 ea
1143 1592 1186 1625 ad
1209 1591 1365 1634 vulgaris
1384 1592 1549 1626 sermonis
1580 1591 1743 1626 imitatio-

1076 1649 1150 1672 nem
1176 1638 1269 1671 facta
1294 1639 1382 1670 sunt.

1125 1702 1243 1750 ἄττα]
1271 1700 1367 1739 ἅττα
1390 1705 1491 1740 Vind.
1515 1706 1558 1739 F.
1582 1705 1679 1741 Mon.
1702 1706 1744 1741 C.

1121 1775 1199 1809 τῶν
1217 1771 1357 1818 λόγων]
1384 1774 1436 1808 τῶ
1464 1771 1561 1819 λόγω
1587 1775 1679 1810 Μοη.
1704 1776 1745 1812 Β.

1073 1834 1096 1857 a
1119 1834 1163 1856 m.
1188 1833 1242 1866 pr.
1268 1825 1304 1855 et
1326 1821 1422 1854 Flor.
1447 1820 1492 1854 U.

1122 1887 1188 1934 δὲ]
1222 1902 1286 1924 om.
1319 1901 1341 1924 a
1371 1901 1414 1923 m.
1449 1901 1503 1935 pr.
1537 1890 1617 1926 vat.
1642 1890 1684 1928 B.
1706 1893 1743 1925 et

1074 1937 1160 1972 Ven.
1184 1937 1225 1970 C.

1121 1991 1312 2036 τοιοῦτόν]
1336 1990 1381 2026 το“
1400 1991 1579 2028 τοιοῦτόν
1602 1994 1684 2029 Par.
1696 1995 1741 2032 K.

1076 2036 1227 2074 τοιοῦτό
1254 2039 1354 2072 Vind.
1376 2039 1417 2074 B.
1444 2040 1537 2074 Mon.
1564 2040 1604 2075 C.

1125 2093 1298 2141 οἷγαθόν]
1337 2091 1382 2130 ὃν
1406 2092 1557 2141 ἀγαθὸν
1588 2098 1676 2143 Ang.
1699 2099 1740 2134 B.

1079 2155 1125 2187 αγ
1155 2143 1258 2179 Vind.
1280 2142 1325 2178 F.
1359 2141 1744 2190 om.F10r.R.c'u'yov

1080 2190 1208 2224 Euseb.
1244 2192 1281 2222 et
1310 2201 1354 2233 γρ
1390 2189 1472 2224 Ven.
1498 2190 1538 2224 C.
1586 2191 1627 2224 Id
1660 2193 1741 2226 Ste-
1798 2223 1800 2227 ,

1079 2237 1203 2291 phano
1215 2247 1249 2280 p.
1273 2236 1330 2269 25.
1356 2236 1461 2270 multo
1486 2236 1615 2280 magis,
1639 2250 1740 2283 quam
1804 2238 1805 2242 ’

1080 2279 1233 2326 α’γαθὸν
1256 2282 1438 2325 probatum
1461 2282 1578 2316 Astius
1612 2283 1647 2318 in
1670 2296 1740 2318 sec.

1078 2340 1121 2362 ex
1155 2328 1306 2361 Eusebio
1342 2328 1473 2372 recepit
1514 2330 1743 2384 „postulante

1079 2385 1180 2408 sensu
1204 2377 1239 2406 et
1262 2374 1515 2428 piaepositione
1527 2373 1637 2419 πρός,
1653 2388 1743 2421 quae

1080 2432 1099 2455 e
1122 2431 1206 2454 voce
1227 2417 1388 2462 μάθημα
1417 2420 1567 2464 pendere
1590 2434 1656 2455 non
1667 2434 1743 2477 po—
1800 2427 1801 2430 ’

1080 2470 1159 2500 test
1164 2469 1186 2485 ‘⁶
1210 2466 1341 2499 Pendet
1360 2478 1442 2499 vero
1462 2478 1482 2500 a
1498 2467 1630 2500 nomine
1652 2465 1741 2512 ἄγοι-

1079 2509 1157 2546 θον
1183 2515 1218 2545 et
1241 2523 1315 2545 eam
1338 2523 1411 2545 iem
1434 2512 1621 2557 significat,
1646 2514 1742 2548 cuius

1080 2559 1132 2592 rei
1163 2561 1323 2602 respectu
1354 2570 1414 2592 seu
1454 2559 1586 2592 ratione
1626 2560 1743 2594 habita

1081 2603 1210 2649 aliquid
1244 2605 1368 2637 bonum
1399 2616 1459 2638 seu
1491 2604 1573 2638 utile
1597 2606 1742 2640 dicatur.

1081 2650 1192 2683 SicL.
1204 2650 1303 2683 VIII.
1322 2663 1355 2694 p.
1367 2651 1444 2685 559.
1456 2650 1503 2683 A.
1523 2662 1618 2695 προς
1630 2649 1743 2686 ουὸεν

1082 2693 1246 2752 ἀγαθόν.
1255 2697 1327 2730 Alci
1332 2698 1361 2729 b.
1374 2697 1401 2729 Ι.
1412 2708 1445 2740 p.
1456 2698 1531 2731 109.
1544 2699 1585 2731 C:
1592 2696 1743 2753 βέλτιον
1806 2716 1807 2747 ᾗ

1081 2740 1179 2786 πρὸς
1205 2739 1247 2776 τὸ
1279 2744 1451 2786 πολεμεῖν
1467 2741 1530 2776 καὶ
1535 2755 1611 2799 ,Q
1653 2744 1742 2778 Xen.

1081 2789 1185 2823 Mem.
1209 2788 1289 2822 1111.
1316 2791 1359 2830 6,
1386 2791 1447 2823 10.
1486 2786 1544 2832 ἀρ
1563 2791 1632 2824 οὐν
1652 2788 1742 2830 τοὺς

1081 2831 1148 2877 μὲν
1178 2814 1359 2877 ἀγαθοὺς
1371 2832 1468 2879 πρὸς
1482 2833 1530 2869 τὰ
1552 2834 1660 2870 δεινὰ
1678 2836 1743 2871 καὶ
