1807 3219
321 211 378 251 50

327 318 391 361 Τὰ
420 321 528 361 ποῖοι
557 316 729 370 αὕτῶνς
763 318 861 376 ἔφη.

373 440 429 476 Τὰ
454 443 548 476 ποῖα
572 439 698 477 αὐτῶν
709 442 735 486 ,·]
763 442 847 484 Quis
865 443 987 477 horum

325 489 470 523 modus?
500 489 573 522 Fic.
623 488 694 521 Sed
717 489 824 522 totius
847 489 942 522 loci*
933 501 986 523 ιιι-

323 534 604 579 terpretationem
629 534 668 567 F
659 545 836 568 lcuuanam
857 535 987 569 adscri-

323 581 397 626 psi,
432 592 498 625 quo
523 580 632 625 magis
667 592 740 613 eum
765 580 907 615 liberius
931 581 987 614 hic

323 632 495 660 versatum
527 632 562 660 et
602 626 803 660 sententiam
844 627 987 660 univer-

324 685 416 714 sam,
458 685 524 706 non
557 672 690 715 singula
712 673 821 706 verba
843 674 988 707 reddere

325 725 482 752 conatum
534 730 609 751 esse
650 717 869 762 intelligatur.
929 721 986 752 So.

322 767 378 799 An
403 778 470 798 non
493 765 556 799 tibi
590 776 720 808 quoque
754 766 891 798 videtur
913 777 987 798 mo-

323 813 482 845 deratum
530 811 644 844 adulti
692 812 822 844 roboris
854 817 988 854 tempus

323 869 394 891 esse
418 857 553 890 mulieri
577 857 712 900 quidem
740 868 847 890 annos
869 858 987 901 vigin—

322 904 374 944 ti,
409 904 483 936 viro
510 908 627 936 autem
656 902 835 947 triginta?
885 904 986 936 Glau.

325 950 411 991 Quis
434 950 552 982 horum
583 948 730 981 modus?
775 950 833 982 So.
866 950 910 982 Ut
933 950 986 981 υἰ-

323 996 447 1029 delicet
471 995 593 1027 mulier
618 1006 640 1028 a
663 995 830 1039 vigesimo
858 995 988 1028 aetatis

322 1053 413 1075 anno
438 1041 603 1094 incipiens
633 1052 737 1084 usque
762 1041 809 1074 ad
833 1041 988 1085 quodia-

321 1088 491 1133 gesimnm
506 1087 648 1130 pariat:
671 1087 725 1119 vir
746 1091 872 1127 autem,
887 1092 986 1130 post-

323 1145 427 1178 quam
452 1133 683 1166 acutissimum
705 1133 758 1165 sui
794 1144 908 1165 cursus
931 1132 985 1165 υἰ-

322 1191 443 1233 gorem
476 1178 673 1218 transierit,
717 1190 825 1211 annos
859 1179 987 1211 scilicet

321 1226 493 1269 triginta,
536 1224 617 1257 inde
649 1235 754 1267 usque
799 1224 846 1257 ad
880 1234 989 1257 annos

324 1272 470 1314 quinque
494 1274 528 1302 et
544 1271 799 1314 quinquaginta
820 1274 987 1313 procreet.

323 1317 364 1349 In
381 1316 433 1349 his
454 1327 562 1349 annos
580 1316 707 1348 scilicet
727 1316 879 1360 triginta
898 1315 988 1348 haud

325 1362 426 1395 dubie
450 1360 706 1406 perspicuitatis
729 1361 842 1406 gratia
875 1367 911 1394 et
934 1372 989 1394 se-

324 1408 469 1441 cundum
492 1413 638 1440 mentem
655 1407 806 1440 Platonis
830 1418 850 1439 a
874 1419 912 1441 se
927 1407 989 1440 ad·-

323 1453 426 1495 iecit,
461 1454 568 1486 verba
592 1453 637 1497 τῇ
662 1450 768 1486 πόλει
799 1458 838 1486 ut
862 1464 985 1497 super-

322 1511 473 1534 vacanea
502 1504 641 1542 praeter
679 1498 857 1543 scriptoris
890 1510 985 1532 men-

322 1550 391 1579 tem
417 1544 553 1586 omisit‚
586 1545 771 1578 Glauconis
795 1551 907 1578 autem
929 1545 984 1577 in—

320 1590 586 1635 terrogationem
618 1591 722 1624 talem
756 1591 861 1632 fecit,
898 1602 985 1635 qua-

321 1638 387 1671 lem
411 1637 640 1681 superioribus
676 1640 779 1679 atque
802 1636 984 1681 insequen-

321 1684 412 1717 tibus
437 1682 616 1716 convenire
641 1682 872 1724 existimaret,
905 1694 985 1715 ver-

321 1733 441 1763 borum
461 1729 612 1773 ipsorum
634 1729 800 1762 rationem
834 1741 899 1762 non
922 1729 985 1761 ha—

321 1776 407 1809 buit.
456 1775 555 1815 Quae
589 1775 756 1819 quomodo
780 1774 860 1808 mihi
883 1774 986 1808 intel-

321 1821 369 1865 lig
371 1821 458 1854 enda
479 1820 678 1862 videantur,
703 1820 778 1853 Vol.
804 1821 833 1853 Ι.
858 1832 890 1865 p.
908 1822 984 1862 174,

323 1879 356 1901 a.
381 1866 578 1911 significavi.
611 1867 722 1906 Quum
749 1866 835 1899 enim
859 1867 984 1900 Socra—

322 1917 376 1947 tes
411 1918 531 1956 aptum
562 1918 695 1956 tempus
721 1914 823 1956 floris
854 1912 986 1945 mulieri

321 1958 540 2000 vicesimum,
562 1958 637 1991 viro
660 1957 866 1991 tricesimum
888 1964 985 1991 aeta-

322 2005 369 2039 tis
394 2015 516 2038 annum
548 2015 623 2037 esse
657 2004 817 2045 dixisset,
849 2005 982 2037 Glauco

323 2062 391 2085 non
417 2051 507 2095 quod
531 2049 663 2083 omnino
700 2049 870 2091 nesciret,
902 2049 982 2094 quid

325 2098 488 2130 Socrates
513 2096 577 2130 sibi
599 2097 723 2138 vellet,
756 2096 817 2129 sed
841 2107 983 2129 accura-

322 2143 444 2177 tiorem
468 2142 540 2176 eius
571 2142 622 2175 rei
653 2141 898 2187 expositionem
923 2142 982 2175 de-

324 2189 477 2222 siderans
511 2187 667 2241 quaerit?
699 2188 743 2221 ad
773 2199 938 2232 quaenam
962 2198 983 2221 a

322 2234 519 2268 mulieribus
544 2239 578 2267 et
599 2234 680 2267 viris
698 2234 903 2278 praestanda
925 2245 983 2267 re-

322 2280 468 2326 spiciens
501 2285 616 2324 aptum
649 2280 697 2313 eis
729 2280 809 2313 illud
841 2279 983 2325 potissi-

322 2338 412 2360 mum
437 2330 570 2370 tempus
603 2326 706 2359 dicat.
761 2325 827 2359 Cui
858 2326 985 2359 Socra-

323 2376 376 2405 tes
410 2372 541 2406 mulieri
575 2372 617 2405 ad
661 2373 725 2405 hoc
759 2377 874 2416 aptum
909 2383 985 2404 esse

322 2419 519 2463 respondet,
542 2421 581 2452 ut
597 2419 634 2451 in
647 2419 818 2462 publicum
835 2417 988 2462 pariendi

323 2466 425 2499 initio
456 2464 533 2497 inde
563 2465 655 2497 facto
687 2463 730 2497 ad
764 2463 987 2508 quadragesi-

323 2522 413 2544 mum
452 2521 572 2544 annum
617 2521 726 2554 usque
767 2521 807 2543 eo
849 2521 986 2543 munere

323 2557 488 2600 fungatur
502 2582 512 2596 ‚
546 2556 621 2589 viro
645 2561 781 2597 autem,
816 2560 855 2589 ut
878 2555 986 2589 maxi-

325 2614 378 2636 me
413 2601 554 2646 proclivi
578 2602 669 2635 vitae
703 2601 811 2646 spatio
842 2601 984 2635 decurso

324 2648 468 2681 indidem
492 2647 627 2693 publice
654 2659 819 2691 generare
841 2647 986 2692 incipiat

327 2698 363 2727 et
386 2705 447 2738 per
466 2694 583 2736 viffinti
601 2694 749 2738 quinque
767 2705 870 2727 annos
890 2693 984 2726 dein—

326 2751 408 2783 ceps
426 2739 540 2772 officio
561 2739 762 2773 satisfaciat.
805 2737 848 2773 τὸ
874 2742 985 2773 ποῖον

327 2797 429 2829 quum
452 2785 550 2826 alibi,
584 2790 655 2819 tum
688 2797 721 2830 p.
746 2786 826 2820 459.
852 2788 892 2818 A.
926 2797 985 2818 eo-

327 2831 403 2864 dem
445 2831 540 2864 modo
574 2831 725 2864 uberiori
766 2830 984 2876 explicationi

327 2876 511 2911 eliciendae
533 2876 698 2912 inservire
728 2876 890 2919 vidimus,
922 2889 984 2911 ne-

775 205 1248 249 PLATONIS

922 317 1110 363 Γυναικὶ
1137 317 1240 374 μὲν,
1270 311 1325 372 ἦν
1355 314 1395 360 δ’
1427 315 1532 372 ἐγώ,
1572 315 1702 372 ἀρξα-

1042 454 1108 487 que
1148 440 1333 475 accusatin·
1366 443 1425 474 aut
1450 439 1592 484 genitivi
1630 453 1704 476 cum

1043 501 1083 521 eo
1108 487 1277 521 coniuncti
1311 498 1464 521 caussam
1488 486 1601 520 dicere
1625 487 1705 521 mihi

1042 533 1268 568 necessarium
1308 539 1402 578 puto.
1473 532 1553 566 Non
1597 533 1705 567 minus

1043 580 1258 634 perspicuum
1290 580 1426 613 videtur
1467 578 1532 611 hac
1574 579 1705 613 demum

1042 625 1325 670 interpretatione
1360 624 1514 680 adhibita
1548 629 1584 658 et
1618 625 1704 658 arti-

1043 672 1109 705 culi
1133 672 1176 705 ad
1201 671 1336 705 εἴκοσιν
1361 669 1420 714 ἔτη
1446 676 1481 704 et
1504 668 1705 714 τριάκοντα

1009 720 1012 728 ²
1043 717 1219 762 appositi,
1267 717 1361 750 cuius
1403 717 1493 750 idem
1531 728 1612 750 usus
1653 722 1706 750 est

1043 764 1131 797 Tim.
1140 775 1190 816 p.
1214 765 1272 798 21.
1296 764 1344 796 Α.
1383 760 1489 807 ἐγγὺς
1524 759 1595 806 ἤδη
1629 763 1705 796 τῶν

1044 807 1263 853 ἐνενήκοντα
1299 807 1415 852 ἐτῶν,
1451 815 1486 842 et
1518 809 1706 842 infinitivo-

1042 867 1115 889 rum
1149 855 1282 889 τίκτειν
1316 860 1352 889 et
1384 856 1535 900 γεννᾲν
1539 856 1706 888 rationem

1044 906 1211 935 constare.
1257 901 1413 946 Denique
1446 901 1495 934 sic
1526 907 1707 935 consenta—

1043 959 1141 980 neum
1159 948 1331 989 habemus,
1355 947 1445 992 quod
1461 947 1546 992 Leg.
1565 947 1606 979 L.
1618 947 1703 980 IIII.

1043 1005 1076 1038 p.
1104 995 1181 1028 721.
1206 994 1248 1026 A.
1273 993 1313 1026 B.
1349 999 1384 1026 et
1409 993 1468 1025 VI.
1492 995 1570 1028 785.
1597 993 1635 1026 Β.
1663 993 1706 1026 de

1041 1044 1193 1083 tempore
1223 1039 1427 1072 matrimonii
1457 1038 1539 1072 viris
1570 1038 1707 1072 ineundi

1042 1085 1303 1129 praescribitur3
1329 1084 1382 1118 cui
1404 1085 1494 1129 quod
1514 1096 1707 1129 repugnare

1041 1130 1178 1164 videtur
1201 1130 1447 1175 praescriptum
1472 1130 1530 1164 VI.
1555 1133 1634 1166 772.
1659 1130 1704 1163 D.

1041 1176 1092 1209 ita
1116 1176 1287 1210 conciliari
1319 1181 1453 1221 potest,
1488 1177 1517 1210 si
1541 1189 1561 1210 a
1585 1176 1703 1221 quinto

1044 1228 1080 1255 et
1103 1222 1259 1256 vicesimo
1284 1222 1408 1256 aetatis
1439 1235 1526 1256 anno
1560 1222 1705 1256 circum-

1044 1267 1178 1312 spicere
1211 1279 1349 1301 uxorem
1379 1268 1510 1302 iuvenis
1533 1269 1704 1302 iubeatur.

1044 1315 1160 1347 Verba
1183 1314 1270 1347 enim
1289 1318 1367 1348 sunt
1384 1315 1486 1348 haec:
1514 1311 1629 1349 ὁπότε
1647 1325 1705 1353 τις

1045 1359 1116 1393 ούν
1140 1358 1203 1393 καὶ
1230 1356 1390 1403 ὁπηνίκα
1413 1361 1488 1394 τῶν
1511 1357 1619 1394 πέντε
1642 1359 1705 1393 καὶ

1046 1405 1161 1439 εἴκοσι
1199 1404 1427 1461 γεγονότων
1448 1405 1520 1462 ἔτη
1556 1405 1706 1440 σκοπῶν

1041 1450 1104 1485 καὶ
1128 1449 1382 1495 σκοπούμενος
1405 1449 1469 1486 ὑπ’
1495 1448 1616 1485 ἄλλων
1639 1463 1704 1485 κοι-

1041 1496 1089 1531 τιὶ
1129 1509 1223 1531 νουν
1256 1496 1374 1544 ἑαυτῷ
1418 1497 1480 1532 καὶ
1513 1496 1705 1541 πρέποντα

1042 1543 1094 1583 εἰς
1120 1544 1266 1577 παίδων
1288 1533 1486 1578 κοινωνίαν
1519 1543 1583 1577 καὶ
1607 1542 1706 1587 γένε-

1042 1600 1098 1623 σιν
1143 1587 1381 1647 ἐξευρηκέναι
1408 1588 1592 1634 πιστεύει,
1641 1601 1705 1633 γα-

1041 1635 1151 1678 μείτω
1176 1634 1242 1679 μὲν
1265 1637 1340 1675 πᾶς
1365 1633 1470 1676 ἐντὸς
1497 1637 1573 1670 τῶν
1595 1634 1706 1670 πέντε

1041 1681 1104 1715 καὶ
1127 1680 1340 1737 τριάκοντα
1351 1679 1462 1716 ἐτῶν·
1487 1681 1530 1717 τὸ
1557 1680 1597 1716 δὲ
1617 1679 1704 1737 πρέ-

1041 1740 1113 1761 πον
1145 1727 1209 1761 καὶ
1240 1726 1283 1762 τὸ
1319 1725 1505 1771 αρμόττον
1543 1740 1594 1767 ως
1631 1725 1700 1771 χρὴ

1041 1774 1162 1817 ζητεῖν
1181 1800 1191 1817 ,
1250 1775 1400 1817 πρῶτον
1448 1772 1702 1808 ἐπακουσάτω.

1040 1820 1150 1854 Aliter
1195 1820 1238 1853 de
1294 1826 1410 1854 nostro
1465 1821 1539 1854 loco
1586 1820 1706 1854 statuit

1040 1866 1391 1909 Schleiermacherus,
1415 1867 1510 1901 cuius
1533 1866 1705 1911 interpre-

1039 1912 1126 1945 tatio
1168 1913 1252 1946 haec
1287 1919 1355 1946 est:
1400 1914 1519 1947 Diznkt
1554 1914 1609 1946 dir
1641 1913 1707 1946 das

1039 1971 1109 1991 nun
1140 1960 1230 1992 auch
1271 1960 1328 1993 die
1372 1960 1488 1993 rechtc
1524 1960 1600 1993 Zeit
1643 1959 1706 1992 der

1039 2006 1150 2038 vollen
1174 2006 1306 2047 Kraft,
1330 2006 1493 2050 zwanzig
1516 2005 1623 2038 Jahre
1639 2006 1706 2046 [ἄν

1041 2051 1097 2083 die
1120 2051 1216 2083 Frau
1238 2052 1310 2086 und
1344 2052 1493 2095 dreissig
1515 2051 1622 2084 Jahre
1637 2051 1705 2092 fiir

1041 2097 1107 2129 den
1133 2097 1271 2129 Manu?
1295 2116 1341 2122 -
1364 2098 1454 2130 Aber
1478 2095 1635 2129 welche?
1659 2115 1705 2120 —

1041 2143 1132 2175 Dass
1166 2143 1221 2175 die
1257 2143 1352 2176 Frau
1385 2143 1448 2176 mit
1484 2143 1561 2176 dem
1585 2153 1705 2175 :wau-

1040 2188 1176 2232 zigsten
1199 2189 1306 2222 Jahre
1328 2189 1536 2233 anfangend
1559 2189 1609 2221 bis
1626 2198 1705 2220 zum

1040 2235 1253 2278 vierzigsten
1286 2235 1363 2267 dem
1393 2236 1500 2268 Staat
1541 2234 1705 2279 gebfflzre,

1041 2280 1103 2315 der
1150 2281 1260 2313 Manu
1308 2281 1389 2314 aber
1436 2280 1493 2313 die
1529 2280 1607 2314 Zeit
1643 2279 1706 2312 der

1039 2328 1199 2371 griissten
1222 2327 1347 2359 Stiirke
1371 2327 1418 2359 im
1443 2327 1583 2368 Laufen
1605 2326 1705 2358 iiber-

1040 2372 1133 2416 gehn
1157 2373 1268 2412 lasse,
1302 2373 1373 2406 und
1396 2383 1463 2405 oon
1487 2372 1536 2405 da
1560 2383 1607 2404 an
1630 2371 1705 2404 dem

1041 2419 1146 2451 Staat
1171 2430 1317 2463 erzeuge
1340 2418 1390 2451 bis
1420 2430 1496 2451 zum
1521 2418 1616 2459 fiius
1632 2416 1705 2449 und

1034 2465 1259 2518 [unfzigstcn
1293 2465 1411 2499 Jahre,
1470 2462 1612 2496 Scilicet
1634 2459 1705 2505 τὴν

1043 2506 1227 2553 ὀξυτάτην
1252 2507 1394 2553 δρόμου
1419 2506 1541 2551 οἷκμὴν
1566 2507 1705 2561 proprie

1041 2556 1164 2589 dictam
1199 2560 1351 2589 autumat
1397 2561 1433 2588 et
1473 2554 1553 2599 quia
1584 2552 1705 2597 viginti

1039 2601 1106 2634 illis
1130 2606 1166 2635 et
1188 2601 1331 2645 triginta
1363 2600 1458 2634 annis
1480 2611 1547 2634 non
1569 2604 1704 2645 tempus

1038 2647 1187 2688 ineundi,
1211 2648 1271 2681 sed
1294 2646 1439 2691 spatium
1463 2645 1608 2680 obeundi
1631 2656 1703 2679 ma—

1040 2693 1187 2727 trimonii
1219 2693 1394 2727 definitum
1426 2704 1447 2726 a
1470 2692 1615 2725 Socrate
1638 2702 1703 2735 pu-

1041 2742 1110 2779 tat,
1141 2740 1249 2773 virum
1281 2750 1386 2784 supra
1407 2737 1527 2782 viginti
1555 2737 1703 2782 quinque

1041 2797 1146 2819 annos
1193 2789 1307 2819 natum
1350 2785 1452 2828 vulgo
1492 2783 1535 2817 ad
1569 2793 1703 2816 cursum

1039 2832 1226 2865 tardiorem
1248 2830 1360 2864 visum
1384 2833 1536 2864 statuere
1557 2828 1701 2881 cogitur,

1040 2880 1079 2911 ut
1107 2877 1139 2912 si
1170 2876 1248 2922 quis
1279 2887 1394 2910 eorum
1427 2875 1613 2917 duntaxat,
1645 2872 1703 2919 qui
