1807 3219
490 103 830 148 CIVITAS
874 104 1200 148 LIB.VI.496

1464 109 1549 150 187

155 220 335 277 κατέχει.
364 218 415 263 τό
448 217 496 262 δ’
523 217 736 275 ἡμέτερον
765 217 849 263 οὐκ
880 218 1007 272 ἄξιον
1037 217 1199 274 λέγειν,
1230 215 1281 261 τό
1313 216 1550 273 δαιμόνιον

156 293 361 345 σημεῖον·
391 287 420 343 ἢ
448 286 533 344 γάρ
563 287 653 332 πού
683 305 772 331 τινι
800 286 917 345 ἄλλῳ
948 286 977 344 ἢ
996 285 1148 331 οὐδενὶ
1175 289 1265 329 τῶν
1296 285 1550 341 ἔμπροσθεν

156 357 322 412 γέγονε.
353 357 428 400 καὶ
455 355 627 401 τούτων
656 356 709 413 δή
734 359 825 400 τῶν
852 354 1014 412 ὀλίγων
1034 356 1078 400 οἱ
1098 352 1331 411 γενόμενοι
1350 355 1424 398 καὶ
1446 371 1548 410 γευ-

157 424 367 480 σάμενοι,
397 423 458 477 ὥς
481 424 568 481 ἡδὺ
597 425 672 468 καὶ
700 424 924 481 μακάριον
953 423 1004 469 τό
1034 427 1202 480 κτῆμα,
1231 423 1306 466 καὶ
1327 428 1418 468 τῶν
1439 428 1550 467 πολ-

156 497 249 538 λῶν
278 488 338 537 αὖ
366 494 530 545 ἱκανῶς
559 491 725 546 ἰδόντες
755 493 835 550 τὴν
864 495 1050 549 μανίαν,
1090 491 1164 535 καὶ
1193 489 1263 534 ὅτι
1293 491 1440 545 οὐδεὶς
1471 491 1550 537 οὐ-

156 563 232 607 δὲν
261 561 382 618 ὑγιὲς
418 561 478 614 ὦς
507 561 610 613 ἔπος
640 563 776 606 εἰπεῖν
804 563 904 617 περὶ
937 561 990 605 τὰ
1022 564 1114 605 τῶν
1153 556 1324 604 πόλεων
1353 561 1548 616 πράττει,

154 628 255 675 οὐδ’
285 631 374 675 ἔστι
405 631 653 688 ξύμμαχος,
690 629 795 688 μεθ’
828 629 937 675 ὅτου
967 647 1033 681 τις
1063 627 1146 674 ἰών
1175 628 1246 673 ἐπὶ
1277 628 1358 687 τὴν
1387 633 1450 687 τῷ
1483 631 1548 674 δι-

152 699 265 757 nato)
290 698 508 757 βοήθειαν
537 698 711 754 &nigore
744 698 821 754 ἂν,

154 847 216 893 qui
238 859 305 883 ιιοιι
327 847 566 902 experiantur
572 846 707 893 signum
731 846 822 882 divi-

154 905 255 936 num,
288 895 379 949 quod
401 899 513 929 tamen
537 894 587 928 eis
612 893 775 938 contigit,
801 904 822 927 a

154 940 278 985 quibus
301 940 443 986 proinde
467 940 615 975 discerni
640 939 823 974 debuerint

154 986 198 1029 ii,
224 986 283 1031 qui
306 987 549 1041 experiantur,
573 990 646 1029 aut,
670 986 701 1021 si
717 983 820 1030 γευό-

152 1043 260 1088 μενοι
283 1033 402 1068 eodem
425 1033 615 1086 pertineat,
649 1044 717 1078 quo
741 1043 823 1076 γευ-

153 1076 327 1123 σάμενοι,
359 1082 396 1113 et
432 1079 485 1114 rei
507 1079 719 1113 dulcedinem
742 1090 824 1112 sua-

151 1124 363 1180 vitatemque
392 1125 607 1170 experientes
640 1125 823 1169 significet,

152 1182 234 1205 num
258 1171 350 1206 inter
373 1183 445 1214 eos,
470 1171 528 1217 qui
552 1182 656 1216 quum
679 1171 824 1204 maxime

152 1217 210 1250 vel
232 1217 421 1252 identidem
440 1217 681 1271 experiuntur,
707 1220 744 1250 et
764 1216 822 1262 qui

153 1260 268 1309 aliquo
291 1269 447 1309 tempore
470 1262 606 1308 experti
629 1266 721 1305 sunt,
744 1266 822 1296 tan-

152 1312 223 1344 tum
247 1309 427 1344 discrimen
449 1309 646 1350 intercedit,
663 1312 702 1342 ut
716 1321 820 1354 prae—

152 1367 233 1390 sens
256 1356 312 1390 vel
335 1357 459 1391 crebra
481 1355 703 1409 experientia
719 1354 819 1389 simul

152 1413 229 1436 cum
251 1402 443 1450 praeterita
465 1402 650 1437 tribuenda
674 1401 724 1435 eis
743 1402 822 1435 fue-

152 1448 228 1482 rit?
275 1448 400 1483 Nonne
432 1449 516 1483 satis
547 1451 600 1483 est
629 1448 683 1482 vel
716 1447 821 1482 semel

149 1494 232 1529 illud
255 1495 442 1539 gustasse?
477 1495 603 1541 Itaque
627 1491 821 1538 γενόμενοι

150 1541 320 1586 praetuli:
345 1542 467 1576 horum
491 1553 684 1586 paucorum
700 1542 737 1574 in
756 1553 821 1574 ηιι-

151 1599 282 1622 mcrum
300 1588 424 1630 relati,
448 1599 511 1622 seu
530 1587 653 1632 quibus
677 1586 823 1631 contigit

150 1632 242 1667 inter
258 1645 318 1667 eos
338 1633 463 1667 referri
486 1638 523 1668 et
546 1638 682 1678 partem
704 1644 821 1666 eorum

151 1679 240 1713 fieri.
265 1680 326 1714 Sic
347 1680 432 1735 Leg.
460 1679 500 1714 L.
526 1679 586 1716 VI.
611 1691 646 1724 p.
665 1679 745 1714 754.
766 1679 821 1712 D:

152 1725 192 1760 οὶ
208 1722 248 1760 δὲ
270 1722 318 1770 δή
339 1724 533 1770 γενόμενοι
552 1725 629 1759 τῶν
650 1722 744 1759 ἑπτὰ
758 1723 823 1758 καὶ

152 1769 367 1828 τριάκοντα.
392 1778 428 1806 et
451 1783 558 1818 supra
573 1772 614 1806 L.
633 1772 681 1805 ΙΙ.
697 1783 730 1817 p.
741 1772 821 1806 360.

153 1820 202 1853 Α.
227 1818 304 1853 τῶν
325 1815 489 1863 ἀγγέλων
513 1816 700 1862 γενέσθαι.
749 1817 824 1851 Ne-

152 1877 222 1920 que
244 1865 318 1899 sine
341 1876 464 1899 caussa
487 1865 539 1898 sic
562 1864 697 1910 potius,
707 1875 822 1919 quam

153 1904 263 1945 οὖτοι
297 1907 344 1956 δή
376 1909 414 1945 oz
438 1908 580 1955 ὀλίγοι,
604 1908 824 1954 γευσάμενοι

152 1957 318 2003 scriptum
342 1962 405 1992 est.
439 1957 583 1991 Scilicet
604 1969 671 1991 non
690 1969 758 2009 per
771 1967 822 1998 se,

151 2003 213 2038 sed
248 2003 365 2038 divino
395 2004 532 2038 numine
566 2003 653 2038 tales
676 2002 761 2037 facti
786 2008 823 2036 et

150 2049 315 2084 illorum
305 2062 342 2085 ιιι
365 2062 505 2084 munero
530 2050 707 2084 constituti
730 2053 820 2084 sunt.

198 2108 248 2131 αυ
271 2095 429 2142 ἱκανῶς]
458 2109 524 2131 om.
549 2095 625 2131 Fic.

198 2162 276 2220 τοὶ]
297 2177 362 2200 om.
387 2165 467 2199 Par.
487 2165 532 2199 K.

197 2209 374 2256 πράττει]
410 2209 571 2255 πράττοι
604 2211 691 2292 Ltssb.
723 2211 822 2246 Vind.

150 2257 342 2340 ἓὲιὶτὲαῐ.
366 2258 482 2292 ΒΗΜ.
516 2259 603 2295 ven.
639 2258 680 2292 B.
725 2258 821 2293 Flor.

198 2348 298 2406 ἔστι]
325 2346 379 2383 ἔτι
401 2349 503 2386 Vind.
527 2350 569 2384 F.
595 2352 676 2384 ante
700 2361 789 2385 corr.

197 2394 409 2441 ξύμμαχος]
427 2398 538 2431 socius
559 2397 687 2442 aliquis
708 2402 741 2432 et
756 2397 822 2432 ad-

149 2442 245 2479 iutor
270 2442 343 2476 Fic.

196 2485 288 2533 μεθ’
310 2484 416 2534 ὅτου]
443 2485 611 2532 μεθότου
632 2487 732 2525 Vind.
747 2488 820 2523 BF.

190 2556 271 2613 τὴν
288 2557 342 2604 τῷ
363 2556 494 2604 δικαίῳ
516 2556 725 2614 βοήθειαν]
752 2558 820 2594 Pro

155 2601 224 2648 τήν
251 2592 453 2649 «βοήθειαν
492 2603 698 2650 (βοήβειαν
724 2605 821 2649 Ald)

128 2651 250 2697 ιΜοιι.
280 2651 320 2686 Β.
353 2650 434 2684 Par.
458 2650 535 2684 DK.
570 2651 663 2686 Flor.
687 2651 732 2685 U.
774 2651 819 2696 τῆ

155 2696 331 2742 βοηθεία,
364 2708 427 2742 pro
460 2697 513 2744 τῷ
546 2697 677 2743 δικαίῳ
709 2702 822 2732 autem

157 2755 292 2786 omnes,
324 2746 362 2777 ut
392 2732 548 2786 videtur,
578 2732 712 2778 codices
746 2756 821 2778 cum

158 2789 256 2825 editis
278 2789 355 2825 τῶν
375 2789 529 2825 δικαίων
552 2790 731 2832 exhibent,
755 2802 821 2826 uno

869 696 969 743 ἀλλ’
1001 697 1146 754 ὥσπερ
1186 698 1250 751 εἰς
1287 699 1427 756 θηρία
1466 697 1551 743 ἄν-

877 845 979 883 Vind.
1003 846 1045 881 F.
1072 849 1230 892 excepto,
1255 846 1316 892 qui
1339 846 1392 881 τῶ
1415 846 1550 882 δικαίω

878 904 900 927 a
923 905 966 927 m.
991 905 1043 938 pr.
1068 893 1236 938 scriptum
1261 898 1297 927 et
1319 905 1341 927 v
1367 905 1387 927 a
1411 905 1454 927 m.
1478 906 1547 929 sec.

877 940 940 974 int.
964 951 1054 974 vers.
1079 940 1215 985 utrique
1248 939 1400 974 additum
1431 940 1548 975 habet.

879 986 988 1020 Cuius
1020 985 1098 1020 libri
1129 986 1216 1020 satis
1250 986 1380 1020 vetusti
1412 989 1447 1020 et
1470 987 1551 1020 boni

880 1032 1122 1066 auctoritatem
1157 1036 1298 1067 secutus
1334 1043 1426 1074 sum,
1468 1033 1551 1078 quia

880 1090 999 1112 earum
1020 1078 1330 1122 significationum,
1363 1090 1451 1124 quas
1474 1079 1549 1113 vul-

879 1128 962 1169 gata
994 1125 1121 1159 habere
1153 1128 1293 1170 potest,
1326 1125 1420 1160 nulla
1455 1129 1551 1170 apta,

880 1183 922 1205 ea
944 1182 1050 1213 vero,
1074 1183 1162 1225 quae
1189 1176 1272 1216 apta
1292 1176 1364 1213 est,
1387 1171 1549 1216 vulgatae

879 1228 945 1251 ιιοιι
979 1222 1074 1251 certo
1108 1217 1221 1251 inesse
1253 1217 1399 1252 videtur.
1457 1218 1549 1252 Nam

877 1275 900 1307 η
922 1262 999 1297 τῶν
1018 1263 1174 1297 δικαίων
1197 1261 1360 1309 βοήθεια
1388 1264 1547 1298 auxilium

879 1312 934 1342 est
951 1309 1006 1342 vel
1029 1321 1050 1344 a
1073 1309 1174 1343 iustis
1198 1310 1252 1344 vel
1271 1310 1404 1344 rebus
1394 1322 1428 1344 ιιι
1447 1310 1549 1344 iustis

879 1355 942 1399 (cf.
974 1354 1062 1389 Xen.
1095 1355 1200 1389 Mem.
1225 1356 1275 1390 II.
1302 1358 1344 1398 6,
1367 1357 1433 1391 25.
1466 1359 1550 1396 τοῖς

878 1400 1002 1445 φίλοις
1033 1414 1080 1435 τα
1111 1401 1239 1436 δίκαια
1269 1402 1457 1447 βοηθεῖν)
1492 1403 1549 1437 vel

878 1452 999 1481 contra
1022 1447 1132 1481 iustos
1157 1460 1219 1482 seu
1243 1448 1335 1483 iusta
1370 1450 1434 1492 (cf.
1459 1449 1548 1484 Plat.

879 1495 989 1549 Gorg.
1014 1505 1048 1539 p.
1073 1495 1152 1529 509.
1180 1495 1232 1528 C:
1259 1493 1446 1550 βοήθειαν
1465 1495 1547 1530 δευ-

877 1537 991 1584 τέραν
1021 1538 1092 1584 τὴν
1121 1541 1191 1575 τοῦ
1224 1539 1401 1585 δευτέρου
1430 1542 1550 1577 κακοῦ

877 1585 941 1620 καὶ
972 1586 1101 1630 τρίτην
1127 1584 1197 1631 τήν
1223 1588 1294 1622 τοῦ
1324 1588 1472 1642 τρίτου)
1498 1589 1549 1623 la-

878 1637 952 1667 tum
975 1633 1031 1666 vel
1053 1634 1249 1667 ferendum:
1282 1634 1384 1668 iustis
1408 1635 1463 1668 vel
1487 1635 1549 1670 ho-

879 1679 1027 1712 minibus
1058 1679 1111 1712 vel
1142 1680 1246 1714 rebus
1281 1681 1458 1714 ferendum
1490 1694 1549 1715 ne-

879 1725 951 1759 scio
986 1736 1029 1758 an
1063 1725 1200 1760 Platoni
1240 1726 1377 1781 quidem
1415 1739 1550 1773 semper

879 1769 903 1816 ἦ
931 1773 1011 1811 τοῖς
1033 1771 1192 1812 δικαίοις
1219 1770 1402 1827 βοηθεια
1402 1774 1550 1809 dicatur.

879 1807 940 1852 S'ic
963 1819 1074 1872 Gorg.
1106 1830 1141 1863 p.
1166 1820 1246 1854 522.
1272 1819 1322 1853 D:
1357 1815 1455 1875 αὕτη
1475 1818 1548 1876 γάρ

878 1876 934 1904 τις
965 1862 1129 1919 βοήθεια
1156 1862 1277 1913 ἑαυτῷ
1309 1863 1485 1906 πολλακις
1505 1864 1549 1911 ἦ-

878 1912 943 1954 μῑν
974 1907 1211 1956 (ὁμολόγηται
1238 1901 1428 1968 κρατίστη
1440 1909 1548 1948 εἶναι.

878 1957 1027 1992 Theaet.
1058 1970 1093 2003 Ρ.
1130 1960 1208 1993 168.
1244 1959 1293 1992 C:
1332 1958 1384 2006 τῷ
1414 1956 1549 2006 ἑταίρῳ

878 2013 946 2038 σου
968 2002 1020 2043 εἰς
1037 2001 1234 2062 βρήθειαν.
1262 1993 1368 2039 Alcib.
1383 2005 1410 2040 Ι.
1422 2017 1457 2051 p.
1469 2009 1549 2042 116.

878 2052 923 2084 A:
959 2046 1027 2094 τήν
1048 2046 1125 2094 ἄρα
1147 2049 1186 2085 ἐν
1211 2052 1264 2099 τῷ
1294 2049 1442 2098 πολέμῳ
1467 2055 1548 2093 τοῖς

878 2096 1003 2140 φίλοις
1030 2095 1227 2142 βοήθειαν.
1287 2087 1433 2132 Omnino
1464 2099 1547 2133 Pla-

878 2146 992 2177 tonem
1015 2143 1103 2178 hanc
1126 2143 1233 2179 dativi
1252 2148 1461 2179 structuram
1474 2147 1547 2179 fre-

878 2194 1024 2234 quenter
1056 2202 1244 2236 usurpasse
1269 2190 1312 2224 ad
1337 2202 1370 2236 p.
1395 2191 1476 2227 493.
1501 2192 1544 2226 D.

879 2236 1098 2270 observatum
1123 2241 1197 2280 est3
1233 2249 1345 2282 neque
1371 2249 1432 2279 ea,
1456 2250 1547 2283 quae

878 2281 1048 2316 Matthiae
1069 2294 1213 2338 gramm.
1235 2295 1271 2328 p.
1296 2284 1375 2318 681.
1399 2295 1546 2319 comme-

878 2329 1042 2371 metavit,
1066 2326 1113 2363 τοὶ
1138 2329 1215 2363 τῶν
1241 2329 1348 2363 θεων
1375 2327 1546 2375 θύματα,

878 2371 902 2419 ἦ
937 2374 1007 2409 τοῦ
1034 2375 1135 2410 θεοῦ
1177 2375 1328 2419 λατρεία
1362 2379 1398 2409 et
1426 2377 1548 2412 similia

878 2432 954 2454 cum
977 2421 1042 2455 hac
1075 2421 1222 2456 dictione
1253 2422 1443 2467 comparari
1466 2435 1548 2469 pos-

877 2470 976 2509 sunt,
1008 2480 1112 2513 quum
1145 2468 1360 2502 substantiva
1391 2469 1449 2503 illa
1481 2482 1548 2504 non

878 2513 1066 2556 actionem,
1101 2515 1162 2548 sed
1196 2526 1267 2548 rem
1313 2514 1369 2548 vel
1409 2519 1548 2558 statum,

878 2562 915 2593 et
945 2559 1088 2604 genitivi
1128 2572 1195 2595 ιιοιι
1237 2560 1436 2604 obiectum,
1483 2542 1548 2597 sed,

878 2616 1110 2652 possessorem
1132 2607 1195 2641 vel
1227 2606 1391 2651 originem
1414 2609 1544 2653 signifi-

879 2655 968 2687 cent.
1016 2653 1179 2687 Ceterrun
1209 2652 1367 2687 facillime
1395 2667 1488 2688 -ωι
1511 2655 1544 2689 in

879 2710 978 2732 -ων
1008 2698 1132 2733 mutari
1164 2698 1208 2733 ad
1239 2710 1274 2745 Ρ.
1299 2700 1378 2736 487.
1405 2700 1446 2735 C.
1472 2713 1544 2736 mo-

879 2744 946 2779 nui.

927 2787 1083 2836 σωζοιτἿ
1108 2788 1218 2834 σώζοι
1234 2789 1264 2826 τ’
1290 2792 1390 2828 de.
1404 2795 1443 2828 E.
1467 2793 1543 2828 Ald.
