1807 3219
305 138 392 179 238

750 128 1230 175 PLATONIS

215 263 283 296 510
307 246 418 303 λέγω
448 244 494 289 δὲ
522 241 600 293 τοὶς
631 239 804 291 εἰκόνας
829 244 1007 294 πρῶτον
1047 241 1127 298 μὲν
1166 242 1245 294 τὰς
1276 240 1424 294 σκιοὲς,
1465 241 1610 285 ἔπειτα
1639 240 1693 284 τὰ

306 316 354 360 ἐν
391 318 482 364 τοῖς
523 311 656 355 ὕδασι
696 307 986 366 φαντάσματα
1025 310 1100 355 καὶ
1140 310 1188 354 ἐν
1220 314 1314 362 τοῖς
1355 310 1438 354 ὅσα
1475 307 1622 353 πυκνά
1650 325 1696 354 τε

306 384 380 427 καὶ
409 386 502 425 λεῖα
531 378 606 424 καὶ
638 376 762 434 φανοὶ
793 376 1045 434 ξυνέστηκε,
1086 379 1161 422 καὶ
1189 382 1280 423 πᾶν
1307 377 1357 422 τὸ
1385 382 1620 429 τοιοῦτον,
1659 379 1698 422 εἰ

234 2172 302 2207 510

306 454 546 500 κατανοεῖς.

605 445 732 491 Ἀλλὰ
767 451 984 490 κατανοῶ.

1050 446 1112 491 To
1145 449 1300 491 τοίνυν
1329 448 1478 503 ἕτερον
1518 447 1633 489 τίθει
1663 447 1697 503 ᾧ

309 523 442 564 τοῦτο
475 518 609 568 ἔοικε,
639 515 692 559 τά
722 532 767 559 τε
796 516 895 571 περὶ
923 513 1038 572 ἡμᾶς
1069 520 1155 569 ζῶα
1184 516 1259 559 καὶ
1287 521 1377 559 πᾶν
1407 516 1456 559 τὸ
1478 514 1700 570 φυτευτὸν

307 588 380 633 καὶ
422 586 472 631 τό
516 583 758 629 σκευαστὸν
797 583 901 628 ὅλον
939 583 1079 640 γένος.

307 735 531 772 nominativos
555 731 741 779 σαφήνεια
759 736 794 768 et
805 730 974 778 α’σᾶφεια

309 784 459 826 exhibet,
487 794 552 827 quo
578 783 675 815 modo
700 781 818 814 eadem
842 781 975 814 nomina

308 832 349 864 L.
375 830 417 862 V.
453 840 531 873 pag.
556 828 636 862 478.
662 827 703 861 C.
739 827 773 860 in
806 826 975 860 nonnullis

308 876 404 910 libris
429 878 591 919 corrupta
612 874 766 906 vidimus.
807 873 975 906 Vitiosam

309 922 515 967 scripturam
549 932 656 964 prava
697 919 732 952 in
772 919 975 952 editionibus

311 969 519 1013 sequebatur
541 966 767 1010 interpunctio
784 970 862 1010 post
879 962 977 1007 πρὸς

312 1012 473 1057 ἄλληλα,
517 1024 585 1058 qua
627 1013 764 1046 sublata
798 1012 978 1044 Bekkerus

311 1061 422 1095 omnia
456 1072 540 1093 sana
579 1058 824 1102 intellectuque
863 1056 979 1090 facilia

312 1107 502 1153 praestitit:
528 1117 592 1149 per
609 1105 785 1138 claritatis
807 1109 841 1137 et
860 1105 978 1136 obscu-

311 1153 433 1187 ritatis
470 1153 561 1185 inter
585 1157 734 1195 utraque
771 1151 979 1185 minentem

312 1200 485 1233 rationem
513 1198 646 1230 visibile
678 1198 714 1230 in
739 1196 912 1241 imagines
943 1199 978 1228 et

311 1247 350 1279 in
371 1257 436 1286 ea,
461 1255 604 1288 quorum
621 1243 795 1287 imagines
811 1246 904 1282 sunt,
924 1241 981 1274 di-

311 1293 422 1326 visum
443 1289 593 1324 habebis.
627 1289 797 1327 Dativus,
820 1292 860 1320 ut
883 1286 983 1330 solet,

312 1348 469 1372 caussam
495 1336 655 1369 continet.
705 1335 761 1370 Cf.
779 1333 982 1375 Bernhardy

312 1388 406 1427 synt.
430 1394 464 1428 p.
491 1384 568 1417 102.
600 1381 736 1415 Ficinus
763 1376 887 1423 ὥσπερ
904 1378 983 1413 τοί-

312 1441 382 1464 νυν
415 1440 524 1474 usque
557 1428 602 1461 ad
633 1425 730 1471 πρὸς
765 1421 904 1469 ἄλληλα
933 1425 983 1459 ita

312 1476 583 1520 interpretatus:
607 1474 752 1518 perinde
773 1485 814 1506 ac
835 1473 865 1506 si
885 1483 983 1506 acce-

311 1523 407 1567 peris
430 1523 558 1555 lineam
584 1521 622 1554 in
643 1521 730 1554 duas
752 1519 912 1563 aequales
932 1529 986 1551 se-

316 1573 408 1602 ctam
425 1568 601 1612 portiones
620 1572 654 1600 et
667 1571 851 1609 utramque
867 1574 986 1597 rursus

312 1619 453 1659 partem
472 1614 578 1647 simili
595 1613 733 1646 ratione
753 1611 922 1652 diviseris,
930 1611 987 1643 ita

315 1673 406 1695 nunc
427 1661 577 1693 oblatum
597 1659 663 1693 tibi
678 1669 790 1704 genus
809 1668 914 1690 unum
933 1657 988 1689 vi·-

316 1708 434 1749 sibile,
457 1705 678 1750 intelligibile
701 1706 847 1738 alterum
863 1703 901 1736 in
919 1703 988 1736 duo

316 1764 436 1787 rursus
452 1753 637 1786 secundum
660 1751 856 1784 claritatem
876 1754 910 1782 et
927 1749 988 1781 ob-

318 1800 521 1834 scuritatem
567 1803 750 1841 utrumque
798 1795 988 1840 distingue.

318 1844 542 1890 sequentibus
571 1844 713 1877 verbum
748 1841 876 1875 addere
909 1852 989 1873 coa-

319 1896 396 1925 ctus
420 1894 492 1925 est:
515 1891 554 1924 in
571 1901 698 1935 genere
718 1889 844 1933 quippe
861 1886 991 1920 visibili

319 1938 436 1982 portio
470 1949 542 1971 una
575 1936 750 1980 imagines
792 1934 990 1968 continebit.

325 1984 488 2017 Ceterum
517 1982 553 2016 in
590 1979 806 2014 Stallbaumii
831 1991 899 2013 sec.
926 1988 990 2012 σα-

324 2030 414 2076 φεία
446 2041 510 2074 pro
545 2027 732 2073 σαφηνείᾳ
764 2036 924 2060 excusum
955 2025 992 2058 in

322 2079 422 2110 textu
445 2079 482 2109 et
515 2074 551 2108 in
575 2073 793 2108 annotatione
818 2073 993 2105 correcto-

323 2123 372 2158 ris
396 2121 601 2165 diligentiam
625 2118 758 2153 fefellit.

374 2166 500 2210 σκιὰς]
528 2166 633 2205 σκιᾶς
655 2164 756 2198 Vind.
780 2163 822 2198 F.

373 2212 412 2248 ἐν
424 2216 505 2252 τοῖς
523 2209 638 2247 ὕδασι
652 2207 904 2255 φαντάσματα
913 2207 990 2253 καὶ]

326 2274 394 2296 om.
417 2261 504 2304 Ang.
528 2260 569 2293 Β.
617 2259 702 2292 Post
731 2255 794 2290 καὶ
829 2255 994 2290 editiones

325 2311 407 2342 ante
448 2306 646 2340 Bekkenun
687 2303 880 2336 tacentibus
912 2302 991 2345 Bip.

328 2349 424 2397 ἅπερ
449 2352 598 2393 addunt,
641 2349 732 2395 quod
756 2349 790 2382 in
813 2360 881 2382 uno
905 2348 992 2381 Ven.

325 2401 369 2434 B.
393 2404 570 2444 repertum
592 2395 748 2440 quamvis
772 2395 863 2428 haud
887 2393 996 2426 inele-

327 2456 413 2492 gans
437 2448 532 2479 recte
555 2443 736 2477 Bekkerus
763 2440 888 2475 omisit.
935 2439 994 2473 Fi·

329 2492 425 2526 cinus
448 2495 562 2524 utrum
587 2487 735 2533 legerit,
761 2499 805 2521 an
828 2498 895 2520 non
908 2511 918 2527 ‚
942 2485 995 2518 in-

329 2541 461 2572 certmn
508 2542 581 2570 est:
630 2535 754 2570 deinde
795 2533 995 2573 simulacra,

330 2595 418 2629 qaae
438 2584 474 2617 in
508 2583 607 2627 aquis
627 2584 821 2625 apparent,
855 2584 890 2612 et
912 2589 1000 2623 quae

330 2632 368 2665 in
388 2630 584 2673 corporibus
602 2628 727 2669 densis,
746 2625 912 2667 laevitas,
927 2630 1000 2659 ter·

332 2677 379 2711 sis
401 2688 441 2709 ac
466 2676 601 2713 lucidis.

378 2718 499 2765 Ἀλλὰ]
526 2733 591 2754 om.
616 2718 689 2754 Fic.

385 2765 462 2811 Τὸ]
493 2765 572 2801 Καὶ
593 2765 678 2799 editi
701 2767 782 2800 ante
805 2763 1002 2799 Bekkerum

336 2814 527 2850 tacentibus
551 2811 630 2858 Bip.

1144 587 1330 641 Τίθημι,
1381 585 1475 642 ἔφη.
1530 585 1586 626 Ἡ
1626 581 1702 626 καὶ

1076 732 1178 767 τίθει
1201 726 1234 778 ᾦ
1255 732 1394 778 τοῦτο]
1426 733 1542 767 τοῦτο
1557 758 1567 775 ,
1591 732 1704 766 &sicot

1031 779 1115 813 Lob.
1151 780 1278 822 τοῦτο,
1299 780 1393 813 θείω
1421 780 1520 813 Vind.
1545 779 1587 814 Β.
1621 779 1702 812 Vat.

1031 825 1112 864 ΒΜ.
1160 825 1300 859 Ficinus
1323 837 1385 870 pro
1417 826 1518 859 τίθει
1548 836 1703 869 compre-

1033 873 1159 905 hendet
1182 876 1217 905 et
1239 876 1354 905 tamen
1376 884 1438 918 pro
1452 872 1596 915 τίθημι,
1611 871 1702 916 quod

1032 917 1211 962 sequitur,
1235 919 1283 951 sic
1303 930 1394 962 pono
1418 917 1545 963 posuit.

1079 964 1178 1007 πᾶν]
1227 964 1296 997 Pro
1333 976 1372 997 eo
1417 965 1540 997 lacuna
1576 966 1631 998 est
1667 963 1703 997 in

1036 1009 1139 1043 Vind.
1165 1010 1209 1045 E.
1249 1023 1313 1044 om.
1340 1010 1478 1044 Ficiuus
1503 1009 1703 1055 et-Proclus

1034 1055 1068 1104 in
1103 1056 1178 1089 Civ.
1212 1067 1247 1100 p.
1274 1058 1354 1091 431.
1388 1057 1497 1089 verba
1529 1068 1558 1102 ῳ
1588 1055 1703 1090 τοῦτο

1035 1099 1155 1135 ἔοικεν
1179 1114 1289 1148 usque
1322 1103 1366 1136 ad
1400 1098 1493 1137 ὅλον
1522 1101 1630 1146 γένος
1654 1103 1704 1136 ci-

1033 1151 1124 1183 tans.
1173 1171 1177 1172 ν

1081 1192 1146 1228 καὶ
1166 1191 1234 1240 τὸ]
1258 1191 1303 1228 τὸ
1330 1206 1396 1230 om.
1420 1194 1508 1228 Lob.
1533 1194 1635 1230 Vind.
1662 1194 1707 1229 B.

1036 1239 1133 1275 Mon.
1167 1241 1208 1273 Β.
1257 1241 1339 1275 Vat.
1373 1241 1454 1276 ΒΜ.
1501 1241 1583 1276 Par.
1625 1241 1704 1276 DK.

1036 1287 1134 1332 F19r.
1158 1286 1203 1332 U„-

1080 1333 1146 1376 Ἠ]
1175 1332 1198 1376 ή
1223 1331 1327 1368 Vind.
1351 1331 1394 1365 E.
1418 1328 1443 1376 ἢ
1471 1332 1570 1367 Vind.
1595 1333 1638 1367 F.
1689 1356 1696 1358 -

1085 1376 1246 1423 ἐθέλοις]
1272 1376 1400 1418 θέλοις
1423 1379 1521 1413 Vind.
1546 1380 1590 1414 F.
1614 1380 1709 1414 Flor.

1039 1424 1084 1460 R.
1108 1422 1233 1464 θέλεις
1257 1426 1343 1470 Ang.
1366 1426 1409 1460 B.
1440 1423 1584 1467 ἐθέλεις
1606 1427 1710 1463 Vind.

1040 1472 1086 1506 E.
1109 1471 1206 1505 Flor.
1231 1472 1275 1505 T.

1089 1513 1211 1561 αὐτὸ]
1237 1529 1348 1564 genus
1377 1518 1440 1552 hoe
1467 1517 1544 1553 Fic.
1591 1517 1711 1552 Recte.

1042 1563 1111 1598 Est
1134 1575 1241 1608 genus
1273 1563 1427 1606 visibile,
1462 1564 1558 1598 cuius
1590 1576 1714 1598 secun-

1043 1610 1122 1644 dum
1162 1610 1354 1644 claritatem
1392 1614 1428 1643 et
1468 1610 1714 1645 obscuritatem

1043 1658 1137 1690 facta
1160 1656 1281 1690 divisio
1305 1668 1393 1690 nunc
1412 1657 1597 1690 secundum
1621 1661 1715 1692 veri-

1041 1706 1150 1736 tatem
1181 1702 1324 1747 eiusque
1367 1703 1572 1736 contrarium
1614 1703 1715 1737 insti-

1045 1754 1123 1783 tuta
1148 1748 1283 1783 dicitur.
1331 1749 1472 1782 Scilicet
1496 1749 1634 1783 claritas
1659 1761 1713 1783 se-

1045 1796 1162 1840 quitur
1194 1794 1398 1836 veritatem,
1434 1795 1715 1840 quemadmodum

1045 1842 1087 1876 L.
1112 1842 1156 1877 V.
1180 1853 1212 1883 p.
1228 1841 1309 1875 477.
1332 1842 1375 1875 A.
1400 1852 1477 1886 sqq.
1502 1842 1716 1876 demonstra—

1046 1891 1119 1921 tum
1143 1893 1216 1929 est,
1248 1887 1397 1932 ideoque
1420 1887 1497 1932 pari
1519 1887 1595 1921 iure
1623 1884 1712 1932 ἄλη·

1046 1934 1138 1979 θείᾳ
1164 1944 1204 1966 τε
1235 1932 1299 1967 καὶ
1327 1931 1377 1977 μὴ
1403 1937 1506 1980 atque
1530 1935 1715 1981 σαφηνείᾳ

1048 1978 1113 2013 καὶ
1146 1976 1312 2026 ἀσαφείᾳ
1344 1980 1484 2013 divisum
1517 1979 1600 2014 illud
1646 1980 1715 2014 dici

1047 2029 1197 2071 poterat.
1244 2026 1301 2059 Ex
1325 2026 1445 2059 eadem
1474 2025 1555 2060 libri
1577 2027 1621 2062 V.
1644 2026 1716 2060 dis-

1047 2072 1227 2117 putatione
1274 2072 1456 2116 repetitum
1504 2077 1579 2114 est,
1625 2072 1716 2118 quod

1049 2119 1211 2151 Socrates
1243 2117 1441 2151 divisionem
1475 2122 1610 2161 generis
1634 2118 1717 2152 visi-

1049 2164 1126 2197 bilis
1160 2174 1263 2208 porro
1304 2163 1538 2197 illustraturus
1575 2165 1718 2199 similem

1048 2210 1139 2243 inter
1160 2210 1247 2243 duas
1271 2210 1342 2243 eius
1363 2215 1483 2254 partes
1508 2216 1612 2256 atque
1627 2211 1719 2245 inter

1051 2253 1235 2297 δοξαστὸν
1271 2260 1307 2289 et
1344 2253 1512 2299 γνωστὸν
1550 2256 1719 2290 rationem

1049 2302 1267 2335 intercedere
1313 2302 1442 2343 docet,
1493 2314 1561 2347 qua
1599 2303 1642 2336 de
1679 2314 1720 2336 re

1050 2360 1086 2393 p,
1110 2349 1191 2383 479.
1215 2349 1259 2383 D.
1283 2359 1393 2382 sermo
1424 2349 1551 2382 fuerat.
1598 2349 1721 2394 Itaque

1051 2394 1188 2428 Glauco
1211 2395 1284 2428 sine
1315 2393 1543 2428 haesitatione
1573 2394 1720 2428 assenti-

1050 2444 1121 2474 tur.
1162 2441 1279 2475 Verba
1303 2443 1416 2474 autem
1440 2444 1593 2486 extrema
1618 2435 1720 2474 οὕτω

1051 2485 1096 2520 τὸ
1121 2483 1311 2530 ὁμοιωθὲν
1336 2484 1433 2529 πρὸς
1453 2484 1496 2520 τὸ
1523 2486 1552 2532 ᾧ
1575 2482 1721 2529 (ὁμοιώ-

1055 2534 1109 2576 θη
1138 2532 1394 2578 perspicuitatis
1424 2543 1548 2566 caussa
1581 2533 1625 2566 ad
1659 2544 1723 2566 ex·-

1055 2579 1247 2625 plicandum
1270 2574 1367 2612 αὐτὸ
1395 2578 1512 2612 addita
1529 2582 1618 2613 sunt.
1649 2578 1722 2611 Ali-

1055 2630 1111 2659 ter
1136 2624 1493 2666 Schleiermacherus,
1534 2624 1592 2670 qui
1625 2621 1721 2658 αὐτὸ

1057 2667 1180 2715 φάναι
1207 2672 1263 2705 die
1278 2671 1391 2705 Sache
1409 2672 1511 2705 selbst
1528 2671 1724 2715 behaupten

1056 2717 1204 2751 reddens
1238 2713 1333 2751 αὐτὸ
1371 2716 1430 2750 illa
1459 2716 1494 2750 vi
1533 2716 1724 2761 praeditum

1058 2764 1201 2805 statuit,
1233 2774 1336 2807 quam
1366 2762 1462 2798 initio
1498 2763 1646 2807 positmn
1668 2764 1725 2796 vel

1060 2814 1140 2844 ante
1172 2809 1350 2844 relativum
1382 2808 1472 2843 haud
1499 2820 1578 2843 raro
1608 2809 1724 2851 habet,
