1807 3219
296 614 417 659 ’Ἐστι
443 619 593 659 ταῦτα.

301 164 386 205 226
748 162 1223 208 PLATONIS

301 275 377 318 καὶ,
406 271 546 317 πολλοὶ
579 271 727 328 ἀγαθοὶ
757 275 831 318 καὶ
861 274 1022 320 ’ἕκαστα
1052 276 1192 330 οὕτως
1219 275 1332 321 εἷναί
1361 273 1506 333 φαμέν
1537 288 1582 317 τε
1610 274 1685 318 καὶ

304 343 552 398 διορίζομεν
582 344 645 400 τῷ
671 341 797 399 λόγῳ.
864 346 1017 402 Φαμὲν
1045 346 1147 404 γάρ.
1208 345 1296 388 Καὶ
1326 342 1434 388 αὐτὸ
1467 343 1520 398 δὴ
1548 342 1685 386 καλὸν

303 410 378 454 καὶ
420 408 526 454 αὐτὸ
570 407 744 465 ἀγαθὸν
783 412 858 456 καὶ
900 413 1016 458 οὕτω
1056 414 1157 470 περὶ
1197 412 1394 464 πάντων,
1441 409 1472 454 ὁὲ
1498 409 1596 454 τότε
1626 409 1687 463 οἷς

301 478 444 522 πολλοὶ
473 478 694 534 ἐτίθεμεν,
742 479 874 525 πάλιν
904 478 962 527 αὗ
998 483 1091 527 κατ’
1123 481 1246 527 ἰδέαν
1273 483 1378 538 μίαν
1408 477 1595 524 ἑκάστου
1627 478 1688 532 (ὃς

304 550 406 603 μιᾶς
444 544 580 603 Οὔσης
618 547 810 602 τιθέντες
841 549 869 595 ὃ
889 549 1021 596 ’ἔστιν
1060 552 1244 596 ἕκαστον
1285 547 1686 605 προσαγορεύομεν.

653 617 743 660 Καὶ
771 617 826 662 τοὶ
863 619 944 676 μὲν
974 619 1027 676 δή
1058 618 1252 676 ὁρᾶσθαί
1279 634 1444 675 φαμεν,
1485 621 1690 661 νοεῖσθαι

244 684 276 726 C
342 683 352 698 ,

244 1266 280 1308 Β

306 685 331 728 δ
385 681 462 734 οὔ,
501 681 579 734 τοὶς
609 680 657 727 δ’
688 680 746 730 αὖ
785 686 902 739 ἰδέας
938 693 1142 733 νοεῖσθαι
1181 687 1281 743 μὲν,
1321 685 1516 741 ὁρᾶσθαι
1547 683 1587 729 δ’
1620 684 1689 729 οὔ.

305 749 570 795 Παντάπασι
599 752 679 807 μὲν
707 749 802 798 οὖν.
869 760 944 816 Τῷ
982 751 1064 800 οὖν
1106 755 1278 813 ὁρῶμεν
1306 753 1430 811 ἡμῶν
1461 752 1607 796 αὐτῶν
1635 753 1690 796 τὰ

304 817 534 876 Ορῶμεναὶ
599 824 663 879 Τῇ
705 821 826 878 ὄψει,
875 826 972 882 ε’φη.
1035 824 1236 876 Οὐκοῦν,
1286 820 1343 881 ἦν
1381 820 1423 867 δ’
1464 821 1570 878 ἐγώ,
1615 821 1691 865 καὶ

305 887 419 944 ἀκοῇ
468 905 521 931 τα
558 886 811 947 οἷκουόμενα
849 894 923 937 καὶ
960 897 1056 944 ταῖς
1087 893 1240 944 ἄλλαις
1279 889 1508 947 αἰσθήσεσι
1548 889 1691 933 πάντα

303 956 357 1000 τοὶ
390 956 603 1014 αἶσθηϊάὶ
641 961 694 1003 Τί
721 959 833 1017 μήν,·
864 956 952 1016 Α’ρ
986 964 1091 1012 οὐν,
1126 956 1194 1018 ἦν
1224 959 1268 1004 δ’
1297 960 1400 1016 ἐγώ,
1433 957 1693 1016 ἐννενόηκας

304 1024 384 1069 τόν
424 1042 515 1069 των
556 1026 805 1083 αἰσθήσεων
849 1029 1141 1086 δημιουργόν,
1192 1028 1280 1086 ὅσῳ
1321 1025 1693 1084 πολυτελεστάτην

305 1093 385 1150 τὴν
414 1098 498 1138 τοῦ
528 1094 641 1153 ὁρᾷν
669 1112 714 1140 τε
745 1097 819 1140 καὶ
859 1095 1052 1152 ὁρᾶσθαι
1093 1096 1284 1152 δύναμιν
1325 1096 1692 1152 ἐδημιούργησενς

352 1263 415 1299 καὶ
441 1261 599 1309 ἕκαστα]
633 1265 697 1300 καὶ
730 1279 793 1301 om.
823 1267 903 1301 Par.
927 1266 972 1302 Κ.

305 1322 486 1357 perperam
532 1312 699 1356 probante
746 1313 974 1347 Schleierma-

306 1359 420 1391 chero.
462 1357 753 1398 Quemadmodmn
776 1359 936 1412 pulchra·
939 1361 975 1392 et

306 1405 420 1446 bona,
443 1403 493 1437 ita
516 1404 607 1438 iusta
632 1408 667 1439 et
691 1405 825 1450 reliqua
850 1404 974 1447 omnia,

307 1461 396 1496 quae
435 1450 628 1495 praedicari
662 1454 827 1496 possunt,
863 1453 976 1486 multa

307 1498 396 1535 sunt,
422 1507 566 1540 quorum
583 1497 722 1551 singula
740 1509 869 1542 genera
891 1498 977 1531 duo-

306 1543 370 1577 bus
404 1542 471 1576 illis
504 1542 684 1578 nominatis
725 1555 789 1590 per
821 1544 976 1589 copulam

306 1588 486 1645 adduntur.

355 1631 451 1668 εἶναι’
476 1632 621 1680 φαμέν]
649 1635 760 1680 Vulgo
785 1631 882 1670 εἶναι
903 1647 975 1679 φα-

307 1679 386 1725 μέν.
434 1681 520 1714 Item
554 1681 668 1726 paullo
701 1685 780 1728 post
807 1679 976 1727 ὁρᾶσθαι

309 1724 445 1772 φαμέν.

355 1781 449 1819 αὐτὸ
475 1782 521 1828 δὴ
540 1782 679 1829 καλὸν]
713 1782 975 1830 αυτοδηκαλὸν

311 1842 411 1878 Vind.
436 1843 475 1876 B.
501 1838 562 1875 αὖ.
583 1839 622 1876 δὲ
639 1853 672 1876 n.
698 1842 792 1878 Mon.
818 1845 859 1879 B.

358 1895 453 1933 αὐτὸ
496 1895 680 1943 οἷγοιθόν]
728 1898 976 1944 αὕτοαγαθὸν

312 1945 409 1980 Vind.
433 1945 473 1980 B.

358 1999 382 2036 ἃ
401 1999 499 2047 τότε]
526 1999 623 2037 αὕτό
636 2014 675 2037 τε
692 2003 794 2039 Vind.
809 2003 853 2037 F.
877 2001 976 2048 τότε,

311 2049 401 2094 quod
442 2048 581 2082 Ficinus
621 2049 756 2092 omisit,
805 2050 848 2083 ad
890 2062 977 2092 eam,

311 2106 401 2140 quae
432 2095 531 2128 modo
563 2096 657 2129 facta
687 2099 763 2138 est,
797 2096 978 2130 multorum

312 2141 661 2174 commemorationem
701 2145 846 2197 spectat.
918 2143 978 2176 Sic

311 2186 401 2220 infra
431 2199 466 2232 p.
491 2187 569 2222 510.
593 2188 634 2222 B.
668 2191 749 2227 τοῖς
775 2185 860 2222 τότε
890 2199 978 2232 τμη-

311 2234 446 2267 θεῖσιν.

358 2275 440 2313 κατ’
458 2275 586 2320 ἰδέαν]
609 2276 785 2313 κατιδέαν
809 2278 909 2313 Vind.
933 2277 975 2314 F.

362 2321 382 2359 ὃ
406 2323 527 2368 ἔστιν]
563 2321 587 2359 δ’
612 2322 710 2358 ἐστιν
745 2325 879 2359 codices
911 2324 976 2358 mei

316 2374 351 2404 et
374 2371 539 2405 editiones
561 2375 640 2405 ante
661 2371 867 2406 Bekkemm.

361 2415 708 2461 προσαγορεύομεν]
726 2413 977 2472 προσαγορεύ-

317 2475 413 2506 ωμεν
449 2464 553 2498 Vind.
578 2463 622 2499 E.
663 2461 980 2507 προσαγορευόμε-

317 2521 384 2543 νον
408 2509 488 2543 Par.
503 2509 580 2544 ΒΚ.
604 2521 673 2545 sec.
698 2510 805 2544 Bekk.
830 2510 925 2546 Mon.
938 2511 981 2545 B.

317 2556 413 2589 Flor.
438 2555 484 2590 U.

356 2598 462 2635 ’Έστι
483 2601 632 2645 ταῦτα]
657 2602 710 2635 Ita
733 2601 864 2636 Par.A.
881 2601 982 2637 Vind.

320 2647 397 2681 EF.
422 2648 507 2682 Ven.
532 2649 571 2681 B.
598 2649 685 2692 Aug.
709 2647 749 2682 Β.
774 2648 854 2683 Vat.
880 2648 924 2682 H.
949 2652 984 2682 et

320 2693 542 2727 Stallbamnio
579 2693 613 2727 in
652 2697 798 2739 utraque
835 2692 984 2728 editione

319 2741 470 2773 testante
484 2739 517 2772 F
520 2739 581 2773 lor
593 2740 768 2775 ACRTU.
792 2740 863 2774 Sed
881 2752 983 2785 quum

320 2785 355 2819 in
377 2796 429 2831 pr.
458 2784 549 2818 idem
577 2785 614 2819 in
647 2786 740 2821 Flor.
765 2786 810 2821 U.
843 2796 983 2831 προσα-

320 2828 568 2875 γορευόμενον
584 2831 648 2866 καὶ
673 2830 719 2866 τὰ
735 2829 802 2876 μὲν
821 2833 983 2878 deinceps

1028 1266 1096 1310 legi
1119 1265 1254 1308 tradat,
1294 1276 1361 1300 non
1392 1277 1434 1300 ex
1469 1278 1531 1308 eo,
1567 1266 1628 1310 sed
1651 1278 1694 1301 ex

1028 1313 1124 1346 Flor.
1142 1314 1185 1347 V.
1210 1310 1286 1346 ἔστι
1305 1312 1427 1346 ταῦτα
1450 1324 1470 1346 a
1487 1312 1594 1347 Furia
1613 1324 1696 1347 eno-

1029 1362 1138 1392 tatum
1172 1358 1302 1401 fuisse,
1337 1358 1370 1392 in
1404 1359 1503 1392 Flor.
1529 1359 1575 1393 U.
1599 1363 1639 1393 ut
1661 1359 1696 1393 in

1030 1404 1180 1449 compari
1213 1404 1306 1439 Mon.
1340 1405 1381 1439 B.
1420 1407 1456 1438 et
1488 1405 1523 1438 in
1556 1405 1697 1451 reliquis

1031 1450 1204 1484 codicibus
1227 1451 1395 1496 editisque
1411 1454 1490 1484 ante
1502 1451 1697 1486 Bekkerum

1031 1500 1213 1542 utrumque
1245 1497 1366 1531 deesse
1396 1497 1544 1532 videtur.
1605 1499 1697 1532 Vera

1032 1543 1117 1577 haec
1143 1548 1232 1577 sunt.
1262 1543 1338 1578 Fic.
1363 1554 1406 1576 ex
1431 1555 1498 1588 quo
1522 1544 1638 1578 Astius
1661 1544 1698 1577 in

1032 1600 1101 1623 sec.
1134 1585 1266 1646 Ἀληθῆ
1301 1588 1424 1630 finxit,
1461 1590 1496 1622 in
1527 1593 1608 1624 tert.
1633 1591 1698 1624 hoc

1030 1634 1141 1680 ipsmn
1163 1632 1241 1669 vel'
1241 1631 1338 1669 Εστι
1359 1635 1481 1669 ταῦτα
1500 1635 1565 1669 sibi
1588 1636 1697 1670 inter-

1031 1681 1221 1726 ponendum
1241 1681 1349 1716 videri
1366 1681 1619 1724 demonstravit,
1637 1695 1698 1716 co-

1031 1727 1141 1761 dicum
1183 1727 1299 1773 inopia
1341 1731 1499 1762 neutrum
1541 1729 1699 1774 recipere

1031 1784 1145 1808 ausus.

1076 1819 1152 1853 Καὶ
1172 1816 1220 1852 τὰ
1239 1836 1284 1844 -·
1305 1815 1473 1863 ὁρᾶσθαι
1492 1817 1532 1854 δ’
1559 1816 1618 1855 οὕ.
1640 1820 1696 1865 C.]

1033 1865 1148 1900 laudat
1172 1865 1359 1899 Proclusl.
1384 1878 1412 1899 c.
1438 1878 1472 1911 p.
1501 1866 1581 1901 427.

1079 1909 1126 1954 δὴ
1153 1908 1341 1955 ὁρᾶσθαί]
1378 1912 1584 1969 διορᾶσθαι
1611 1913 1698 1957 Ang.

1033 1958 1074 1993 B.
1098 1957 1144 2000 δὴ
1168 1970 1234 1992 om.
1253 1958 1402 1992 Procius.
1431 1957 1477 2003 δὴ
1494 1985 1504 2000 ,
1532 1955 1699 2004 ὁρᾶσθαι

1036 2001 1068 2038 δ’
1100 2001 1147 2038 ου’
1186 2004 1281 2039 Μο11.
1307 2004 1348 2039 Β.
1391 2005 1548 2039 undecim
1580 2005 1700 2040 mediis

1034 2049 1180 2084 omissis.

1080 2093 1118 2130 δ’
1143 2092 1204 2140 οὗ]
1229 2094 1269 2130 δε
1289 2093 1335 2130 οὓ
1354 2096 1467 2132 Procl.
1490 2097 1571 2131 item
1589 2097 1698 2131 altero

1034 2142 1119 2177 loco.

1082 2185 1120 2223 δ’
1143 2181 1218 2233 αὖ]
1244 2185 1283 2222 δὲ
1308 2188 1410 2222 idem.

1082 2233 1208 2279 ἰδέας]
1241 2232 1364 2274 εἰδέας
1402 2235 1501 2271 Vind.
1524 2236 1569 2271 F.
1601 2246 1622 2269 a
1653 2246 1698 2270 m.

1036 2291 1088 2324 pr.

1035 2371 1066 2404 F
1080 2324 1320 2371 Παντάπασι]
1346 2325 1473 2361 πάντα
1492 2326 1586 2360 πᾶσι
1596 2324 1698 2363 Vind.

1087 2417 1148 2464 Τῷ
1172 2410 1300 2451 οὖν-
1318 2415 1367 2451 τὰ
1388 2414 1559 2462 ὁρώμενα
1569 2417 1595 2461 3]
1624 2417 1702 2460 Qua

1035 2465 1194 2509 potentia
1215 2476 1232 2498 e
1259 2464 1398 2505 τηυῑίίε,
1423 2476 1508 2509 quas
1528 2465 1701 2504 habemus,

1040 2522 1127 2554 quae
1164 2516 1290 2555 patent
1330 2511 1458 2552 oculis,
1504 2510 1701 2544 cemimus?

1040 2556 1116 2590 Fic.

1080 2600 1313 2658 ἀκουόμενα]
1330 2598 1561 2645 οἷκονόμενας
1578 2601 1701 2647 Steph.

1080 2641 1148 2691 Αρ’
1158 2650 1171 2692 ]
1196 2644 1255 2692 ἄρ’
1281 2649 1380 2685 Vind.
1404 2648 1448 2683 F.

1084 2692 1153 2728 τὸν
1171 2695 1270 2738 τῶν]
1294 2693 1338 2728 τὸ
1364 2694 1440 2728 τῶν
1465 2694 1544 2729 V.at
1552 2693 1591 2728 B.
1613 2693 1698 2729 Ven.

1041 2740 1082 2775 C.
1106 2740 1203 2776 Vind.
1228 2741 1272 2775 F.
1296 2740 1392 2776 Flor.
1417 2740 1461 2774 T.

1084 2784 1155 2830 τὴν
1171 2787 1263 2831 τοῦ]
1288 2786 1356 2821 τοῦ
1381 2788 1466 2823 Ven.
1476 2784 1517 2821 B.
1541 2784 1701 2820 Vind.13.

1040 2834 1119 2868 Vat.
1142 2833 1187 2867 H.
