1807 3219
327 174 411 215 116

782 167 1259 212 PLATONIS

325 284 447 334 τίνος
488 280 626 326 ἄλλον
665 283 831 338 ποίημα
861 280 998 334 εἶναι,
1040 279 1070 337 ἢ
1108 279 1298 334 ἐραστοῦ
1334 279 1717 335 ὑποκοριζομένου

325 367 372 395 τε
401 350 476 394 καὶ
504 348 693 406 εὐχερῶς
721 352 938 406 φέροντος
967 349 1046 406 τὴν
1076 347 1320 405 ωχρότητα,
1352 346 1431 390 ἐοέν
1449 348 1519 391 ἐπὶ
1545 348 1641 405 ω’ρᾳ
1661 351 1712 405 ᾗ,

238 430 307 466 475
328 418 404 463 καὶ
431 417 496 462 ἑνὶ
523 417 638 475 λόγῳ
668 416 808 470 πάσας
835 418 1078 474 προφάσεις
1105 414 1427 472 προφασίζεσθέ
1450 432 1495 460 τε
1524 417 1597 460 καὶ
1628 432 1713 461 πα-

326 498 407 537 σας
436 485 591 542 φωνὰς
619 485 791 542 ἀφίετε,
846 486 954 530 ὥστε
996 485 1161 543 μηδένα
1195 483 1461 540 ἀποβάλλειν
1504 489 1593 528 τῶν
1635 485 1713 529 ἆν-

323 547 534 600 θούντων
564 555 611 598 ἐν
642 554 746 611 ὥρᾳ.
793 556 850 597 Εἰ
880 554 1053 610 βούλει,
1086 554 1191 610 ἔφη,
1224 552 1285 598 ἐπ’
1314 553 1421 608 ἐμοῦ
1450 551 1590 608 λέγειν
1617 554 1714 609 περὶ

325 627 416 667 τῶν
449 622 686 679 ἐρωτικῶν,
728 621 795 665 ὅτι
826 622 943 666 οὕτω
980 626 1183 674 ποιοῦσι,
1224 625 1436 678 συγχωρῶ
1465 624 1548 664 τοῦ
1576 621 1713 677 λόγου

324 690 467 748 χάριν.

531 693 585 734 Τί
614 690 679 741 δ’;
708 686 765 747 ἧν
795 688 836 735 δ’
869 690 972 748 ἐγώ·
1012 690 1117 741 τοὺς
1158 691 1389 745 φιλοίνους
1429 688 1484 732 οὐ
1514 688 1567 732 τὰ
1599 688 1712 732 αὐτοὶ

325 763 467 803 ταῦτα
495 762 734 809 ποιοῦντας
765 757 892 817 ὁρᾷς·
933 759 1076 802 πάντα
1106 756 1231 801 οἶνον
1261 758 1330 801 ἐπὶ
1364 754 1504 813 πάσης
1533 755 1714 813 προφάὲ

329 839 436 878 σεως
460 823 789 882 ἀσπαζομένους
800 845 811 877 ;
847 827 930 870 Καὶ
958 826 1086 883 μάλα.
1134 827 1223 871 Καὶ
1247 825 1334 882 μὴν
1363 826 1622 881 φιλοτίμους
1649 841 1711 881 γε,

327 894 388 949 ὥς
417 890 602 954 ἐγῷμαι,
633 898 852 952 καθορᾷς,
883 894 952 940 ὅτι
981 895 1039 940 ἄν
1066 894 1126 952 μή
1151 897 1445 951 στρατηγῆσαι
1477 892 1711 946 δύνωνται,

328 1043 399 1080 sius
421 1043 465 1078 ad
489 1043 688 1079 Philostrati
714 1043 763 1077 Ic.
782 1043 809 1077 Ι.
823 1043 864 1079 4:
899 1042 989 1101 γροῖ-

329 1102 394 1134 φει
411 1088 604 1146 μειράκιον
621 1088 668 1124 ου’
692 1088 822 1124 λευκὸν
850 1088 930 1124 ουδ’
951 1088 990 1124 ἐκ

328 1137 492 1181 τρυφῆς,
527 1133 604 1170 ἀλλ’
638 1132 802 1185 εὔψυχον
829 1136 892 1170 καὶ
919 1148 990 1170 πα-

329 1183 503 1237 λαίστρας
532 1179 672 1225 πνέον,
709 1180 791 1216 οἷον
831 1181 874 1216 τὸ
915 1183 992 1216 τῶν

328 1226 531 1284 μελιχρόων
564 1207 708 1272 ἄνθος,
755 1223 822 1268 οὓς
848 1226 995 1262 ἐπαινεῖ

330 1271 351 1309 ὁ
371 1275 440 1308 τοῦ
462 1272 680 1318 Ἀρίστωνος.
703 1286 801 1318 quem
826 1278 861 1308 et
882 1274 992 1319 ipsum

328 1333 396 1355 non
431 1321 532 1354 aliter
563 1326 666 1365 atque
690 1320 908 1354 Plutarchum
931 1332 991 1363 με·

329 1364 500 1410 λιχρόους
516 1366 694 1400 Platonis
685 1378 719 1399 ln
737 1368 848 1400 verbis
868 1367 993 1411 legisse

329 1413 436 1446 dicas.
493 1414 541 1446 At
571 1413 704 1446 minime
746 1417 917 1446 recentem
949 1414 992 1446 ab

328 1459 427 1493 huius
458 1458 523 1492 loci
566 1459 710 1492 lectione
750 1458 993 1492 Philostratum

328 1505 387 1538 illa
418 1515 580 1538 exarasse
613 1509 731 1549 patet,
778 1504 904 1549 quippe
936 1504 994 1549 qui

328 1550 543 1584 fortitudinis
568 1554 603 1583 et
627 1551 821 1595 palaestrae
845 1550 993 1596 speciem

328 1596 363 1630 in
387 1598 496 1631 mellis
526 1598 637 1630 colore
667 1598 840 1640 praeditis
872 1597 991 1630 lauda-

326 1647 397 1676 tam
429 1643 483 1676 hic
513 1642 708 1688 putaverit,
751 1654 840 1686 quae
878 1643 990 1687 potius

326 1689 441 1734 nigris
458 1688 631 1722 tribuitur.
657 1688 781 1733 Neque
803 1700 885 1722 vero
909 1689 990 1721 Plu-

329 1735 492 1776 tarchus,
524 1746 601 1768 nam
632 1734 828 1768 Lucretium
853 1746 917 1768 non
940 1734 990 1767 vi-

330 1781 393 1815 deo
435 1793 504 1825 qua
534 1781 666 1814 ratione
702 1780 895 1814 Boeckhius
929 1791 991 1814 sua

329 1827 373 1861 ad
396 1826 549 1860 Platonis
579 1838 731 1860 normam
761 1826 991 1871 composuisse

329 1872 502 1914 statuerit,
523 1884 625 1917 quum
643 1873 733 1906 inter
753 1873 866 1906 decem
878 1874 991 1906 Grae-

330 1930 391 1960 ca,
425 1930 514 1963 quae
537 1918 654 1960 addit,
684 1918 811 1952 nullum
835 1919 913 1952 hinc
936 1930 991 1951 re-

328 1964 472 2010 petitum
506 1964 570 2007 sit,
612 1964 672 1998 sed
717 1976 760 1998 ne
791 1964 992 1999 Plutarchus

328 2011 463 2055 quidem
485 2010 528 2044 de
560 2010 688 2056 scripto
719 2010 854 2044 videtur
877 2011 992 2044 Plato-

329 2056 406 2090 nica
436 2056 616 2098 retulisse,
656 2060 695 2090 ut
736 2068 798 2103 pro
837 2056 993 2090 lectionis

329 2106 420 2136 teste
453 2102 551 2136 citari
584 2103 704 2147 possit.
753 2102 868 2146 Magis
890 2103 926 2136 id
950 2103 993 2135 de

328 2148 547 2182 Aristaeneto
572 2148 754 2190 credibile,
779 2150 872 2182 cuius
895 2150 991 2202 μελι-

328 2206 495 2238 χρωτους
518 2206 627 2239 aeque
650 2195 781 2228 facile‘
773 2207 806 2228 in
823 2191 991 2238 μελιχλώ-

330 2251 420 2284 ρους
443 2245 547 2285 atque
576 2240 611 2274 in
643 2238 858 2285 μελιχρόους
882 2246 992 2274 muta-

329 2286 434 2320 veris.
483 2286 554 2319 Sed
577 2290 616 2319 ut
646 2287 846 2321 Plutarchus
878 2287 912 2320 in
935 2298 992 2320 co-

329 2331 407 2366 dice
429 2343 490 2365 suo
514 2330 728 2376 μελιχρόους
758 2333 906 2376 legerit,
941 2333 991 2366 ni-

328 2378 397 2412 hilo
421 2378 528 2412 minus
551 2390 595 2412 ex
610 2380 733 2412 nostris
748 2377 991 2423 μελιχλώρους

329 2423 544 2459 scribendum
576 2429 639 2458 est.
695 2425 785 2458 Nam
817 2425 901 2458 illud
930 2437 991 2458 no—

330 2482 427 2512 men,
451 2470 547 2503 nihil
554 2481 574 2503 a
596 2470 729 2515 vulgari
751 2482 907 2505 sermone
923 2471 993 2505 dis-

331 2527 497 2570 crepans,
529 2527 639 2561 neque
669 2517 779 2550 forma
802 2529 913 2562 neque
946 2516 992 2550 si-

329 2561 548 2606 gnificatione
571 2563 641 2596 tale
673 2566 767 2604 erat,
809 2568 847 2596 ut
879 2563 993 2596 statim

330 2608 493 2642 amatoris
516 2608 719 2662 figmentum·
746 2610 994 2652 agnoscendum

331 2653 399 2687 dici
420 2659 557 2699 posset.
583 2655 648 2688 hoc
671 2654 789 2699 utique
813 2656 931 2688 mirum
957 2658 993 2688 et

330 2699 377 2733 ad
398 2700 537 2744 palloris
554 2700 764 2735 dulcedinem
780 2701 993 2736 indicandam

329 2745 562 2790 excogitatum
586 2748 629 2781 ab
652 2747 777 2793 aliquo,
802 2748 897 2782 cuius
918 2748 992 2794 pal-

330 2791 422 2826 lidae
452 2792 596 2827 deliciae
618 2798 755 2837 essent,
790 2794 899 2828 videri
932 2795 993 2828 de-

331 2839 449 2874 bebat.
498 2839 655 2884 Accedit,
678 2840 768 2887 quod
790 2839 992 2886 μελαγχλαί-

1046 1056 1137 1088 ρους
1159 1043 1264 1078 multo
1286 1042 1419 1078 facilius
1440 1053 1483 1077 ex
1506 1041 1591 1084 hoc,
1610 1053 1712 1088 quain

1048 1102 1090 1123 ex
1114 1091 1171 1123 illo
1195 1089 1277 1123 oriri
1302 1092 1422 1134 potuit.

1094 1134 1177 1180 δε]
1185 1147 1224 1170 τε
1250 1132 1289 1169 δὲ
1318 1135 1414 1168 Vind.
1439 1134 1481 1168 F.

1095 1183 1189 1226 οἶει]
1222 1181 1277 1225 εἴη
1302 1181 1401 1214 Vind.
1427 1181 1469 1214 D.

1048 1229 1227 1309 Βεὶίὲἒτςιὲ
1252 1227 1439 1318 εΙέλῖηΜέἲ
1456 1224 1711 1306 ὃιῗᾶίἰξὲῗιῖίιίιξζ.

1047 1319 1150 1360 τινὸς
1182 1320 1267 1353 Lob.
1300 1319 1400 1352 Vind.
1426 1318 1564 1352 BDEF.
1600 1318 1711 1361 (Flor.

1048 1367 1241 1420 ACRTV3)
1277 1365 1353 1398 AId.
1386 1365 1466 1398 Bas.
1500 1365 1554 1398 ab.
1589 1365 1711 1409 Steph.

1049 1415 1122 1447 Ast.
1149 1417 1185 1446 et
1209 1412 1243 1445 in
1268 1423 1334 1444 sec.
1362 1412 1483 1445 Stallb.
1508 1410 1598 1456 quod
1623 1411 1707 1444 scri-

1049 1465 1128 1505 ptor
1153 1459 1181 1492 si
1204 1458 1394 1502 ponendum
1418 1461 1575 1502 putaret,
1599 1456 1712 1501 potius

1050 1509 1128 1550 post
1152 1501 1265 1538 ἄλλον
1293 1504 1342 1547 (v.
1369 1503 1411 1536 ad
1437 1503 1476 1536 L.
1499 1503 1558 1537 VI.
1584 1514 1618 1547 p.
1633 1503 1713 1537 493.

1049 1552 1110 1595 D.)
1136 1552 1312 1595 positurus
1345 1553 1440 1591 mat,
1475 1549 1607 1582 librarii
1632 1560 1713 1582 vero

1050 1604 1192 1643 propter
1225 1595 1429 1630 antecedens
1465 1595 1535 1628 οἴει
1566 1595 1712 1628 interro-

1047 1644 1162 1687 gativo
1208 1644 1384 1687 praeferre
1434 1646 1604 1685 poterant.
1655 1641 1710 1674 Cf.

1047 1689 1087 1723 Ι.
1113 1689 1240 1724 51111
1253 1700 1286 1733 p.
1313 1689 1393 1722 573.
1420 1688 1459 1720 A.
1508 1687 1624 1720 Etiam
1648 1687 1707 1719 Fi-

1047 1735 1143 1769 cinus
1167 1735 1267 1774 τίνος
1291 1734 1394 1787 legit,
1430 1734 1489 1779 qui
1522 1734 1627 1766 verba
1651 1744 1709 1775 με·

1047 1778 1246 1824 λιχλωρους
1265 1776 1409 1826 -ω’ρᾳ
1438 1779 1485 1824 ῃ’;
1510 1779 1561 1812 sic
1594 1779 1710 1812 reddi-

1048 1828 1115 1861 dit:
1139 1828 1309 1872 pallidum
1326 1832 1439 1860 autem
1463 1827 1711 1860 adolescentem

1047 1875 1122 1918 quis
1144 1874 1358 1918 appellavit,
1368 1873 1450 1906 nisi
1475 1877 1612 1906 amator
1638 1872 1711 1915 ipse

1048 1921 1227 1954 blandiens
1248 1919 1515 1964 quodammodo,
1548 1923 1581 1952 et
1608 1918 1710 1950 semi-

1043 1967 1174 2010 pallidi
1220 1966 1455 2009 appellatione
1494 1965 1531 1997 in
1574 1963 1710 2007 ephebis

1045 2014 1214 2065 pallorem
1235 2011 1349 2053 facile
1370 2010 1519 2052 ferens?

1096 2053 1312 2112 ωχρότητα]
1340 2053 1532 2100 ω’χρόσητα
1555 2053 1631 2088 Ald.
1669 2051 1708 2088 o’-

1048 2101 1210 2157 χρότητα
1234 2104 1314 2136 Bas.
1340 2103 1374 2135 b.

1047 2196 1089 2229 F
1094 2147 1357 2228 πὲίῙσαςὶῖροει
1379 2144 1588 2194 προφάσεις
1610 2144 1710 2179 Vind.

1048 2288 1091 2321 V
1080 2207 1392 2342 πέἕὲασίξεέθυῧ]
1414 2236 1713 2319 ξρῑέῃασίζεσθαί

1082 2300 1116 2321 in
1245 2299 1262 2320 e
1439 2311 1447 2328 ,
1509 2310 1516 2317 .

1096 2330 1195 2367 οὕτω
1219 2332 1386 2376 παιοῦσι]
1409 2331 1583 2366 ποιοῦσιν
1601 2325 1702 2364 ου’-τω
1714 2335 1781 2371 475

1046 2380 1184 2459 Path‘K
1170 2405 1209 2459 δ”
1213 2426 1248 2469 3]
1282 2424 1320 2458 τί
1344 2423 1410 2458 δαί
1432 2423 1511 2457 Par.
1537 2422 1576 2456 A.
1613 2420 1650 2454 τί
1674 2420 1715 2455 δε

1048 2472 1150 2506 Vind.
1177 2471 1249 2505 EF.
1287 2470 1323 2504 τί
1354 2468 1395 2504 δέ
1427 2470 1517 2502 Flor.
1542 2467 1714 2502 ACRTV.

1048 2518 1188 2562 Signum
1218 2515 1471 2559 interrogandi,
1504 2514 1594 2560 quod
1631 2514 1711 2547 Bas.

1050 2565 1104 2597 ab.
1142 2567 1221 2609 post
1256 2563 1471 2616 φιλοίνους,
1503 2559 1715 2614 Stephanus

1050 2614 1086 2643 et
1118 2610 1298 2644 Bekkerus
1333 2613 1410 2653 post
1448 2606 1542 2653 ορᾷς
1576 2606 1713 2647 habent,

1048 2668 1123 2689 cum
1158 2656 1279 2690 Stallb.
1313 2666 1381 2688 sec.
1416 2653 1470 2687 hic
1506 2651 1618 2698 potius
1651 2663 1713 2696 po-

1047 2702 1193 2738 nendum
1216 2712 1327 2746 neque
1361 2705 1475 2735 tamen
1499 2709 1575 2732 cum
1599 2698 1717 2732 eodem

1050 2747 1092 2783 δέ
1115 2748 1329 2782 scribendum
1352 2745 1482 2792 putavi.

1094 2795 1142 2839 ἦν
1167 2792 1233 2840 δ’]
1270 2793 1320 2838 ἦν
1356 2793 1435 2828 Par.
1460 2790 1505 2826 K.
1536 2801 1604 2824 sec.
1637 2789 1715 2834 Bip.

1049 2841 1143 2876 Flor-
1168 2841 1203 2876 U
