1807 3219
318 180 402 220 292

762 177 1240 219 PLATONIS

322 287 441 343 ὅμως
471 288 530 337 εἵς
558 303 605 342 γε
634 287 684 331 τὸ
717 287 913 341 ὀξύτεροι
947 285 1075 334 αὐτοὶ
1115 284 1258 330 αὐτῶν
1287 288 1516 342 γίγνεσθαι
1543 289 1699 341 πάντες

259 357 292 398 C
322 352 614 405 ἐπιδιδόασινς
633 354 808 406 Ἔστιν,
839 354 943 410 ἔφη,
977 353 1107 398 οὕτω.

1174 354 1258 397 Καὶ
1286 355 1391 412 μὴν,
1434 353 1493 408 ὥς
1523 351 1699 413 ἐγῷμαι,

320 422 350 466 ἅ
375 439 422 477 γε
464 425 590 476 μείζω
624 421 767 466 πόνον
808 424 984 478 παρέχει
1028 423 1304 478 μανθάνοντι
1345 425 1417 467 καὶ
1457 428 1700 484 μελετῶντι,

319 489 403 534 οὐκ
445 491 503 534 ἂν
540 491 703 546 ῥαδίως
744 489 849 536 ου’ὁὲ
891 491 1032 535 πολλοὶ
1063 490 1118 534 ἂν
1156 491 1308 547 εὕροις
1332 490 1391 543 ὡς
1430 497 1573 536 τοῦτο.

588 558 778 601 Πάντων
826 559 879 615 δὴ
916 559 1042 603 ἕνεκα
1085 558 1258 604 τούτων
1303 559 1387 604 οὐκ
1425 559 1611 616 ἀφετέον
1649 560 1699 604 vd

318 559 402 615 γὰρ
435 553 528 602 οὖν.

1635 491 1702 536 Οὐ

318 626 525 682 μάθημα,
570 625 664 670 ἀλλ’
699 629 742 670 οἱ
772 626 943 680 ἄριστοι
971 628 1047 679 τὰς
1077 626 1232 683 φύσεις
1259 629 1510 673 παιδευτέοι
1539 630 1586 673 ἐν
1617 628 1698 672 αὐ·-

318 699 393 751 τῷ.
453 694 689 751 Ξύμφημι,
729 690 757 751 ἦ
788 695 831 739 δ’
861 695 921 746 ὅς.

985 699 1124 738 Τοῦτο
1155 695 1235 751 μὲν
1264 699 1436 749 τοίνυν,
1475 694 1621 749 εἶπον,
1650 698 1701 740 ἓν

317 762 421 819 ἡμῖν
441 764 621 806 κείσθω·
651 763 856 818 δεύτερον
880 763 925 807 δὲ
946 764 994 807 τὸ
1014 763 1221 820 ἐχόμενον
1246 763 1408 808 τούτου
1439 764 1701 820 σκεψώμεθα

319 912 446 946 candus
470 915 524 946 est
554 912 702 947 Phaed1i
726 913 865 968 locusp
869 914 984 949 .253

321 959 371 991 C:
409 955 595 994 ἁλίσκεται
625 957 665 992 δὲ
702 957 747 1003 δή
780 956 799 993 ὁ
819 959 985 1003 αἱρεθεὶς

319 1004 452 1050 τοιῷδε
470 1002 609 1061 τρόπῳ.
638 1009 672 1038 et
696 1006 778 1060 Leg.
805 1006 846 1039 L.
872 1006 983 1038 VIIII.

319 1062 351 1095 Ρ.
378 1052 458 1085 869.
479 1054 528 1084 A:
556 1048 622 1084 8th
641 1050 706 1094 μὲν
728 1049 747 1085 ὁ
767 1049 985 1105 τελευτήσας

317 1095 406 1139 πρὶν
442 1097 654 1151 τελευτῆσαι
689 1095 756 1131 τὸν
793 1095 983 1140 δράσαντα

319 1140 441 1186 φόνου
466 1139 559 1196 οἷφίῃ
584 1141 686 1176 ἑκών.
723 1144 882 1177 Ceterum
902 1155 983 1177 νοι-

320 1190 398 1222 bum
424 1186 591 1231 φύεσθαι
615 1201 681 1222 11υ11
708 1191 812 1223 semel
837 1190 871 1223 in
896 1189 982 1233 φαί-

317 1236 453 1268 νεσθαι
477 1239 673 1278 coriuptum
698 1239 760 1269 est.
797 1236 846 1268 Cf
879 1247 983 1280 supra

316 1281 357 1314 L.
382 1281 442 1313 VI.
467 1293 501 1325 p.
524 1282 602 1315 503.
620 1282 658 1314 B.
685 1285 720 1314 et
742 1282 826 1325 Leg.
846 1281 981 1315 L.IIII.

318 1338 395 1370 pag.
423 1329 500 1361 712.
527 1328 567 1360 A.
604 1327 660 1360 ubi
693 1339 754 1371 pro
789 1326 925 1371 φύεται
948 1328 983 1360 in

317 1373 402 1405 Ven.
429 1373 468 1405 B.
513 1373 592 1407 Vae.
620 1373 698 1406 CM.
746 1377 781 1406 et
820 1374 912 1408 Flor
940 1374 981 1407 C.

319 1419 511 1472 φαίνεται,
540 1419 574 1451 111
597 1419 693 1452 Flor.
717 1419 804 1452 AW.
831 1419 983 1463 φαίεται

317 1476 392 1498 cum
415 1461 440 1498 v'
465 1476 572 1520 super
594 1464 633 1498 αί
658 1465 789 1521 legitur.

365 1506 411 1544 ὃὶν
441 1508 506 1554 ε’ν]
556 1508 622 1544 ἐὰν
651 1508 689 1544 ἐν
722 1513 809 1546 Ven.

319 1557 416 1590 Vind.
442 1557 516 1590 EF.
544 1552 591 1590 ἒὶν
613 1557 701 1602 Ana.
723 1558 763 1591 B.

362 1599 498 1648 τούτῳ]
524 1600 645 1636 τούτω
673 1615 747 1636 cum
766 1602 983 1638 circumflexo

317 1660 421 1727 {uper
446 1653 545 1682 acuto
582 1652 618 1682 et
650 1661 669 1682 ο
701 1660 805 1694 super
829 1661 858 1682 ω
883 1650 983 1685 Vind.

363 1740 611 1784 παιδευθῶσι]
627 1741 882 1775 παιδευθῶσιν
895 1742 981 1776 Lob.

316 1832 343 1865 B
361 1785 491 1830 μηδὲν]
518 1785 610 1830 μηδὲ
635 1788 716 1821 Par.
729 1787 772 1820 K.
797 1789 982 1821 seeundum

317 1834 558 1968 ᾉθξξὲἒέζι]
599 1875 778 1922 ὀξύτερον
813 1879 913 1914 Vind.
941 1879 983 1914 F.

348 1937 367 1958 n

364 1969 502 2014 αὐτῶν]
528 1967 762 2025 «15.1{10n.B.
788 1971 978 2005 Vind.EF.

316 2017 392 2051 Ald.
418 2018 497 2050 Bas.
522 2019 575 2050 ab.
621 2014 766 2051 ἑαυτῶν
790 2017 875 2051 Lob,
901 2017 981 2050 vat.

319 2064 369 2097 M.
393 2063 487 2096 Flor.
510 2063 583 2097 AV.

841 1512 881 1545 Β.
915 1508 982 1545 ἐὰν

365 2106 616 2149 ἐπιδιδόασιν;
631 2109 642 2152 ]
679 2082 923 2143 ἕπιδιδοασιν.
948 2111 984 2141 et

318 2167 423 2201 supra
447 2155 672 2199 φαίνονται;
698 2155 781 2188 editi
798 2158 878 2188 ante
895 2154 983 2187 Astii

319 2213 387 2236 sec.

365 2243 475 2281 οὕτω.
487 2248 500 2291 ]
550 2243 681 2286 οὕτως.
722 2247 901 2282 Bekkerus
948 2250 983 2281 et

319 2293 582 2334 Stassbaumius,
608 2293 665 2337 qui
690 2293 770 2326 alibi
788 2293 982 2327 Bekkerum

318 2340 353 2375 in
377 2341 441 2373 hac
465 2351 503 2372 re
526 2351 591 2372 non
615 2339 779 2383 sequitur.

368 2381 394 2419 ἅ
413 2386 472 2429 γε]
499 2381 546 2429 ἅγ
549 2396 564 2418 ε
589 2385 688 2419 Vind.
714 2385 752 2418 F.

367 2432 499 2475 μειζω]
524 2443 566 2474 με
570 2432 647 2472 ἷζον
672 2431 757 2465 Lob,
784 2432 862 2465 vat.
888 2431 935 2464 M.

365 2476 498 2521 πόνον]
526 2474 653 2512 πόνων
676 2477 752 2511 Ald.
775 2496 820 2500 —
844 2477 893 2510 Ut
917 2477 982 2510 ‹lif-

319 2523 410 2557 ficile
434 2527 524 2557 esset
558 2523 647 2568 quod
681 2523 853 2556 discerent
876 2523 982 2556 futuri

320 2569 472 2603 civitatis
513 2569 671 2602 custodes
715 2573 750 2602 et
781 2569 982 2613 philosophi,

319 2615 482 2648 Socrates
517 2615 557 2648 L.
582 2616 640 2648 VI.
675 2627 709 2659 p.
740 2615 816 2649 503.
851 2615 893 2649 E.
927 2627 983 2648 re-
1039 2614 1068 2648 B

320 2661 517 2705 quisiverat,
541 2672 648 2705 eoque
670 2661 777 2704 magis
802 2672 887 2694 nune
912 2661 983 2694 ’(1ΐὶ-

321 2707 502 2740 thmeticen
537 2708 681 2751 probat,
714 2707 802 2751 quod
836 2719 902 2740 non
928 2708 981 2740 fa·-

321 2753 386 2786 cile
416 2752 484 2786 alia
516 2764 557 2786 ea
590 2752 762 2786 difficilior
801 2752 980 2796 disciplina

322 2799 378 2832 sit.
402 2798 610 2832 Scholiastes
628 2803 747 2832 contra
763 2798 870 2837 εἴσως
889 2799 978 2832 τοῦ-

322 2856 366 2878 το
394 2841 569 2890 βούλεται
606 2843 721 2887 λέγειν
749 2841 769 2878 ὁ
804 2841 976 2887 Πλάτων,

1044 908 1102 947 ὅτι
1119 925 1196 947 των
1218 911 1311 968 μετὰ
1330 913 1472 948 πολλοῦ
1493 912 1615 948 πόνου
1634 925 1697 947 κα-

1042 957 1306 1014 τορθουμένων
1338 973 1373 993 τ
1362 971 1475 1016 εχνων
1503 957 1570 994 οὐκ
1603 957 1699 994 ἐστιν

1043 1002 1199 1047 ουδεμία
1223 1003 1378 1049 τοιαύτη
1409 1002 1580 1048 εὔκολος,
1606 1002 1698 1048 ωςῆ

1043 1052 1095 1095 (id
1119 1052 1339 1085 Ruhnkenius
1364 1053 1505 1096 omisit.)
1539 1050 1699 1105 οἷρνθμη-

1041 1094 1134 1140 τική.
1183 1098 1361 1131 Haerebat
1391 1099 1423 1131 in
1458 1098 1626 1143 paiticula
1649 1109 1700 1137 ως

1043 1148 1121 1177 ante
1145 1155 1271 1186 τουτο,
1297 1155 1397 1187 quam
1422 1156 1523 1189 quum
1547 1145 1590 1177 ad
1607 1154 1700 1177 com-

1041 1190 1231 1233 palativnm
1254 1190 1362 1232 μείζω
1380 1191 1500 1223 [eferri
1518 1201 1583 1224 non
1598 1201 1700 1234 posse

1039 1236 1264 1279 intelligeret,
1298 1236 1562 1280 comparativmn
1592 1238 1700 1280 ipsum

1039 1293 1102 1326 per
1134 1294 1171 1315 se
1205 1281 1455 1326 accipiendum,
1503 1283 1700 1315 adve1bium

1040 1330 1151 1361 autem
1184 1326 1321 1373 ῥαδίως
1353 1339 1412 1372 pio
1443 1328 1609 1362 adieetivo
1639 1327 1699 1360 ha-

1038 1374 1184 1406 bendum
1216 1375 1400 1407 statuebat.
1449 1375 1518 1407 Sed
1540 1374 1625 1407 illud
1650 1369 1702 1412 (ὂς

1039 1420 1087 1452 ita
1110 1419 1236 1452 dictum
1260 1423 1323 1461 est,
1347 1424 1387 1452 ut
1405 1420 1433 1453 si
1455 1416 1554 1454 ου’τω
1571 1418 1700 1464 μέγαν,

1039 1477 1105 1499 11011
1137 1465 1245 1507 μείζω
1289 1466 1541 1521 praecessisset.
1601 1466 1700 1499 Conf.

1038 1511 1134 1555 Apol.
1168 1523 1245 1554 pag.
1269 1513 1325 1546 36.
1350 1512 1402 1544 D:
1437 1509 1506 1545 οὐκ
1535 1509 1613 1545 ἔσθ’
1643 1507 1703 1546 ότι

1041 1557 1181 1600 μᾶλλον
1208 1555 1341 1598 πρέπει
1369 1553 1510 1600 οὕτως,
1546 1554 1598 1597 (ὃς
1631 1555 1702 1591 τὸν

1042 1603 1217 1636 τοιοῦτον
1236 1601 1357 1659 ἄνδρα
1374 1606 1578 1657 σιτεῖσθαι,
1604 1600 1701 1637 πολυ

1041 1660 1079 1693 γε
1097 1649 1255 1691 μᾶλλον,
1287 1645 1310 1693 ἢ
1331 1649 1368 1683 εί
1381 1662 1436 1688 τις
1456 1646 1562 1692 υμῶν
1578 1669 1624 1675 -
1643 1661 1699 1683 νε-

1041 1695 1185 1739 νίκηκεν
1200 1692 1455 1738 Ολυμπιασιν.
1478 1696 1536 1730 ubi
1560 1707 1701 1740 expres-

1041 1753 1115 1774 sum
1162 1742 1257 1774 vides
1304 1742 1394 1784 quod
1437 1742 1491 1775 hic
1524 1742 1700 1776 reticetur.

1039 1787 1168 1820 Nostio
1215 1787 1399 1821 simillimus
1447 1792 1501 1821 est
1540 1787 1701 1832 oligenis

1040 1832 1132 1865 locus
1158 1833 1234 1866 adv
1261 1833 1351 1868 Cels.
1378 1834 1419 1867 L.
1443 1834 1525 1867 IIII.
1551 1845 1584 1878 p.
1610 1836 1698 1870 200:

1039 1878 1094 1917 τίς
1115 1875 1162 1912 ἂν
1183 1875 1290 1918 ἄλλος
1301 1877 1407 1934 λόγος
1425 1877 1697 1935 ἐπιστρεφὲστε-

1040 1936 1106 1967 ρον
1136 1935 1297 1980 προσαγῒε
1302 1938 1314 1958 ι
1341 1922 1432 1980 τήν
1454 1923 1699 1981 ἄνθρωπίνην

1040 1968 1153 2014 φύσιν
1176 1971 1227 2016 τῷ
1243 1983 1282 2005 ευ
1299 1972 1382 2016 ζῇν,
1404 1984 1453 2010 ως
1468 1969 1491 2015 ἦ
1513 1972 1699 2012 πίστις-,-

1039 2017 1134 2050 Adde
1169 1993 1345 2051 ΤὴοοοιίῑΙί
1369 2021 1403 2051 et
1426 2017 1600 2062 Emipidis
1623 2029 1699 2051 ver·

1037 2074 1094 2095 sus
1119 2075 1139 2096 a
1165 2063 1351 2096 Matthiaeo
1385 2075 1525 2107 grauun.
1557 2075 1592 2108 p.
1617 2065 1697 2098 851.

1040 2120 1067 2141 c.
1094 2114 1380 2155 commemorptos.

1090 2151 1146 2188 Ου’
1166 2153 1236 2198 γὰρ
1258 2155 1347 2199 οὑν]
1376 2152 1564 2199 ου’γαροῦν
1588 2155 1679 2196 Lob.

1083 2199 1310 2245 παιδευτέοι]
1335 2202 1572 2237 παιδευταῖοι
1597 2201 1697 2236 Vind.

1040 2245 1082 2279 F.
1106 2247 1207 2295 ,Flor.
1233 2248 1308 2282 RT.

1086 2294 1223 2337 εἷπον]
1266 2297 1344 2337 post
1373 2291 1463 2338 ἡμῖν
1502 2294 1588 2330 Lob.
1622 2294 1698 2328 Vat.

1037 2339 1116 2372 ΒΜ.
1143 2340 1234 2372 Flor.
1260 2340 1301 2373 V.

1082 2381 1150 2429 ἓν]
1176 2383 1215 2419 ἐν
1239 2386 1324 2419 Lob.
1350 2385 1502 2419 Vind.F.
1526 2386 1605 2419 Vat.
1620 2384 1698 2418 ΒΜ.

1038 2432 1124 2468 Ven.
1151 2432 1189 2464 C.
1213 2433 1300 2475 Aug.
1323 2433 1363 2464 B.
1395 2444 1459 2465 om.
1484 2431 1558 2464 Fic.

1084 2475 1245 2522 τούτου]
1271 2478 1383 2511 τοῦτο
1409 2477 1508 2510 Vind.
1533 2478 1576 2510 F.
1602 2476 1696 2511 Flor.

1085 2568 1334 2613 σκεψώμεθα]
1361 2566 1580 2612 σκεψοίμεθα
1603 2568 1697 2603 Μοη.

1035 2641 1159 2739 Α’ἕρά
1180 2661 1242 2740 τι]ί
1263 2661 1317 2740 Ιξα
1341 2660 1442 2694 Vind.
1470 2659 1696 2740 aLMssmffl.

1035 2718 1113 2785 Bigis.
1135 2718 1202 2786 ἱεῖς.
1240 2719 1316 2796 εἶρα
1341 2707 1501 2806 τίίρξιῗίιξᾷ.
1525 2718 1568 2784 149.
1603 2752 1697 2786 Flor.

1036 2799 1206 2832 ACR'W.
1233 2799 1355 2832 Stallb.
1380 2810 1433 2843 pr.
1459 2809 1546 2841 αρα,
1563 2810 1599 2831 τι
1622 2799 1696 2832 Ast.

1035 2856 1087 2889 pr.
1124 2838 1200 2889 ἆρα
1219 2845 1256 2879 τί
1286 2845 1406 2890 Steph.
1454 2844 1635 2878 Bekkerus
1663 2847 1698 2879 et
