1807 3219
448 117 786 162 CIVITAS
831 119 953 163 LlB.
983 121 1038 163 V.
1067 123 1136 161 475

1417 122 1500 168 119

111 235 336 292 χαίροντες
375 233 576 275 ’τοιοῦτοι
628 229 763 285 εἶναι,
812 233 862 275 οἴ
892 248 938 277 τε
977 231 1187 289 φιλήκοοι
1226 228 1502 274 ἀτοπώτατοί

42 302 235 353 467τινές
263 302 373 345 εἰσιν
406 298 464 350 ὥς
501 295 538 354 γ’
569 297 616 342 ἐν
653 299 921 355 φιλοσόφοις
958 300 1151 345 τιθέναι.
1191 301 1235 344 οἳ
1271 298 1381 354 πρὸς
1420 297 1501 354 μὲν

111 369 273 427 λόγους
301 368 376 414 καὶ
402 366 614 425 τοιαύτην
643 367 874 424 διατριβήν
902 367 1074 420 ἑκόντες
1103 367 1188 412 οὐκ
1218 367 1275 411 ἂν
1305 365 1500 412 ἐθέλοιεν

109 436 464 492 ἐλθεῖν,,ὦ’σπερ
506 435 554 479 δὲ
592 433 1006 491 ἀπομεμισθωκότες
1043 436 1098 480 τὰ
1137 431 1227 480 ὦτα
1257 435 1500 480 ἐπακοῦσαι

108 507 291 553 πάντων
319 508 466 562 χορῶν
493 503 751 559 περιθέουσι
780 509 874 556 τοῖς
896 506 1156 555 Διονυσίοις
1183 502 1285 549 οὔτε
1309 508 1398 548 τῶν
1418 521 1501 548 κα-

108 576 163 621 τὰ
192 575 338 626 πόλεις
367 572 469 618 οὔτε
497 576 588 616 τῶν
618 573 728 616 κατὰ
755 571 906 628 κώμας
926 571 1278 629 ἀπολειπόμενοι.
1307 571 1498 624 τούτους
1539 616 1553 624 ς

110 640 196 690 οὖν
224 642 392 694 πάντας
419 642 495 686 καὶ
526 640 685 692 ἄλλους
714 641 931 685 τοιούτων
959 646 1091 686 τινῶν
1121 641 1396 699 μαθητικοὺς
1424 642 1499 685 καὶ
1527 646 1562 686 Ε

106 712 212 764 τοὺς
239 715 329 756 τῶν
357 711 625 767 τεχνυδρίων
669 708 949 767 φιλοσόφους
990 709 1214 766 φήσομενς
1269 708 1501 765 Οὐδαμῶς,

107 779 255 836 εἶπον,
297 779 386 824 ἀλλ’
407 778 591 836 ὁμοίους
608 779 689 835 μὲν
713 779 994 836 φιλοσόφοις.
1038 779 1156 831 Τούς
1178 779 1224 823 δὲ
1243 777 1501 835 ἀληθινοὺς,

108 963 152 986 ιιι.
177 951 227 995 5.)
250 950 373 996 reliqui
397 950 549 993 codices,
569 950 675 985 Clem.
688 951 741 995 Cy
745 963 771 985 r.

107 998 244 1033 Theod.
278 1000 314 1032 et
345 996 422 1031 Ald.
453 997 534 1031 Bas.
560 998 615 1030 ab.
649 998 772 1043 steph.

106 1047 184 1078 Ast.
215 1055 267 1089 pr.
309 1041 548 1087 μαθητικοὺς
578 1044 774 1098 Stephanus

106 1090 143 1124 in
168 1102 214 1124 111.
241 1089 493 1134 adscrspserat,
517 1089 610 1123 sed
600 1101 635 1122 ιιι
659 1095 774 1124 annot.

106 1138 223 1181 1222.
248 1136 292 1169 de
323 1135 432 1169 altero
463 1135 672 1169 toierabilius
695 1147 775 1170 sen-

104 1183 172 1217 tit·
207 1182 282 1226 „Si
304 1181 424 1215 mendo
458 1186 556 1217 caret
577 1182 663 1216 haec
687 1182 774 1216 seri-

103 1234 226 1286 ptura,
252 1227 437 1262 dicendum
471 1227 538 1261 erit
559 1229 774 1272 μαθηματι-

102 1287 197 1314 κους
227 1286 294 1309 ιιοιι
317 1273 401 1308 alios
423 1285 479 1307 ess
482 1285 500 1307 e
523 1285 624 1319 quam
648 1275 773 1318 μαθη-

103 1320 242 1361 τικούς.
268 1330 354 1366 quos
378 1319 531 1354 nimirum
557 1325 592 1354 et
616 1322 773 1364 φιλομα-

103 1369 190 1407 θεῖς
211 1367 350 1401 videtur
383 1366 568 1422 appellare.
618 1367 677 1400 Sic
712 1378 773 1401 au-

102 1419 173 1449 tem
208 1410 484 1469 ἔρωτηματικὸς
516 1418 618 1446 antea
642 1424 709 1446 non
735 1424 773 1446 a-

102 1460 173 1494 liud
196 1471 298 1505 quam
330 1456 552 1502 ἐρωτητικὸς
574 1458 772 1503 significare

100 1506 284 1540 vidimus.“
330 1506 371 1539 Id
404 1505 557 1550 pertinet
594 1505 638 1538 ad
662 1505 772 1539 locum

103 1551 239 1596 Cratyli
269 1563 304 1598 p.
328 1552 408 1587 398.
435 1551 480 1585 Ε.
516 1550 576 1585 nbi
599 1563 702 1595 quum
736 1551 773 1585 in

103 1602 267 1633 contextu
299 1607 362 1644 pro
404 1603 565 1654 corrupto
602 1595 772 1642 ἐρωτικοὶ

102 1645 288 1679 secundum
313 1644 511 1678 Cornarium
547 1641 771 1687 ἒρωτηματι-

102 1689 165 1726 κοὶ
187 1690 380 1747 posuisset,
411 1690 446 1724 in
470 1695 586 1725 annot.
611 1702 690 1736 pag.
717 1690 772 1726 15.

103 1749 148 1772 an
170 1737 284 1782 potius
309 1733 525 1780 ερωτητικοὶ
555 1736 772 1770 scribendum

102 1783 222 1826 fuerit,
232 1782 390 1825 dubitat3
411 1794 513 1828 quam
522 1782 772 1816 dubitationem

104 1829 241 1863 codices
264 1828 519 1863 confirmarunt.
558 1828 772 1882 Quamquam

102 1875 160 1910 illo
182 1877 262 1909 loco
290 1871 579 1919 ἕρωτηματικοὶ,
605 1875 705 1919 {quod
737 1874 772 1908 in

105 1921 290 1956 Clarkiano
314 1926 489 1966 repertum
512 1921 668 1962 videtur,
702 1932 771 1954 ιιοιι

103 1967 213 2012 magis
236 1967 396 2001 vitiosum
419 1972 494 2007 est,
517 1979 618 2012 quam
643 1967 768 2011 διηγη-

101 2012 254 2058 ματικοὶ
295 2013 386 2058 apud
425 2013 642 2047 Aristotelem
686 2013 769 2047 Eth.

100 2060 179 2095 Nic.
213 2060 253 2094 L.
277 2059 343 2093 ΙΙΙ.
379 2061 444 2102 10,
476 2061 510 2094 2.
544 2059 604 2093 ubi
640 2059 769 2093 Zellius

101 2104 342 2151 διηγητικοὺς
364 2105 522 2148 scripsit,
553 2106 768 2152 quandoqui—

101 2153 178 2187 dem
199 2164 310 2187 sermo
335 2157 389 2186 est
420 2153 463 2186 de
486 2152 552 2195 iis,
577 2153 636 2197 qui
657 2153 766 2186 omni-

100 2211 146 2232 πο
175 2199 527 2244 interrogationibus,
549 2199 766 2232 narrationi-

99 2246 161 2280 bus
186 2245 240 2280 uti
267 2247 388 2279 solent.
447 2244 613 2278 Similiter
643 2245 766 2288 μαθη-

97 2289 197 2325 τικοὶ
211 2317 221 2334 ,
258 2302 361 2335 quum
393 2289 447 2324 rei
470 2290 653 2324 discendae
677 2291 766 2325 ratio

97 2349 164 2371 non
197 2337 366 2378 habetur,
409 2335 666 2380 μαθηματικοὶ
700 2337 766 2370 dici

95 2386 280 2429 poterunt,
312 2393 424 2427 neque
452 2382 766 2436 reprehendendum

96 2435 179 2476 puto
204 2428 483 2470 Stallbaumium,
517 2428 576 2482 qui
611 2429 762 2474 Sophist.

95 2488 130 2521 p.
155 2477 236 2511 219.
263 2474 304 2508 C.
330 2474 465 2520 optimis
499 2474 670 2508 codicibus
693 2487 763 2519 μα-

99 2519 313 2577 θηματικὸν
339 2517 467 2566 (εἶδος
497 2521 663 2564 τεχνῶν)
700 2533 762 2566 pro

99 2565 315 2612 μαθητικόν
356 2566 600 2612 praebentibus
641 2567 764 2612 vulga—

100 2619 170 2649 tam
192 2613 376 2648 secundum
400 2624 459 2647 eos
477 2613 669 2647 mutaverit.
693 2613 765 2648 Ubi

99 2672 195 2695 vero
207 2659 335 2694 obiecti
357 2670 384 2693 s.
412 2659 482 2700 rei,
517 2658 571 2693 cui
601 2659 678 2704 quis
710 2661 764 2694 di-

100 2707 247 2742 scendae
278 2706 334 2741 vel
365 2705 500 2740 deditus
533 2705 588 2740 vel
621 2705 765 2741 idoneus

101 2752 170 2796 sit,
193 2752 399 2797 significatio
422 2763 485 2798 per
508 2751 693 2796 genitivum
710 2753 765 2788 vel

101 2798 166 2834 alio
190 2799 288 2834 modo
313 2799 466 2841 accedit,
501 2798 550 2833 ibi
580 2809 704 2835 vereor
726 2804 764 2836 ut

830 948 1094 995 μαθηματικὸς
1117 940 1212 984 recte
1232 949 1379 990 dicatur,
1401 948 1500 994 quip-

831 1009 875 1043 pe
911 998 1003 1043 quod
1034 998 1203 1031 obiectum
1236 993 1500 1040 (μαθήματα)

832 1045 934 1078 etiam
959 1055 1021 1088 per
1044 1054 1081 1076 se
1106 1043 1213 1076 solum
1237 1042 1375 1075 indicet.
1397 1041 1499 1075 ΡΙιι-

830 1091 970 1124 tarchus
1004 1090 1140 1134 quidem
1174 1089 1264 1124 Mor.
1271 1100 1323 1137 p.
1349 1089 1428 1123 513.
1455 1088 1498 1121 D.

832 1137 884 1170 ita
907 1139 1042 1170 locutus
1059 1135 1216 1169 videtur:
1243 1132 1326 1168 οἷον
1343 1133 1380 1168 οἱ
1392 1144 1498 1177 στρα-

830 1182 995 1217 τιωτικοὶ
1025 1179 1197 1225 πολέμων
1229 1180 1299 1215 εἰσι
1321 1180 1498 1224 διηγημα-

831 1229 935 1263 τικοί.
986 1229 1057 1262 Sed
1081 1213 1292 1272 διηγήματα
1315 1227 1424 1272 magis
1448 1226 1499 1260 in-

831 1276 917 1309 certi
948 1274 1084 1320 genelis
1116 1281 1152 1308 et
1181 1273 1378 1307 definitione
1412 1270 1500 1306 indi—

830 1321 948 1365 gentia
989 1326 1089 1363 sunt,
1137 1332 1238 1366 quam
1273 1317 1499 1363 μαθήματα,

830 1380 941 1412 neque
978 1347 1163 1401 secun⁷dum
1206 1366 1423 1400 Plutarchum
1457 1365 1500 1398 de

828 1414 981 1448 Platonis
1022 1424 1181 1447 sermone
1220 1412 1326 1446 statui
1371 1415 1496 1456 potest.

829 1460 950 1505 Itaque
973 1457 1212 1503 μαθητικοὺς
1235 1457 1396 1504 praetuli.

874 1550 992 1595 τούς]
1017 1564 1083 1587 om.
1108 1551 1215 1585 Clem.
1242 1554 1387 1596 excepto
1406 1550 1498 1584 Hoe-

828 1598 948 1632 schelii
974 1598 1113 1631 codice..

876 1667 981 1711 τῶν]
1005 1679 1068 1700 om.
1095 1666 1178 1711 Cyr.

875 1735 1120 1779 τεχνυδρίων]
1167 1734 1268 1768 Vind.
1300 1734 1344 1768 Ε.
1379 1745 1400 1778 ρ
1435 1735 1496 1768 int

828 1794 916 1816 vers.
942 1783 1057 1816 habet.
1081 1800 1128 1807 ——-
1150 1779 1242 1821 τοὺς
1268 1781 1346 1814 τῶν
1375 1791 1482 1823 τεχνυ

829 1828 944 1872 δρίων
986 1826 1220 1873 φιλοσόφους
1272 1827 1349 1860 hinc
1396 1826 1501 1883 petiit

828 1876 1025 1909 Athenaeus
1059 1875 1132 1910 loco
1166 1874 1210 1908 ad
1250 1870 1498 1917 ἐπαμφοτερί-

829 1922 953 1963 ζουσιν
975 1933 1011 1966 p.
1035 1921 1115 1956 479
1143 1921 1184 1954 C
1210 1919 1417 1965 significato.

872 2011 1041 2058 φήσοιιεν
1069 2032 1116 2038 -
1144 2009 1393 2056 φιλοσόφοις]
1430 2023 1496 2048 om.

827 2060 1007 2103 C>r.P10
1032 2057 1202 2103 φήσομεν
1226 2057 1495 2092 vind.l·.F10r.

824 2106 867 2139 R.
896 2106 1004 2140 Clem
1028 2106 1172 2140 Theod.
1201 2101 1382 2148 θήσομεν,
1406 2103 1495 2147 Ang.

823 2151 866 2185 B.
891 2152 983 2186 Flor.
1009 2150 1055 2186 Τ.
1093 2157 1129 2185 et
1162 2156 1279 2209 mai-go
1303 2150 1348 2184 R.
1383 2149 1493 2184 εἴπω-

823 2209 892 2255 μεν
917 2199 1092 2233 exhibent.

869 2264 960 2312 μεν]
997 2280 1063 2302 om.
1098 2252 1194 2301 Mon.
1226 2265 1269 2299 Β.
1317 2263 1411 2298 Flor.
1447 2263 1492 2297 U.

823 2314 904 2349 Par.
932 2314 1010 2348 DK.
1036 2324 1106 2348 sec.
1129 2312 1240 2348 Bekk.
1266 2309 1400 2346 Theod.

821 2431 862 2465 F·
869 2380 1107 2428 φιλοσόφοις]
1133 2377 1367 2426 φιλοσόφους
1390 2377 1492 2412 Vind.

871 2497 973 2538 Τοὺς
1005 2495 1062 2540 δὲ
1092 2516 1139 2529 -η
1175 2490 1488 2549 φιλοθεάμονας]

820 2546 943 2580 iterum
972 2544 1044 2578 sine
1072 2537 1225 2576 auctoris
1250 2540 1381 2574 nomine
1413 2538 1487 2574 lau—

820 2593 881 2626 dat
908 2591 1066 2626 Clemens
1087 2589 1131 2635 L.
1156 2589 1199 2621 V.
1238 2599 1317 2633 pag.
1343 2585 1432 2629 654,
1459 2588 1488 2620 1.

819 2639 911 2673 Idem
947 2637 987 2671 L.
1021 2637 1067 2675 I
1081 2629 1126 2669 et
1138 2630 1280 2687 Theod.
1329 2631 1421 2672 τοὺς
1447 2629 1489 2666 δ’

819 2684 916 2719 initio
941 2676 1056 2718 habet.

821 2748 1102 2834 Εᾶληθινοὺς]
1136 2746 1358 2794 ἅληθηνούς
1390 2747 1488 2782 mad.
