1807 3219
444 97 784 140 CIVITAS
831 94 1070 138 LlflVll.
1101 101 1168 135 522

115 208 189 252 ool
215 218 308 251 που
337 208 503 252 ἅπασαι
535 208 696 262 ἔδοξαν
725 206 848 253 εἶναι.

1415 102 1500 140 2Ί9

910 211 1016 260 Πῶς
1044 206 1088 252 δ’
1121 205 1197 259 οὕς
1241 208 1315 253 καὶ
1343 208 1431 265 μὴν
1459 212 1500 252 τί

111 272 168 320 ἔτ’
210 274 316 320 ἄλλο
354 278 543 321 λείπεται
585 278 788 335 μάθημα,
838 280 1052 334 μουσικῆς
1090 280 1165 321 καὶ
1203 281 1499 334 γυμναστικῆς

109 344 185 389 καὶ
212 349 301 388 τῶν
330 349 490 401 τεχνῶν
520 347 864 403 κεχωρισμένον,
902 346 1038 400 Φέρε,
1066 341 1123 403 ἦν
1153 344 1198 390 δ’
1223 345 1330 401 ἐγώ,
1360 347 1398 389 εἰ
1415 362 1496 402 μη-

108 414 183 458 δὲν
224 413 285 457 ἐτι
322 412 444 464 ἐκτὸς
479 413 651 457 τούτων
691 415 842 471 ἔχομεν
881 418 1032 471 λαβεῖν
1053 447 1064 467 ,
1113 418 1203 458 τῶν
1245 414 1314 458 ἐπὶ
1353 412 1496 458 πάντα

107 480 348 524 τεινόντων
370 499 412 525 τι
444 482 660 539 λάβωμεν.

724 483 787 527 Τὰ
816 488 970 534 ποῖον;

59 560 62 561 ’
107 549 213 602 νόν,
251 543 288 606 ᾧ
315 554 452 594 πᾶσαι
493 556 803 608 προσχρῶνται
844 551 991 630 τέχναι
1018 567 1064 596 τε
1092 551 1166 595 καὶ
1196 551 1394 596 διάνοιαι
1421 552 1498 594 καὶ

107 617 361 674 ἐπιστῆμαι,
402 617 428 663 ὃ
457 620 532 664 καὶ
559 620 689 664 παντὶ
727 618 774 663 ἐν
810 619 1004 674 πρώτοις
1035 617 1205 677 ἀνάγκη
1234 617 1493 676 μανθάνειν.

42 726 52 738 l
108 689 276 738 Ποῖον,·
324 687 423 744 ἔφη.
489 687 548 733 To
578 692 754 746 φαῦλον
789 691 944 739 τοῦτο,
985 683 1042 745 ἦν
1071 686 1114 733 δ’
1143 687 1251 745 ἐγώ,
1290 686 1339 731 τὸ
1371 686 1419 730 ἕν
1450 701 1496 730 τε

105 754 262 799 καὶτὰ
293 753 377 800 δύο
407 755 482 800 καὶ
518 755 572 801 τοὶ
610 757 709 814 τρία
739 756 1094 814 διαγιγνώσκειν·
1143 758 1254 814 λέγω
1296 756 1344 800 δὲ
1386 753 1495 799 αὐτὸ

104 922 366 961 ἐπικίνδυνα*
344 939 457 968 οντας
486 925 681 983 ἀνδρείους
688 940 720 982 η
724 940 768 974 ,1η

105 969 222 1018 εἶναι,
245 972 336 1014 τοὺς
357 971 397 1008 δὲ
415 986 554 1014 κακονς
573 972 736 1016 δειλούς;

152 1040 196 1076 σὺ
219 1042 290 1076 νῦν
311 1043 451 1087 ζητεῖς]
479 1041 523 1076 σὺ
547 1044 664 1087 ζητεῖς
683 1045 769 1088 Aug.

104 1089 146 1122 B.
169 1088 265 1123 Flor.
288 1089 332 1124 R
359 1090 526 1133 συζητεῖν
552 1090 651 1123 Vind.
676 1089 716 1124 F.

58 1162 95 1204 B
150 1155 203 1203 τῷ
225 1154 295 1212 γὰρ
317 1152 410 1212 όντι]
440 1157 645 1201 τωγαρόντι
669 1159 769 1193 Vind.

104 1201 148 1237 Ε.
172 1192 310 1237 τωόντι
327 1201 398 1248 γοὶρ
423 1204 516 1238 Μοιι.
539 1205 580 1238 G.

149 1283 190 1305 αι
177 1270 259 1316 ““’τε]
282 1271 342 1306 Ita
365 1284 480 1306 omnes
496 1273 644 1316 codices,
663 1273 766 1307 etiam

101 1317 195 1353 Mon.
220 1318 261 1352 C.
296 1330 397 1372 quem
421 1319 536 1353 Astius
565 1319 601 1352 in
634 1331 703 1353 sec.
729 1331 768 1353 τε

101 1364 258 1398 omittere
281 1364 390 1399 tradit
420 1367 456 1398 et
487 1365 586 1410 quasi
610 1366 768 1399 omitten-

102 1414 170 1444 tem
200 1410 234 1443 in
279 1410 384 1445 tertia
417 1422 555 1456 quoque
595 1412 764 1456 sequitur.

100 1457 158 1491 Cf.
185 1455 262 1491 Vol.
285 1457 314 1490 I.
338 1469 372 1502 p.
394 1459 472 1500 167,
498 1469 529 1491 a.
578 1457 672 1499 Quid
702 1458 764 1492 ad—

99 1502 183 1536 dere
206 1503 371 1537 Socrates
404 1503 439 1537 in
464 1503 575 1537 animo
599 1504 767 1547 habuenit,

100 1548 288 1583 Glauconis
311 1549 564 1606 intercipientis
582 1552 690 1584 verba
706 1551 766 1585 do-

99 1597 193 1629 cent.
216 1594 280 1629 καὶ
306 1592 381 1640 μήν
404 1596 442 1630 τί
468 1593 517 1630 ἐτ’
539 1592 627 1630 ἄλλο
648 1596 765 1631 λείπε-

99 1652 162 1675 ται
176 1638 361 1685 μάθημας

145 1706 345 1756 βάναυσοί]
372 1710 435 1745 καὶ
457 1711 492 1757 β.
518 1711 666 1748 Μοιι.Β.
684 1713 764 1749 Par.

99 1756 142 1791 D.
191 1757 249 1792 Cf.
272 1757 315 1791 L.
341 1757 402 1793 VI.
425 1768 458 1803 p.
479 1756 559 1793 495.
583 1759 627 1793 E.

146 1821 316 1869 ἅπασαι]
341 1829 420 1871 post
443 1823 578 1870 ἔδοξαν
601 1827 701 1862 Vind.
719 1827 762 1863 Ε.

99 1871 261 1907 ainana.
284 1872 377 1906 Mon.
405 1872 444 1906 C.

146 1938 263 1986 εἶναι]
297 1941 390 1975 Huic
423 1941 458 1975 in
494 1941 586 1976 Mon
609 1943 651 1976 B.
677 1947 713 1977 et
744 1954 766 1978 a

99 1994 142 2022 ιιι(
167 1999 195 2022 s,
219 1988 255 2022 in
275 1999 319 2021 ιιι.
346 1987 436 2023 Flor.
453 1987 498 2022 U.
523 1987 586 2022 καὶ
606 1986 653 2023 ov’
673 2001 766 2034 προ·

97 2032 262 2068 σαπτέον
297 2030 426 2068 αὐτῶν
472 2030 517 2068 ὅν
554 2036 766 2079 πολεμικοῖς

98 2077 260 2124 ἄνδρασι
294 2080 451 2114 additum
481 2081 629 2125 legitur,
673 2083 765 2127 quod

97 2127 278 2160 Bekkerus
309 2131 346 2160 et
391 2126 636 2162 Stallbaumius
676 2128 764 2162 reci-

96 2172 266 2230 piendum
286 2183 354 2206 non
387 2177 562 2218 putarunt.
624 2174 766 2209 Scilicet

96 2218 180 2252 illud
203 2217 269 2252 wocl-
291 2218 326 2252 in
350 2219 428 2253 Par.
451 2219 491 2252 D.
519 2224 599 2254 ante
622 2217 763 2265 βαναυ-

98 2274 160 2299 σοι
197 2264 362 2298 insertum
401 2265 581 2311 requirere
617 2267 763 2302 alterum

97 2311 227 2361 aliquid
249 2310 440 2345 videbatur.

145 2401 234 2447 καὶ]
265 2400 341 2435 Καὶ
364 2402 444 2436 Bas.
470 2403 527 2437 ab.
558 2403 762 2448 Stephanus.

98 2448 215 2483 Etiam
239 2447 377 2482 Ficinus
401 2449 555 2483 Socratis
584 2461 765 2505 personam

99 2495 134 2530 h.
158 2495 181 2528 l.
204 2494 402 2551 interponit,
426 2494 549 2529 deinde
571 2507 634 2540 pro
659 2495 762 2541 φέρε,

97 2541 146 2585 ἡν
165 2537 198 2575 δ’
217 2537 307 2584 ἐγώ,
333 2553 402 2586 age
426 2542 544 2586 itaque
565 2546 762 2599 pergentem

97 2559 194 2622 flacit.
244 2587 316 2620 Sed
338 2587 402 2620 hoc
431 2587 542 2632 ipsum
571 2589 619 2631 ην
638 2585 670 2621 δ
692 2585 762 2632 ἐγώ

97 2633 134 2667 in
178 2633 419 2668 distribuendis
457 2634 614 2678 partibus
653 2635 762 2680 sequi,

97 2690 201 2724 porro
221 2679 399 2714 incitatum
417 2679 605 2714 Glauconis
627 2692 761 2716 cursum

97 2737 163 2759 non
187 2725 303 2760 subito
332 2725 501 2767 inhibere,
535 2727 596 2760 sed
627 2729 760 2772 paulla-

98 2771 158 2806 tim
182 2783 366 2814 revocare,
400 2771 549 2818 denique
581 2774 759 2808 Socratem

828 939 894 962 ιιοιι
918 928 993 962 sine
1017 939 1139 963 caussa
1167 926 1292 962 iterum
1323 937 1410 972 pene
1433 925 1494 960 de—

826 979 1022 1019 sperantem
1061 974 1096 1008 in
1130 985 1268 1009 scenam
1302 973 1494 1019 producere

826 1021 998 1055 debemus.

876 1064 945 1111 i'r’]
972 1066 1024 1101 ἔτι
1052 1067 1139 1101 Lob.

872 1113 971 1158 τῶν]
997 1125 1034 1147 τε
1058 1114 1159 1148 Vind.
1182 1113 1227 1148 F.

872 1179 1160 1226 κεχωρισμένον]
1202 1180 1491 1226 κεχωρισμένων,

828 1239 902 1272 sup.
929 1240 993 1270 ov,
1019 1229 1095 1262 Par.
1123 1228 1167 1262 D.

871 1272 1018 1317 πάντα]
1043 1275 1165 1308 ταῦτα
1189 1274 1283 1309 Flor.
1307 1275 1352 1307 Τ.

871 1333 907 1354 τι
925 1318 1108 1366 λάβωμεν]
1128 1321 1164 1355 τί
1183 1318 1376 1366 λάβωμενς
1398 1320 1491 1354 Μοιι.

826 1367 866 1400 B
875 1409 995 1467 Οἷον]
1023 1409 1104 1446 οἷον
1128 1412 1203 1447 Ald.
1228 1412 1350 1457 Steph.

870 1456 1018 1514 τέχναι]
1046 1471 1110 1492 om.
1138 1459 1224 1492 Lob.
1249 1460 1328 1494 Vat.
1356 1458 1407 1494 M.

842 1552 854 1564 Ἰ
869 1501 909 1538 ἐν
929 1503 1107 1550 πρώτοις]
1134 1509 1212 1550 post
1235 1501 1376 1549 ἀνάγκη
1389 1503 1490 1538 Vind.

823 1552 1112 1643 Β’.μανθάνεινῄ
1138 1596 1370 1642 μανθάνεινς
1394 1597 1490 1633 Μοιι.

870 1690 1012 1731 Ποῖον,·
1026 1690 1039 1734 ]
1089 1689 1200 1734 Vulgo
1252 1687 1306 1725 Τὸ
1354 1690 1490 1731 ποῖον,-

821 1748 888 1781 quo
924 1746 1027 1780 quum
1058 1735 1093 1769 in
1126 1736 1281 1780 proximo
1322 1747 1406 1770 usus
1443 1736 1490 1770 sit

823 1782 969 1823 Glauco,
993 1782 1161 1816 crescenti
1184 1782 1256 1816 eius
1276 1781 1489 1816 admiratio-ni

823 1827 1008 1880 paullulum
1032 1832 1196 1862 mutatam
1211 1829 1395 1862 verborum
1416 1829 1489 1862 for-

821 1886 908 1908 mam
939 1873 1031 1907 satis
1069 1875 1251 1908 convenire
1291 1874 1489 1909 existimans

822 1919 1001 1954 articulum
1023 1921 1207 1955 secundum
1230 1921 1309 1955 Par.
1324 1922 1362 1955 A.
1385 1921 1487 1957 Vind.

822 1966 898 2001 ΒΕ.
924 1967 1014 2000 Mon.
1041 1967 1079 1999 C.
1107 1971 1142 2000 et
1169 1979 1211 2001 m.
1247 1979 1302 2013 pr.
1334 1967 1419 2001 Ven.
1445 1967 1486 2002 B.

822 2012 930 2046 omisi.
979 2012 1035 2045 Cf.
1069 2013 1144 2048 Vol.
1169 2013 1198 2046 I.
1229 2025 1309 2070 pag.
1334 2013 1426 2056 341,
1451 2024 1483 2047 a.

821 2058 916 2092 Infra
937 2070 973 2103 p.
993 2059 1072 2094 527.
1098 2060 1146 2093 C:
1170 2058 1234 2094 καὶ
1250 2057 1322 2115 γὰρ
1344 2057 1392 2093 τοὶ
1414 2056 1487 2093 ποί

821 2116 940 2161 ρεργα
959 2101 1082 2139 αὑτοῦ
1104 2102 1150 2139 ου’
1181 2116 1327 2161 σμικρα.
1361 2106 1486 2147 Ποῖα;

821 2163 843 2195 η
865 2151 885 2185 ὅ
916 2163 968 2190 ος.
1016 2152 1095 2187 530.
1118 2152 1172 2186 Ε.
1195 2149 1304 2207 ῇμεῖς
1323 2149 1363 2187 δε
1381 2150 1486 2207 παρὰ

820 2209 946 2231 παντα
961 2197 1084 2231 ταῦτα
1105 2196 1317 2243 φυλαξομεν
1332 2198 1374 2233 τὸ
1396 2195 1485 2243 ήμέ·

819 2255 940 2287 τερον.
953 2244 1096 2286 Ποῖον,·
1118 2245 1223 2280 Plura
1234 2245 1370 2290 collegit
1379 2245 1488 2280 Hein-

819 2290 951 2324 dorfius
975 2290 1019 2324 ad
1042 2291 1148 2337 Soph.
1173 2292 1207 2336 ἕ.
1229 2292 1285 2327 52.

865 2357 1156 2405 διαγιγνώσκειν]
1179 2357 1390 2404 γιγνώσκειν
1401 2359 1484 2394 Ven.

820 2404 862 2438 B.
887 2416 908 2438 a
931 2415 974 2438 m.
999 2417 1052 2450 pr.
1080 2418 1284 2452 cognoscere
1298 2406 1376 2440 Fic..
1404 2405 1483 2439 δια-

819 2448 1010 2494 γινώσκειν
1040 2452 1143 2487 Vind.
1175 2453 1250 2486 ΒΕ.
1283 2452 1378 2487 Μοιι.
1409 2452 1483 2488 Bc.

822 2497 1032 2541 (Florentini
1055 2502 1092 2532 et
1114 2499 1190 2532 Par
1217 2498 1263 2532 Κ.
1288 2510 1355 2532 sec.
1381 2498 1481 2543 Bip.)

823 2546 860 2577 et
882 2555 957 2577 cum
983 2556 1004 2588 γ
1027 2556 1131 2590 super
1161 2557 1195 2578 ιν
1227 2545 1313 2580 Lob.
1366 2545 1483 2578 Etiam

820 2589 895 2624 Ald.
920 2591 1000 2623 Bas.
1025 2592 1080 2625 ab.
1107 2592 1227 2636 steph.
1251 2591 1315 2625 hoc
1337 2604 1357 2636 γ
1383 2591 1484 2625 omit-v

819 2639 915 2676 tunt3
939 2637 1088 2672 fortasse
1110 2641 1215 2673 reete.
1257 2638 1300 2673 V.
1325 2637 1369 2672 ad
1386 2637 1426 2672 L.
1439 2639 1481 2672 V.

818 2694 853 2728 p.
879 2681 959 2717 472.
978 2683 1017 2716 A.

864 2726 979 2773 λέγω]
1016 2727 1120 2773 Λέγω
1145 2729 1267 2775 Steph.
1290 2729 1481 2775 anteposito

817 2780 954 2819 puncto.

1018 480 1127 527 Οἷον
1155 486 1288 526 τοῦτο
1319 482 1367 526 τὸ
1398 498 1493 526 κοι-
1525 489 1562 532 G
