1807 3219
413 184 753 227 CIVITAS
797 183 919 226 LI-B.
949 182 1003 223 V.
1033 184 1159 246 453-

1402 185 1460 225 65

73 311 188 351 ματα
215 292 359 351 μόνον
389 297 531 340 οἰκεῖα
558 296 898 354 νομοθετήσεις,
927 295 958 352 ἢ
986 294 1060 339 καὶ
1082 293 1159 344 τὰς
1177 293 1352 349 πράξεις
1372 292 1458 338 πά-

74 374 154 414 σας
183 363 293 407 κατὰ
320 362 374 407 τὰ
401 362 598 421 ὀνόματα
626 364 852 421 πράττειν,
894 365 994 419 περί
1035 379 1080 407 τε
1119 362 1224 414 τοὺς
1253 363 1455 418 πατέρας,
1480 374 1519 415 Ι)

73 431 158 475 ὅσα
188 431 323 488 νόμος
351 433 453 486 περὶ
482 434 673 490 πατέρας
703 436 858 484 αἰδοῦς
885 449 930 477 τε
959 432 1059 485 πὲρι
1098 431 1171 475 καὶ
1201 433 1461 487 κηδεμονίας

71 500 145 543 καὶ
175 504 258 544 τοῦ
285 497 488 557 ὑπήκοον
518 504 612 546 δεῖν
657 501 768 546 εἶναι
807 506 896 545 τῶν
932 501 1123 556 γονέων,
1162 497 1190 555 ἢ
1219 499 1323 555 μήτε
1351 498 1461 555 πρὸς

70 573 191 612 θεῶν
228 569 336 625 μήτε
371 571 481 626 πρός
511 570 766 627 ἀνθρώπων
797 569 917 626 αὐτῷ
948 567 1128 624 ἄμεινον
1159 568 1361 620 ἔσεσθαι,
1400 566 1460 621 ὥς

74 635 175 680 οὕτε
206 636 307 681 ὅσια
339 638 440 683 οὔτε
472 642 620 685 δίκαια
650 638 924 693 πράττοντος
953 637 1030 690 ἂν,
1065 638 1101 680 εἰ
1131 635 1240 680 ἄλλα
1259 637 1457 692 πράττοι,

69 703 100 760 ἢ
127 709 292 757 ταῦτας
331 702 462 752 αὗταί
491 721 590 758 σοι,
638 707 668 765 ἢ
707 707 836 751 ἄλλαι
867 709 1009 762 φῆμαι
1046 705 1088 757 ἐξ
1127 703 1333 748 ἁπάντων
1369 709 1459 750 τῶν

69 777 260 818 πολιτῶν
286 773 563 834 ὑμνήσουσιν
591 775 731 828 εὐθύς
761 776 859 832 περὶ
888 774 941 818 τὰ
968 777 1059 817 τῶν
1080 776 1253 819 παίδων
1278 769 1367 819 ὦτα
1387 775 1460 819 καὶ

67 920 179 967 τέρας
208 924 256 959 nil
289 924 404 967 aliud,
449 925 516 960 nisi
549 926 736 960 Stobaeum

68 980 108 1003 τε
150 981 212 1015 pro
257 982 297 1015 γε
341 971 468 1006 nabere
504 973 734 1008 subscribens,

69 1015 110 1049 Iu
134 1017 237 1050 tertia
269 1015 406 1051 tandem
439 1018 475 1052 in
507 1019 646 1063 vulgata
676 1030 735 1052 ac-

69 1062 212 1105 quievit.
261 1063 316 1098 Cf.
353 1063 428 1098 Vol.
454 1064 480 1098 Ι.
513 1076 546 1117 p.
583 1066 670 1107 167,
702 1077 733 1099 a.

71 1107 287 1152 Quamquam
309 1110 342 1143 h.
367 1109 389 1144 l.
414 1121 456 1142 ne
480 1111 638 1144 omissum
656 1111 733 1156 qui-

70 1153 146 1187 dem
171 1154 313 1188 alterum
345 1155 448 1194 illud,
482 1159 613 1189 tantum
635 1157 734 1202 paul-

68 1198 176 1244 lisper
199 1201 341 1234 dilatum
364 1205 400 1234 et
422 1202 458 1235 in
480 1202 548 1235 fine
571 1203 735 1236 sermonis

69 1246 215 1289 positum
242 1250 313 1280 est:
346 1245 412 1281 καὶ
444 1259 529 1292 περι
560 1248 638 1282 τῶν
672 1244 734 1282 ἅλ-

69 1292 142 1324 λων
166 1292 361 1348 ξυγγενῶν.

115 1335 245 1383 νόμος]
275 1335 294 1373 ὁ
314 1336 429 1382 νόμος
453 1338 555 1375 Vind.
579 1339 623 1374 F.
647 1339 734 1384 Ang.

67 1383 110 1418 B.
136 1384 232 1418 Flor.
256 1385 300 1420 R.

113 1450 304 1498 πατέρας]
319 1451 465 1499 πατέρα
489 1455 586 1489 Stob.
611 1453 731 1488 Trinc.

67 1498 135 1532 Hic
158 1500 250 1533 locus
283 1501 484 1534 obversatus
514 1501 649 1535 videtur
673 1512 735 1534 au-

67 1545 155 1578 ctori
190 1545 308 1579 scholii
342 1547 533 1580 victoriani
566 1547 608 1580 ad
633 1547 734 1580 Hom.

66 1590 109 1624 Il.
144 1591 291 1626 XXIIII.
323 1593 420 1627 371:
467 1605 530 1626 και
576 1590 735 1626 Πλάτων

66 1635 197 1676 κοινὰς
221 1634 318 1670 εἶναι
351 1636 421 1678 τὰς
453 1641 634 1694 γυναῖκας
657 1636 734 1672 ἐκέ-

66 1683 212 1738 λευσεν,
260 1679 363 1723 ὅπως
397 1683 434 1718 οἱ
466 1683 636 1730 γέροντες
678 1696 731 1725 ως

65 1726 224 1772 πατέρες
247 1730 439 1772 τιμῶνται.

111 1776 175 1819 τε]
202 1786 246 1818 με
270 1777 352 1810 Bas.
376 1777 411 1810 b.

113 1820 201 1865 πέρι
223 1820 309 1867 καὶ]
337 1821 422 1866 περὶ
445 1822 546 1858 Vind.
570 1822 615 1858 Ε.

113 1888 292 1934 καὶτοῦ]
337 1889 400 1924 καὶ
432 1888 474 1924 τὸ
510 1891 596 1926 Lob.
629 1890 732 1927 Vind.

67 1936 208 1970 BDEF.
233 1937 325 1971 Mon.
348 1938 390 1971 B.
413 1937 494 1971 Par.
518 1937 560 1972 D.
586 1939 673 1982 Ang.
690 1939 733 1972 B.

68 1983 149 2018 Vat.
172 1982 256 2017 HM.
292 1982 385 2017 Flor.
410 1983 619 2018 ACRTUV.
643 1984 733 2028 quod

67 2029 184 2062 nescio
217 2040 261 2062 an
292 2040 334 2061 ex
362 2028 484 2071 eodem
506 2030 600 2063 fonte
622 2029 733 2063 fluxe-

67 2074 126 2116 rit,
152 2086 195 2108 ex
217 2086 284 2120 quo
305 2075 508 2109 Cornarium
531 2087 634 2120 supra
652 2087 733 2109 con—

67 2120 235 2154 iecturam
263 2121 418 2154 hausisse
450 2121 606 2155 vidimus.
662 2121 734 2156 Sed

67 2166 112 2200 ob
135 2166 170 2200 id
193 2167 305 2210 ipsum
326 2167 575 2212 reprobandum
600 2170 653 2201 est
675 2166 733 2209 τὸ,

67 2223 111 2245 ue
136 2212 328 2246 obedientia
363 2225 447 2257 erga
477 2217 637 2258 parentes
671 2226 731 2258 pa-

68 2257 178 2291 tribus
202 2258 326 2303 opponi
359 2261 394 2292 et
426 2259 568 2292 alterum
599 2260 732 2293 il'orlun

67 2303 137 2336 dici
159 2303 339 2345 videatur,
375 2304 467 2338 circa
490 2316 576 2349 quae
600 2305 733 2339 versari

68 2349 194 2382 debeat
216 2349 338 2403 pietas.
375 2349 465 2383 Nam
488 2350 664 2394 quominus
687 2351 732 2385 ad

67 2392 332 2438 νομοθετήσεις
364 2394 428 2428 hoc
460 2397 648 2439 referatur,
690 2407 730 2432 τε

68 2444 150 2486 post
170 2440 256 2485 περὶ
279 2441 434 2486 impedit.

114 2486 220 2531 δεῖν]
249 2486 308 2521 δεῖ
332 2487 430 2522 Vind.
456 2487 498 2522 Ε.

116 2551 284 2599 γονέων]
308 2555 477 2599 γοναίων
492 2555 597 2592 idem

116 2620 221 2671 αὐτῷ
247 2619 419 2667 ἄμεινον]
465 2620 592 2658 αὐτῶν
627 2622 730 2668 ἀμεί-

69 2681 174 2709 νονες
217 2671 316 2707 Stob
380 2669 451 2703 Sed
496 2671 531 2704 in
577 2672 732 2715 margine

70 2717 178 2750 Gesn.
223 2716 397 2761 vulgatum
444 2718 587 2759 exstat,
641 2717 733 2762 quod

71 2762 289 2816 Gaisfordius
313 2761 454 2818 recepit.

71 2852 96 2886 S
117 2803 204 2889 ὁξια
227 2803 316 2842 οὕτε
340 2806 490 2852 δίκαια]
524 2807 558 2842 δ.
583 2803 671 2843 ου’τε
697 2821 734 2844 o.

100 2855 134 2888 to

170 2890 374 2954 Pnndms
404 2913 478 2953 ΟΡ.
508 2912 581 2953 ΙΙ.

839 922 1090 969 πράττοντος]
1112 922 1346 968 πράττοντας
1355 923 1458 959 Vind.

791 971 837 1005 F.
861 971 956 1005 Flor.
980 972 1057 1006 RT.
1082 974 1118 1004 et
1149 975 1229 1004 ante
1252 982 1339 1005 corr.
1364 971 1457 1004 Mon.

792 1017 832 1050 Β.
880 1016 1051 1049 Pluralem
1081 1017 1222 1050 Ficinus
1256 1028 1390 1060 quoque
1422 1020 1458 1050 et

791 1063 847 1096 hic
880 1066 914 1096 et
947 1063 1058 1107 paullo
1094 1066 1170 1107 post
1200 1063 1375 1096 adhibuit:
1400 1069 1458 1097 ut·—

788 1115 872 1153 pote
896 1110 953 1153 qui
982 1121 1089 1153 neque
1121 1115 1244 1142 sancta
1275 1121 1381 1153 neque
1403 1110 1457 1142 ιἰι-

790 1161 848 1190 sta
871 1160 1009 1200 agant,
1036 1157 1066 1189 si
1090 1161 1211 1190 contra
1227 1157 1391 1197 fecerint.

835 1223 1002 1267 ταῦτας]
1047 1223 1180 1258 ταῦτα.
1226 1223 1299 1258 Ald.
1333 1223 1454 1268 Steph.

790 1270 849 1312 qui
873 1270 975 1303 etiam
1000 1281 1103 1314 supra
1120 1269 1160 1303 C.
1177 1273 1257 1315 post
1276 1268 1357 1303 εἰπέ
1378 1273 1455 1304 tan-

789 1318 861 1348 tum
885 1327 1014 1349 comma
1036 1316 1161 1360 posuit.

836 1375 963 1427 αὔταί]
991 1380 1106 1418 αὐταί
1128 1385 1214 1419 Ven.
1227 1384 1266 1419 C.
1283 1384 1364 1419 Par.
1375 1384 1453 1419 ΒΚ.

790 1429 871 1464 Vat.
896 1430 941 1463 H.
964 1430 996 1462 Γ
979 1430 1061 1464 lou
1088 1430 1163 1464 CT.
1198 1442 1272 1463 cum
1296 1430 1454 1465 editioni-

790 1474 855 1508 bus
879 1479 958 1508 ante
986 1476 1074 1509 Astii
1105 1488 1174 1510 sec.
1202 1477 1267 1522 qui
1303 1477 1454 1511 Stobaeo

790 1521 877 1554 duce
900 1533 980 1554 usus
1005 1526 1070 1555 est.
1115 1521 1138 1566 ἠ
1165 1522 1279 1556 αὗται
1306 1526 1389 1565 Ana.
1412 1524 1453 1557 B.

789 1566 814 1610 ή
842 1564 937 1612 αὐτή
964 1568 1056 1602 Flor.
1081 1568 1125 1602 R.
1173 1564 1200 1613 ἢ
1230 1565 1328 1612 αὐτή
1353 1570 1454 1605 Vind.

839 1659 921 1704 σοι]
958 1671 1022 1693 om.
1048 1661 1134 1704 Ang.
1158 1660 1199 1694 Β.
1243 1661 1279 1694 in
1302 1661 1369 1695 hac
1392 1666 1456 1695 tua

788 1706 932 1740 civitate
959 1706 1037 1739 Fic.

834 1748 871 1792 ἐξ
897 1748 1096 1806 ἁπάντων]
1124 1749 1228 1794 ἐξαπ.
1248 1751 1350 1788 Ἲίιιᾶ.
1375 1752 1416 1788 F.

836 1794 1077 1841 νμνήσουσιν]
1107 1811 1171 1832 om.
1196 1800 1281 1833 Ven.
1305 1799 1347 1833 B.
1372 1810 1452 1832 am.

732 1863 735 1867 -
788 1854 841 1888 pr.
889 1843 968 1877 Non
1006 1855 1089 1888 opus
1123 1847 1199 1885 est,
1245 1847 1284 1877 ut
1320 1841 1453 1888 νμνεῖν

788 1889 1005 1924 intransitive
1023 1901 1136 1932 sensu,
1160 1890 1281 1924 nedum
1302 1891 1452 1935 passivo,

789 1935 937 1988 positum
968 1938 1167 1970 statuamus.
1216 1935 1339 1980 φῆμαι
1371 1937 1451 1970 illae

789 1981 935 2016 omnium
958 1992 1000 2014 ex
1023 1993 1082 2015 ore
1105 1982 1228 2017 civium
1248 1983 1452 2026 prodeuntes

789 2039 910 2060 canere
938 2027 1106 2061 dicuntur.
1143 2028 1198 2062 Cf.
1218 2029 1304 2072 Leg.
1327 2028 1368 2063 L.
1388 2028 1451 2064 XI.

789 2085 822 2118 p.
841 2074 922 2108 927.
947 2074 995 2107 A.
1020 2071 1206 2108 πιστεύειν
1229 2085 1267 2109 τε
1285 2076 1370 2114 ταῖς
1387 2070 1451 2108 &Ze

789 2121 869 2158 λαις
919 2116 1063 2173 φήμαις
1107 2131 1226 2164 χρεων
1271 2120 1356 2178 περὶ
1401 2119 1451 2155 τὰ

787 2165 949 2199 τοιαῦτα
969 2161 1069 2198 ου’τω
1084 2168 1257 2201 πολλαῖσι
1278 2165 1342 2200 καὶ
1359 2164 1451 2220 σφό-

789 2211 862 2254 δρα
885 2212 1062 2255 παλαιαῖς
1086 2207 1240 2256 οὔσαις,
1265 2222 1452 2247 πιστευειν

787 2255 829 2292 δ’
870 2256 918 2291 αὐ
961 2255 1033 2310 ζιαὶ
1077 2260 1158 2297 τοῖς
1204 2258 1452 2302 νομοθετοῦσι

786 2300 907 2338 ταῦθ’
932 2299 1051 2342 ου’τως
1076 2301 1179 2347 ἔχειν.
1219 2305 1345 2349 Neque
1367 2317 1450 2339 vero

789 2350 921 2384 Critiae
955 2350 1050 2383 locus
1107 2351 1219 2385 .118.
1249 2351 1301 2384 B:
1335 2362 1383 2384 τα
1408 2347 1449 2385 δὲ

787 2394 874 2438 περὶ
913 2392 1032 2429 αυτὸν
1073 2394 1143 2450 ὁρη
1178 2394 1265 2431 τότε
1279 2391 1448 2453 νμνεῖτο

787 2442 936 2497 πλῆθος
958 2440 1020 2474 καὶ
1048 2439 1206 2484 μέγεθος
1229 2439 1293 2476 καὶ
1314 2440 1449 2484 κάλλος

787 2499 892 2543 παρα
918 2499 1042 2520 παντα
1065 2499 1112 2521 τα
1136 2487 1207 2522 νῦν
1232 2484 1326 2522 ὄντα
1347 2499 1448 2544 γεγο-

787 2531 905 2575 νέναι,
923 2533 1017 2567 cuius
1040 2533 1165 2567 vitiosa
1178 2533 1357 2568 lectione
1338 2532 1449 2578 ν’μνει

788 2578 832 2614 τὸ
859 2581 917 2613 πλ.
942 2579 1059 2612 Asicius
1082 2579 1118 2612 in
1148 2590 1218 2614 sec.
1242 2580 1294 2614 ed.
1317 2582 1362 2615 ad
1385 2592 1448 2615 no-

787 2629 896 2660 stium
940 2624 1175 2658 illustrandum
1211 2637 1292 2660 usus
1323 2627 1452 2670 fuerat,

786 2672 912 2723 iteum}
944 2670 1093 2715 profeni
1126 2670 1273 2706 debebat
1295 2683 1316 2706 a
1339 2672 1450 2707 Stall-

786 2716 933 2752 baumio.

832 2760 917 2817 περὶ
940 2757 1003 2805 τὰ]
1028 2760 1113 2804 περί
1132 2772 1174 2795 τε
1191 2761 1345 2798 Vind.1).
1366 2762 1452 2808 περί

789 2819 828 2843 τε
847 2805 895 2842 τὰ
919 2807 1006 2841 Lob.
1030 2807 1131 2843 Vind.
1154 2808 1197 2844 Β.
1215 2809 1300 2845 Vat.
1319 2810 1368 2845 M.

836 2854 932 2898 τῶν]
958 2865 1024 2888 om.
1049 2853 1130 2889 vat.
1152 2854 1197 2890 H.

1225 2911 1260 2953 E
