1807 3219
423 177 760 224 CIVITAS
803 176 927 220 LIB.
954 175 1011 218 V.
1039 176 1108 217 467
1166 244 1169 245 ⁷

1415 182 1472 222 79

85 291 280 352 πολέμῳ,
325 289 467 349 οἶμαι,
507 292 642 348 ἔφην,
679 292 818 348 δῆλον
864 289 919 335 ὃν
955 287 1125 344 τρόπον
1162 287 1471 346 πολεμήσουσι.
1501 296 1537 338 E

88 364 221 411 Hc593
252 355 283 417 ἦ
314 359 360 404 δ’
397 359 458 412 ὅς.

508 360 608 404 ι’Ότι
640 364 773 417 κοινῇ
813 358 1155 413 στρατεύσονται
1183 359 1257 401 καὶ
1287 357 1398 413 πρός
1428 374 1477 415 γε

87 428 243 481 ἄξουσι
279 432 369 472 τῶν
416 429 590 472 παίδων
627 430 687 480 εἰς
730 427 811 472 τὸν
849 427 1042 483 πόλεμον
1087 426 1186 470 ὅσοι
1229 425 1380 482 ἁδροὶ,
1422 425 1475 470 ἵν’

85 496 234 552 ὥσπερ
265 492 319 541 οἵ
335 501 424 540 τῶν
454 495 600 541 ἄλλων
631 499 913 554 δημιουργῶν
941 498 1134 538 θεῶνται
1162 498 1323 548 ταῦτα,
1356 494 1384 539 ὁὶ
1411 511 1478 540 τε-

83 568 325 617 λεωθέντας
365 564 505 622 δεήσει
546 568 849 622 δημιουργεῖν·
890 563 1003 617 πρὸς
1036 563 1082 606 δὲ
1119 567 1173 620 τῇ
1212 563 1296 629 θέᾳ
1328 566 1478 608 διακο-

81 639 177 678 νεῖν
204 634 278 677 aaz
306 632 537 691 ὑπηρετεῖν
565 635 709 678 πάντα
740 633 793 677 τοὶ
830 633 928 689 περὶ
964 632 1045 676 τόν
1075 632 1270 688 πόλεμον
1294 634 1368 677 καὶ
1397 639 1475 678 θε-
1499 644 1568 680 467

82 701 292 758 ραπεύειν
329 703 518 758 πατέρας
555 719 600 746 τε
643 704 716 747 καὶ
755 702 951 759 μητέρας.

1013 699 1042 756 ἢ
1074 698 1156 744 οὐκ
1197 700 1391 759 ᾔσθησαι
1420 701 1473 747 τοὶ

79 773 179 827 περὶ
209 789 286 824 τας
321 771 496 827 τέχνας,
540 770 638 816 οἷον
667 771 772 822 τοὺς
810 775 900 814 τῶν
939 770 1165 826 κεραμέων
1201 772 1384 822 παῖδας,
1415 786 1476 822 ως

79 839 224 884 πολύν
278 839 441 896 χρόνον
491 842 804 891 διακονοῦντες
843 843 1068 894 θεωροῦσι
1115 839 1220 894 πρὶν
1261 836 1476 882 ἅπτεσθαι

81 912 163 952 τοῦ
192 908 469 964 κεραμεύειν,
505 911 588 952 Καὶ
617 908 744 964 μάλα.

789 905 851 951 ςΗ
879 910 963 952 οὐν
993 908 1176 958 ἐκείνοις
1209 906 1474 962 ἐπιμελέστε-

82 993 164 1032 ρον
196 977 473 1030 παιδευτέον,
513 977 541 1035 ἢ
571 983 665 1029 τοῖς
696 977 855 1033 φύλαξι
887 975 995 1028 τούς
1030 974 1178 1020 αὑτων
1206 975 1406 1032 εμπειρία
1429 990 1475 1019 τε

128 1101 203 1147 εἰς]
231 1099 289 1147 ἐκ,
317 1115 336 1137 e
361 1114 449 1137 corr.
474 1100 534 1155 ἒσ,
558 1102 653 1138 Μοῐι.
677 1103 717 1139 Β.

27 1196 30 1200 Α
129 1167 262 1215 ἁδροὶ]
291 1169 403 1214 οἷδροὶ
426 1171 529 1206 Vind.
551 1172 657 1207 BDE.
684 1168 748 1206 οἷν-

81 1216 201 1261 δρεῖοι
224 1218 318 1269 Mon.
340 1219 382 1251 B.
406 1217 500 1254 Flor.
525 1219 570 1253 U.

128 1283 201 1331 ἵν’]
230 1285 292 1320 ἵνα
312 1286 409 1322 Flor.
433 1286 478 1329 U.
504 1286 507 1289 ’

126 1353 188 1399 οἱ]
213 1368 278 1390 om.
303 1355 404 1392 Vind.
427 1355 502 1391 DF.

126 1423 388 1469 δημιουργῶν]
414 1424 634 1471 δημιουργοὶ
659 1425 746 1461 Lob.

76 1469 670 1552 l53⁷÷1²rgd.b·l?·D.Vat.B='i‹l.Ven.

123 1584 268 1630 ταῦτα]
298 1590 444 1631 patrum
477 1598 617 1621 suorum
640 1598 747 1632 opera

76 1630 151 1667 Fic.

124 1700 412 1759 δημιουργεῖν]ι
435 1701 552 1735 Astius
577 1713 620 1735 ex
642 1713 746 1756 prae-

77 1757 197 1792 gresso
238 1746 300 1781 ινα
339 1747 607 1782 coniunctionem
651 1743 746 1782 ὥστε

77 1793 200 1847 repeti
224 1792 366 1835 iubens,
413 1805 434 1826 a
463 1805 530 1838 qua
563 1799 747 1840 sequentes

77 1838 239 1872 infinitivi
263 1839 445 1883 pendeant,
468 1851 532 1884 pro
557 1840 630 1874 colo
655 1852 746 1874 com-

77 1896 133 1919 ma
156 1884 290 1929 posuit3
321 1896 410 1930 quae
444 1886 533 1920 ratio
567 1897 678 1932 neque
702 1887 745 1920 ad

78 1931 273 1965 mutandam
304 1930 610 1976 interpunctionem
642 1932 746 1976 valet,

77 1988 147 2021 qua
188 1981 303 2010 tamen
343 1978 528 2032 cavendum
572 1983 668 2020 erat,
703 1991 746 2012 ne

79 2023 268 2058 διακονεῖν
291 2026 327 2056 et
352 2019 551 2068 υπηρετεῖν
585 2025 629 2059 ad
663 2023 746 2079 δεή-

78 2079 135 2104 σει
157 2070 391 2111 referrentur,
413 2082 524 2115 neque
540 2083 622 2105 vero
638 2072 745 2105 omni-

78 2127 123 2149 no
146 2115 332 2160 probabilis
356 2120 422 2157 est,
447 2128 550 2161 quum
571 2117 743 2151 consilium

78 2161 215 2207 potius,
246 2173 347 2207 quam
380 2162 540 2197 effectum
574 2164 638 2197 hoc
669 2164 742 2198 loco

79 2207 336 2251 significandum
359 2214 461 2243 esset.
487 2209 617 2244 Contra
636 2210 745 2244 Stall-

77 2252 232 2287 baumius
241 2252 424 2288 infinitivos
441 2266 503 2299 per
516 2267 622 2299 genus
635 2256 744 2301 quod-

79 2299 158 2333 dam
188 2299 405 2333 attractionis
437 2313 457 2334 e
490 2301 644 2346 proximo
679 2303 743 2346 δη-

77 2346 267 2389 μιουργεῖν
311 2345 473 2389 originem
506 2347 633 2381 ducere
671 2353 746 2382 sta-

77 2396 178 2425 tuens
201 2390 303 2424 nihilo
334 2392 443 2425 minus
476 2392 571 2426 colon
593 2393 743 2439 reliquit,

78 2448 142 2483 pro
175 2448 252 2490 quo
275 2448 403 2471 comma
434 2439 550 2472 facere
582 2440 744 2483 debebat,

78 2495 122 2518 ne
154 2482 344 2528 proximum
373 2483 458 2518 illud
495 2485 650 2530 exiguam
683 2491 744 2521 aut

78 2529 202 2563 nullam
228 2529 272 2563 ad
295 2529 473 2574 sequentia
495 2531 563 2565 vim
582 2532 743 2567 habuisse

78 2575 264 2609 videretur.
313 2576 390 2620 Ego
436 2576 638 2612 infinitivum
678 2578 741 2624 δη-

77 2624 268 2666 μιουργεῖν
305 2621 370 2655 hoc
413 2625 545 2657 tantum
584 2624 742 2660 effecisse

79 2667 252 2710 arbitror,
286 2672 351 2710 ut,
382 2680 484 2713 quum
517 2669 561 2703 ad
595 2670 740 2715 priorem

80 2713 213 2747 consilii
251 2718 384 2767 partem
422 2714 635 2750 indicandam
678 2716 741 2752 ινα

80 2770 155 2796 cum
190 2760 402 2794 coniunctivo
427 2761 613 2798 adhibitum
636 2767 740 2805 esset,

79 2804 125 2839 ad
169 2805 397 2850 posteriorem
445 2807 629 2843 infinitivus
673 2821 740 2844 non

77 2852 252 2898 tamquam
275 2851 404 2888 alienus
436 2854 480 2889 ab
503 2865 546 2889 ea
568 2854 740 2901 siguifica-

805 1101 899 1136 tione
923 1101 1020 1146 quasi
1048 1113 1111 1146 per
1134 1100 1200 1135 vim
1225 1105 1472 1145 arcesseretur,

805 1149 866 1183 sed
902 1152 1022 1193 utpote
1055 1148 1172 1181 eadem
1210 1149 1386 1193 praeditus
1412 1160 1474 1182 sua

804 1199 926 1250 sponte
974 1206 1051 1227 sese
1098 1195 1252 1228 offerret.
1333 1195 1474 1229 Scilicet

806 1238 939 1282 ἄξουσι
971 1238 1063 1279 τοὺς
1094 1241 1236 1280 παῖδας
1268 1240 1470 1284 διακονεῖν,

805 1287 938 1320 etiamsi
962 1287 1072 1320 nullus
1089 1287 1338 1321 intercessisset
1356 1287 1472 1321 infini—

804 1333 914 1374 tivus‚
959 1338 1074 1366 tamen
1118 1333 1207 1366 idem
1248 1333 1472 1378 significaret,

805 1380 895 1425 quod
936 1374 1111 1422 ἄξουσιν,
1158 1379 1220 1413 ι’να
1255 1380 1470 1423 διακονῶσι,

805 1437 872 1471 qua
903 1425 945 1458 de
977 1437 1016 1458 re
1049 1426 1093 1459 cf.
1127 1425 1298 1460 Matthiae
1329 1438 1470 1470 gramm.

804 1483 838 1516 p.
866 1472 965 1505 1040.
991 1483 1020 1505 c.
1059 1471 1182 1516 Itaque
1206 1472 1248 1505 de
1268 1473 1399 1506 duabus
1419 1473 1471 1506 lo-

803 1517 931 1562 quendi
962 1517 1116 1550 formulis
1156 1529 1227 1551 rem
1258 1519 1470 1553 efficiendam

803 1563 936 1617 pariter
957 1563 1216 1607 designantibus
1249 1565 1358 1598 altera
1390 1577 1472 1599 con-

802 1610 1010 1643 iunctionem
1052 1609 1114 1643 ι’να
1148 1622 1224 1645 cum
1257 1612 1471 1646 coniunctivo

803 1656 933 1690 habens
979 1660 1019 1688 ut
1061 1657 1168 1700 magis
1214 1658 1396 1703 perspicua
1436 1658 1471 1692 in

803 1702 911 1746 primi
944 1706 1042 1747 parte
1075 1703 1211 1746 posita,
1253 1705 1365 1738 altera
1398 1705 1470 1739 solo

803 1747 968 1781 infinitivo
993 1753 1094 1781 utens
1125 1748 1158 1782 in
1192 1750 1376 1794 posteriori
1411 1761 1470 1784 re-

803 1799 905 1839 cepta
929 1799 1002 1836 est,
1040 1806 1141 1839 quum
1163 1795 1378 1830 interiectum
1404 1796 1467 1841 δη-

801 1843 991 1884 μιουργεῖν
1033 1841 1186 1875 mutandi
1222 1843 1386 1877 sermonis
1411 1855 1472 1877 oc·

803 1887 970 1920 casionem
1000 1887 1233 1932 praebuisset.
1280 1889 1383 1923 Nullo
1409 1901 1471 1924 au-

802 1937 871 1966 tem
894 1932 1057 1966 interiore
1091 1938 1127 1967 et
1158 1935 1347 1978 syntactico
1381 1947 1471 1969 nexu

800 1979 890 2012 inter
934 1980 1170 2024 δημιουργεῖν
1204 1986 1240 2015 et
1281 1982 1472 2016 διακονεῖν

801 2025 978 2060 obtinente
1002 2026 1098 2060 colon
1130 2027 1244 2072 aptius
1276 2040 1352 2062 esse
1376 2040 1469 2062 com-

801 2077 891 2105 mate
915 2077 1074 2117 apparet.

846 2138 943 2185 πρὸς
967 2137 1030 2183 δὲ]
1057 2138 1120 2175 καὶ
1144 2139 1241 2186 πρὸς
1263 2141 1351 2177 Lob.
1367 2141 1469 2179 Vind.

799 2186 875 2222 BD.
899 2188 979 2222 Vat.
1003 2187 1052 2222 Μ.
1076 2192 1112 2222 et
1135 2199 1156 2222 a
1178 2200 1222 2223 m.
1247 2199 1276 2224 s.
1294 2188 1335 2224 B.

844 2251 884 2300 ἢ]
909 2249 935 2300 ἦ
957 2256 1051 2291 Flor.
1074 2256 1117 2292 V.
1142 2260 1178 2291 et
1201 2268 1289 2292 corr.
1314 2257 1407 2293 Mon.
1422 2257 1465 2294 B.
1487 2259 1557 2296 467

802 2302 842 2347 (a
865 2314 908 2337 ¹1¹·
932 2314 985 2348 Ps-
1009 2298 1054 2347 ἢ)

845 2365 1034 2427 ᾔσθησαι]
1061 2368 1231 2417 η’σθῆσαι
1254 2373 1354 2409 Vind.
1379 2373 1421 2410 F.

845 2415 917 2461 τὰ]
942 2429 1034 2466 τους
1056 2419 1137 2454 Par.
1160 2420 1205 2455 K.
1229 2431 1299 2455 sec.
1322 2420 1398 2466 Bip.

799 2483 1104 2570 ντὲὶςέῧχνῧς]
1125 2499 1197 2569 Kys
1227 2488 1358 2534 τέχνης
1381 2489 1467 2526 Lob.

832 2544 954 2623 1ῐδῖον]
981 2576 1024 2613 οἷ
1042 2539 1143 2616 ᾅίῒῃό
1168 2581 1213 2616 Ε.

842 2645 1004 2692 χρόνον]
1028 2646 1175 2692 χρόνων
1198 2649 1278 2685 Bas.
1303 2662 1336 2686 a.

842 2694 1045 2738 θεωροῦσι]
1054 2697 1243 2742 fingentes
1249 2702 1370 2742 patres
1388 2708 1466 2743 spe-

797 2744 895 2775 ctant
917 2740 991 2775 Fic.

838 2801 905 2853 5H]
931 2804 958 2852 η’
982 2809 1070 2844 Lob.
1093 2809 1196 2846 Vind.
1220 2810 1327 2846 BDE.

841 2852 994 2901 αυτων]
1028 2867 1092 2892 αν.
1124 2856 1212 2892 Lob.
1236 2857 1336 2895 Vind.
1360 2856 1464 2893 BDF.
