1807 3219
463 151 802 199 CIVITAS
850 152 1058 196 LIB.·V.
1089 154 1154 193 451

1458 158 1514 198 11

127 271 305 325 κράτες,
336 268 440 325 ἔφη,
473 265 552 312 ἐάν
579 283 622 312 τι
651 265 865 322 πάθωμεν
893 265 1136 321 πλημμελὲς
1151 261 1242 310 ὑπὸ
1260 268 1341 310 τοῦ
1362 265 1516 322 λόγου,

61 336 65 345 ’
128 337 312 395 ἀφίεμέν
341 347 389 381 σε
417 335 561 392 ὥσπερ
600 334 750 392 φόνου
785 332 989 388 καθαρόν
1028 332 1142 378 εἶναι
1185 336 1260 378 καὶ
1296 337 1355 392 μὴ
1399 333 1517 380 ἅπα-

127 410 271 450 τειὸνα
299 404 439 463 ἡμῶν.
471 403 581 450 ἀλλὰ
610 403 841 462 θαῤῥήσας
869 403 975 459 λέγε.
1017 401 1138 447 lamo?
1169 403 1341 459 μέντοι,
1377 402 1521 458 εἷπον,

127 473 327 530 καθαρός
354 490 403 530 γε
432 474 506 518 καὶ
536 475 626 518 ἐκεῖ
654 472 678 517 ὁ
711 471 918 527 ἀφεθεὶς,
948 470 1008 524 ὥς
1034 471 1058 516 ὁ
1079 471 1217 529 νόμος
1235 473 1369 529 λέγει·
1404 473 1522 526 εἰκός

129 545 181 588 δὲ
207 559 280 600 γε,
311 544 431 600 εἴπερ
464 543 572 595 ἐκεῖ,
603 539 811 586 κάνθάδε.

127 610 166 667 γ’
180 611 334 655 «ἕνεκα.

862 539 972 596 Λέγε
1002 541 1178 594 τοίνυν,
1219 542 1328 597 ἔφη,
1355 541 1522 586 τούτου

391 611 548 667 Λέγειν
580 610 655 668 δὴ,
688 610 801 667 ἔφην
830 608 938 664 ἐγώ,
969 608 1050 665 χρή
1081 607 1303 654 ἀνάπαλιν
1333 605 1391 655 αὖ
1421 615 1522 666 νῦν,

129 679 158 724 ἅ
187 694 294 725 ποτε
322 679 428 732 ἴσως
457 679 544 724 ἔδει,
581 679 734 737 ἐφεξῆς
772 677 927 735 λέγειν.
967 676 1076 734 τάχα
1096 678 1154 723 ’δὲ
1185 678 1328 733 οὕτως
1359 680 1414 725 ἂν
1444 679 1522 739 ὀρ-
1548 680 1581 723 C

128 804 217 844 cium
243 805 439 852 Stephanus
470 805 505 841 in
528 808 643 840 annot.
676 817 711 851 p.
734 806 793 840 21.

126 851 176 886 ita
199 851 386 896 probabat,
412 855 450 886 ut
474 853 559 886 haec
582 864 644 906 pro
667 851 795 886 ironice

128 898 227 932 dictis
251 899 361 944 accipi
383 909 484 943 posse
507 910 583 932 sen
568 899 662 933 minet.
705 898 794 941 „Vel

129 949 210 980 ante
234 945 274 980 εὐ
294 945 452 1001 ponenda
468 950 522 979 est
537 945 699 990 negativa
712 956 792 990 par—

127 990 233 1024 ticula
270 989 360 1035 οὔκ,
404 989 460 1025 vel
481 991 566 1026 haec
593 997 632 1025 ut
664 991 792 1025 ironice

129 1037 221 1070 dicta
243 1042 322 1071 sunt
346 1037 553 1091 accipienda.
556 1039 581 1056 “
626 1037 706 1071 Non
740 1049 793 1071 me

128 1083 240 1127 fugit,
287 1083 368 1129 quid
399 1083 455 1116 hic
485 1083 615 1117 ironiae
648 1083 793 1117 alienum

128 1129 195 1170 sit,
243 1141 344 1175 quam
376 1141 495 1171 nemo,
525 1129 660 1176 ¹opinor
680 1155 691 1171 ‚
728 1141 795 1163 non

130 1181 342 1220 agnosceret,
367 1176 398 1210 si
421 1176 536 1209 statim
559 1176 654 1209 initio
667 1177 795 1209 Socra—

122 1225 186 1258 tes
207 1233 248 1256 ευ
281 1220 324 1266 γε’
354 1234 398 1266 με
431 1223 655 1266 παραμυθεῖ
685 1222 796 1255 Glau-

131 1267 207 1302 coni
241 1267 485 1312 responderet.
535 1268 594 1301 Sic
637 1268 677 1301 L.
710 1268 795 1301 1111.

129 1325 182 1360 Ρ.
188 1313 268 1349 435.
302 1315 342 1348 C.
375 1314 466 1348 idem
499 1315 550 1353 εἰς
575 1311 724 1357 φαῦλόν
757 1325 796 1357 γε

130 1359 178 1394 αὐ
214 1357 354 1404 σκέμμα
389 1358 677 1404 ἐμπεπτώκαμεν
723 1360 798 1394 sine

129 1406 317 1440 offensione
340 1407 469 1441 ironice
493 1407 599 1448 dixit,
624 1410 660 1440 et
681 1410 799 1440 tamen

130 1452 286 1497 exposita
309 1465 449 1496 caussa,
482 1464 543 1486 cur
567 1433 716 1486 difficilis
740 1453 798 1486 illa

131 1499 301 1549 quaestio
312 1503 424 1540 esset,
453 1499 622 1533 subiicere
646 1499 705 1544 vjx
732 1511 795 1554 po-

130 1545 254 1580 tuisset.
274 1541 370 1580 ὥστε
395 1545 447 1585 εἰς
462 1546 610 1589 φαῦλον
628 1545 675 1579 αὐ
691 1543 796 1589 σκέμ-

130 1602 183 1635 μα
210 1588 516 1636 ἒμπεπτώκαμεν,
550 1593 632 1638 quin
651 1592 798 1626 absurde

131 1637 223 1683 loqui
253 1638 348 1672 visus
381 1643 483 1672 esset.
532 1639 587 1673 Ea
624 1639 712 1672 enim
746 1638 796 1671 vis

132 1688 187 1718 est
211 1685 454 1719 coniunctionis
479 1681 593 1727 ὥστε,
616 1690 656 1719 ut
681 1685 799 1718 effecti

133 1731 419 1777 exspectationem
449 1736 608 1772 moveat,
645 1731 735 1776 quod
770 1730 800 1764 si

134 1782 266 1831 contra,
290 1782 396 1823 atque
413 1789 469 1812 res
493 1790 531 1811 se
551 1778 667 1819 habet,
693 1788 800 1810 enun-

133 1822 263 1865 tiatur,
299 1835 365 1857 non
388 1824 457 1858 iam
480 1824 626 1865 iionice‚
652 1823 712 1857 sed
738 1823 800 1857 ab-

133 1879 216 1903 sone
239 1848 309 1903 d'ici
331 1868 478 1904 videtur.
529 1870 595 1904 Hic
618 1881 702 1903 vero
726 1869 801 1903 voci

135 1927 176 1949 ac
198 1916 466 1960 pronuntiationi
489 1916 625 1969 aliquid
643 1916 798 1949 tribuen-

133 1961 212 1995 dum
235 1965 310 2003 est,
340 1974 408 2008 qua
441 1962 500 1996 ubi
529 1962 672 2008 querula
696 1966 733 1995 et
755 1961 800 1995 ad

134 2007 349 2042 lamentantis
374 2009 507 2042 modum
526 2009 650 2042 leviter
671 2008 800 2042 inflexa

134 2065 231 2087 usum
256 2055 432 2090 Socratem
458 2055 621 2096 finxeris,
646 2066 712 2088 non
736 2054 800 2087 mi-

135 2111 198 2134 nus
222 2100 308 2134 haec
334 2101 478 2135 ferenda
502 2107 537 2135 et
553 2101 756 2146 probanda
747 2113 800 2133 in-

134 2147 279 2190 telliges,
294 2159 394 2192 quam
407 2148 613 2182 Germanica
630 2148 676 2181 du
687 2149 801 2192 giebst

135 2193 201 2226 mir
218 2195 291 2227 also
310 2195 407 2227 einen
425 2195 570 2228 schoncn
587 2195 710 2228 Trost!
746 2194 803 2227 Si-

135 2240 204 2271 mul
226 2239 376 2273 nonnihil
409 2239 543 2274 ridiculi
579 2240 743 2274 accedere
769 2243 804 2273 et

111 2285 350 2337 'Glauconem
397 2297 465 2321 non
510 2291 639 2321 temere
686 2285 803 2320 risisse

137 2336 275 2364 sentles.

138 2388 239 2457 313⁶&
242 2388 315 2456 ‘’⁰2ss
316 2377 407 2457 ''0⁴35ss
416 2378 450 2468 ³27
475 2378 682 2469 ξξῖθῖἑῗῦὲ
702 2378 801 2457 ‘⁷522

138 2470 179 2503 Β.
222 2469 302 2503 Par.
328 2469 370 2504 D.
414 2473 501 2515 Ang.
534 2471 574 2504 B.
617 2471 697 2504 vat.
720 2471 804 2504 HM.

137 2515 231 2549 Flor.
256 2516 361 2550 ACV.
406 2517 614 2560 παραμυθῆ
650 2517 743 2553 Mon.
766 2517 804 2550 Β.

139 2562 349 2616 παραμυθῇ
374 2563 450 2596 Ald.
475 2564 554 2597 Bas.
581 2564 636 2597 ab.
661 2564 782 2608 Steph.

185 2605 362 2652 γελάσας]
399 2607 544 2643 πλάσασ
579 2609 678 2643 Vind.
706 2610 746 2643 F.
785 2621 808 2643 a

140 2665 184 2688 m.
208 2666 259 2698 pr.
285 2667 352 2688 om.
375 2655 448 2689 Fic.

140 2696 291 2781 ΜἌλλ’]
316 2714 383 2738 om.
409 2701 495 2736 Lob.
518 2701 617 2736 Vind.
634 2701 708 2736 BD.
729 2702 809 2737 Vat.

187 2793 240 2836 σε]
265 2802 332 2827 σου
359 2793 436 2828 vat.
462 2793 506 2828 H.

186 2837 384 2884 καθαρὸν]
432 2838 496 2875 καὶ
529 2841 617 2875 καθ.
651 2840 732 2875 Par.
758 2842 812 2874 A.

852 804 932 839 vat.
955 803 1001 838 H.
1035 804 1064 838 F
1066 804 1127 839 lor.
1152 806 1228 841 TV.
1254 807 1287 842 h.
1313 819 1344 842 e.
1370 808 1521 842 absolvi-

850 863 924 885 mus
948 857 983 885 te
1006 853 1114 886 veluti
1138 855 1277 896 caedis,
1309 860 1354 888 >ut
1379 861 1412 889 et
1437 857 1522 889 liber

852 898 893 941 (a
915 898 1032 941 culpa)
1053 911 1159 942 neque
1178 901 1275 934 nobis
1292 902 1439 943 fraudis
1459 914 1525 935 an-

852 949 926 978 ctor
945 945 1001 978 sis.
1027 944 1125 977 Sed
1118 956 1227 990 ipsum
1246 946 1328 980 illud
1351 945 1400 990 μὴ
1423 944 1522 981 ἅπα-

850 990 970 1023 waiva
996 987 1092 1023 εἶναι
1124 992 1167 1025 ab
1204 992 1312 1026 altero
1345 992 1523 1037 καθαρὸν

851 1033 970 1079 εἶναι,
996 1036 1025 1069 si
1049 1037 1112 1069 hoc
1136 1049 1156 1071 a
1176 1035 1300 1081 φόνου
1325 1046 1525 1084 separatur,

851 1083 935 1116 nihil
958 1083 1024 1116 iam
1059 1083 1197 1125 dissert,
1232 1090 1270 1118 ut
1304 1098 1344 1119 ea
1381 1097 1523 1143 separa-

852 1129 946 1162 tione
969 1130 1062 1162 facta
1091 1129 1154 1163 vix
1178 1130 1323 1176 simplici
1346 1131 1429 1174 καὶ,
1463 1144 1526 1165 ne·-

853 1175 932 1208 dum
965 1175 1092 1220 duplici
1125 1176 1218 1209 locus
1263 1177 1319 1210 sit.
1392 1178 1525 1213 Contra.

852 1233 908 1255 vu
901 1221 1014 1264 ¹gatae
1046 1222 1204 1255 lectionis
1229 1234 1349 1257 sensus
1373 1224 1428 1258 hic
1452 1230 1525 1259 est.

856 1269 1061 1301 absolvimus
1094 1273 1128 1302 te
1147 1295 1156 1310 ,
1195 1275 1233 1303 ut
1268 1272 1377 1304 veluti
1394 1273 1529 1312 *caedis

857 1314 1036 1358 (quoniam
1061 1315 1132 1347 eius
1151 1316 1302 1350 criminis
1323 1319 1529 1351 mentionem

847 1361 988 1403 fecisti)
1014 1361 1130 1394 insons
1154 1374 1262 1406 neque
1294 1364 1392 1396 mobis
1420 1366 1530 1406 frau-

857 1407 910 1439 dis
945 1412 1067 1439 auctor
1097 1408 1155 1440 sis.
1227 1408 1327 1448 Quae
1361 1410 1531 1444 sententia

854 1463 938 1485 vera
962 1456 997 1485 et
1021 1453 1205 1497 perspicua
1236 1455 1384 1489 videtur.
1435 1457 1531 1497 Quid

854 1497 995 1531 Ficinus
1020 1499 1171 1542 Ιεςειίῐ,
1190 1512 1232 1533 ex
1258 1501 1330 1534 eius
1351 1502 1530 1547 interpre-

853 1544 986 1578 tatione
1008 1556 1074 1578 non
1107 1546 1190 1579 satis
1216 1554 1380 1592 apparet:
1417 1550 1531 1583 absol-

854 1602 972 1625 vemus
995 1597 1030 1625 te
1054 1593 1149 1626 velut
1182 1594 1224 1626 ab
1250 1595 1459 1637 homicidio,
1495 1600 1529 1630 ct

854 1638 1023 1671 insontem
1048 1639 1084 1671 in
1117 1639 1183 1671 hac
1219 1640 1418 1685 deceptione
1444 1654 1530 1685 pro—

855 1683 1165 1718 nuntiabimus.1n
1191 1685 1288 1719 Vind.
1311 1687 1355 1720 Ε.
1382 1699 1530 1741 sequens

857 1727 920 1762 καὶ
945 1734 1025 1775 post
1050 1727 1145 1764 εἶναι
1166 1731 1257 1765 inter
1289 1744 1411 1767 versus
1443 1733 1531 1779 legi-

856 1780 925 1809 tur.

903 1819 966 1855 και
997 1818 1072 1855 ἐκεῖ
1097 1818 1141 1866 ὁ]
1186 1821 1249 1857 καὶ
1285 1837 1350 1861 om.
1387 1825 1464 1859 Vat.
1488 1825 1530 1860 B.

857 1866 921 1901 καὶ
965 1862 985 1902 ὁ
1019 1865 1094 1902 ἐκεῖ
1128 1869 1227 1903 Vind.
1271 1871 1311 1904 F.
1362 1873 1450 1917 Aug.
1486 1873 1530 1907 B.

857 1913 949 1948 Flor.
976 1917 1015 1948 R.

904 1957 946 1994 δέ
969 1961 1021 2004 γε]
1046 1971 1086 2004 γε
1104 1973 1168 1995 om.
1186 1962 1265 1995 Par.
1280 1961 1325 1997 K.
1345 1966 1380 1996 et
1398 1963 1529 2000 Astius.

903 2004 1101 2050 κάνθάδε]
1139 2005 1269 2041 κᾰνθᾶ
1274 2009 1314 2042 δε
1347 2010 1423 2044 Ald.
1449 2011 1529 2045 Bas.

858 2053 912 2087 ab.
936 2051 1110 2087 κοῖνθεὲδε
1137 2055 1221 2097 Step
1226 2055 1257 2088 h.

903 2089 1061 2155 τουτου]
1085 2100 1155 2133 τοῦ
1181 2067 1282 2133 Vpind.
1308 2100 1348 2135 F.
1374 2102 1462 2144 ΑΗΕ.
1487 2101 1527 2136 Β.

907 2144 979 2190 δὴ]
1006 2143 1046 2180 δὲ
1070 2146 1151 2180 Par.
1175 2149 1218 2180 A.
1244 2147 1324 2180 Vat.
1350 2147 1395 2181 H.
1434 2148 1527 2182 Flor.

859 2192 997 2226 ACTV.

908 2235 934 2272 α’
950 2239 1056 2294 ποτε]
1078 2238 1135 2272 Ita
1154 2250 1226 2273 cum
1245 2238 1417 2283 plerisque
1432 2239 1532 2276 Vind.

860 2285 902 2320 F.
943 2281 972 2318 ἶῖ
997 2283 1083 2318 τότε
1116 2286 1201 2329 Ang.
1237 2285 1275 2318 B.
1324 2286 1415 2319 Flor.
1451 2287 1531 2320 RT.

861 2332 952 2376 quod
977 2331 1155 2364 Bekkerus
1180 2336 1216 2365 et
1240 2335 1318 2375 post
1337 2332 1532 2366 Bekkerum

862 2378 979 2411 Astius
998 2381 1033 2411 et
1052 2378 1296 2411 Stallbaumius
1311 2383 1532 2432 ...receperunt

862 2424 961 2458 Ferri
985 2428 1101 2468 posset
1135 2422 1242 2467 τότε,
1291 2424 1322 2457 si
1355 2430 1469 2458 celtus
1498 2425 1535 2458 in

863 2470 1098 2515 superioribus
1120 2471 1215 2504 locus
1241 2474 1352 2512 esset,
1377 2483 1443 2516 quo
1464 2473 1532 2505 So-

865 2523 978 2550 crates
1012 2517 1097 2550 haec
1131 2516 1291 2560 deinceps
1326 2517 1447 2562 exponi
1473 2518 1535 2551 de-

865 2563 982 2597 buisse
1003 2563 1143 2598 diceret.
1190 2562 1298 2607 Atqui
1320 2569 1482 2608 poterant
1499 2567 1536 2598 et

864 2609 952 2642 libro
985 2609 1110 2651 tertio,
1156 2608 1213 2642 ubi
1255 2609 1297 2642 de
1332 2610 1535 2643 educatione

865 2655 1065 2697 custodum,
1097 2659 1133 2689 et
1156 2654 1270 2699 paullo
1295 2660 1373 2699 post
1396 2656 1534 2690 initium

865 2702 1001 2747 quarti,
1048 2701 1107 2735 ubi
1148 2702 1192 2734 de
1234 2713 1374 2736 munere
1417 2713 1534 2736 eorum

866 2759 975 2783 sermo
1001 2751 1118 2789 esset,
1140 2747 1322 2783 inserenda
1347 2748 1454 2783 fuisse
1478 2748 1532 2781 vi-

867 2794 950 2827 deri.
998 2794 1122 2839 Itaque
1145 2792 1322 2839 aptissima
1346 2799 1399 2829 est
1422 2794 1533 2839 parti-

868 2840 942 2875 cula
964 2839 1162 2883 indefinita,
1198 2851 1299 2886 quam
1332 2852 1399 2876 non
1430 2840 1532 2875 omit-
