1807 3219
445 150 786 195 CIVITAS
830 147 1038 192 LIB.V.
1068 150 1136 187 477
1416 150 1502 192 123

111 264 258 316 οὐδεὶς
299 262 421 325 αὐτῷ
460 263 657 321 φθόνος,
693 263 791 309 ἀλλ’
825 263 1005 320 ἅσμενοι
1046 261 1103 306 ἄν
1140 263 1314 343 ἴδοιμεν
1355 261 1504 305 εἰδότα

109 351 177 379 τι·
218 332 314 378 ἀλλ’
345 331 453 391 ἡμῖν
482 334 575 377 εἰπὲ
604 332 727 378 τόδε·
770 333 794 377 ὁ
825 330 1086 390 γιγνώσκων
1122 329 1355 387 γιγνώσκει
1384 330 1444 383 τὶ,
1474 328 1504 386 ἢ

110 402 271 458 ου’δένς
312 401 366 447 σύ
396 403 480 446 οὐν
498 419 584 484 μοι
613 402 724 457 ὑπὲρ
765 402 937 446 ἐκείνου
977 399 1239 455 ἀποκρίνου.
1294 398 1505 455 Ἀποκρι-

109 476 305 529 νοῦμαι,
341 471 451 528 ἔφη,
494 469 563 514 ὅτι
598 469 833 527 γιγνώσκει
869 471 924 513 τί.
986 466 1188 522 Πότερον
1226 466 1303 522 ὂν,
1351 467 1382 524 ἢ
1423 484 1508 512 ουκ

110 539 190 592 ὅπη
229 540 335 583 ''Ov
376 542 468 590 πῶς
497 539 580 595 γὰρ
613 538 670 583 ἄν
701 537 759 595 μὴ
791 537 844 582 ὅν
873 536 921 594 γέ
951 554 993 581 τι
1023 537 1270 593 γνωσθείη,·
1329 534 1508 588 Ἱκανῶς
1533 550 1601 586 477

112 603 197 653 οὖν
226 612 359 653 τοῦτο
394 607 569 664 ε’χομεν,
614 606 700 652 κᾶν
740 609 777 651 εἰ
806 610 1028 663 πλεοναχῆ
1057 611 1320 662 σκοποῖμεν,
1362 606 1430 650 ὅτι
1460 607 1512 650 τὸ

111 678 192 734 μὲν
220 679 444 727 παντελως
473 675 526 720 ὃν
560 679 784 728 παντελῶς
811 675 1035 732 γνωστὸν,
1076 674 1136 733 μὴ
1168 674 1223 719 ὂν
1254 675 1300 719 δὲ
1330 677 1511 732 μηδαμῇ

110 743 253 803 πάντη
282 744 530 802 αγνωστον,
556 744 834 790 Ἱκανῶτατα.
894 742 1027 788 Εἶεν·
1061 746 1097 791 εἰ
1130 744 1177 793 δὲ,
1207 743 1260 804 δή
1291 761 1331 789 τι
1364 743 1511 796 οὕτως

115 815 223 872 ἔχει,
275 813 337 866 ὦς
375 812 489 858 εἷναί
529 831 574 859 τε
607 815 684 859 καὶ
723 814 782 873 μὴ
814 812 951 866 εἶναι,
997 829 1052 858 ου
1086 812 1245 871 μεταξὺ
1279 812 1337 857 ἂν
1365 814 1511 857 κέοιτο

113 887 196 928 τοῦ
225 884 472 937 εἷλικρινῶς
501 882 631 936 ὄντος
659 884 734 930 καὶ
770 887 854 929 τοῦ
895 885 954 928 αὐ
989 884 1173 940 μηδαμῇ
1214 879 1366 934 ὄντος,
1415 885 1513 926 Με-

117 1042 260 1088 ρονσαν
293 1029 440 1090 ταύτην
463 1033 533 1090 τῆς
560 1030 634 1089 πρὸ
664 1030 785 1089 αὐτῆς

117 1076 370 1136 ποιησάμενος
393 1077 471 1138 τὴν
501 1077 693 1137 ἐρώτησιν.
736 1076 785 1114 ου’

116 1123 190 1182 γὰρ
211 1121 284 1172 ἂν,
310 1126 345 1160 εἰ
363 1123 406 1160 τὸ
427 1124 464 1160 τὶ
482 1126 545 1160 καὶ
564 1125 606 1161 τὸ
635 1123 679 1161 ο“ν
695 1123 786 1161 ταῦ-

117 1169 187 1208 τὸν
209 1166 278 1230 ἦν,
304 1170 367 1206 καὶ
385 1170 428 1206 τὸ
451 1169 564 1212 οιῖδὲν
582 1172 646 1207 καὶ
666 1170 710 1208 τὸ
735 1170 787 1217 μὴ

120 1213 185 1262 ὂν,
214 1215 286 1273 εἶχε
311 1215 427 1276 λόγον
449 1215 613 1276 ἐρωτᾷν,
641 1219 676 1253 εἰ
701 1216 720 1253 ὁ
753 1218 790 1253 τὶ

117 1261 330 1320 γιγνώσκων
354 1277 376 1309 η
408 1276 452 1298 ον
474 1259 510 1310 ἢ
519 1264 569 1310 μὴ
593 1262 636 1300 ὃν
662 1263 790 1323 γιγνώ-

119 1321 206 1346 σκει.
232 1307 374 1346 ταῦτον
393 1308 465 1355 γὰρ
484 1311 532 1355 ἠν
557 1312 678 1346 ταῦτα
698 1310 788 1367 ἐρω-

117 1357 189 1405 τᾷν
208 1356 272 1392 καὶ
291 1357 327 1391 εἰ
346 1353 366 1392 ὁ
386 1356 422 1391 τὶ
437 1369 646 1415 γιγνωσκων
658 1356 789 1412 γιγνώ-

119 1414 197 1438 σκει
217 1402 274 1448 τὶ,
299 1399 324 1449 ἢ
351 1400 488 1439 οὕδεν·
517 1417 540 1439 α
563 1403 609 1450 δὴ
634 1402 790 1445 πάντως

119 1445 257 1484 ἄτοπα.

129 1529 131 1533 ,
165 1498 254 1541 μοι]
267 1498 348 1551 μοῖ
367 1497 450 1532 Bas.
472 1498 507 1532 b.

164 1540 367 1588 γιγνώσκει]
394 1544 792 1601 ycv.Vind.DE.1>10n.

118 1589 162 1623 B.
193 1589 270 1623 Ald.
303 1591 385 1625 Bas.
415 1592 470 1626 ab.
518 1587 565 1626 ου’
601 1588 793 1636 γιγνώσκει

120 1635 208 1670 Lob.
234 1635 335 1672 Vind.
361 1638 402 1671 B.
429 1638 508 1672 Vat.
534 1638 607 1675 M.
719 1659 723 1666 ν

170 1677 241 1737 όν]
268 1678 315 1717 ον1
343 1684 426 1719 Bas.
451 1695 483 1718 a.

165 1725 240 1763 ov’n
259 1724 326 1771 ὄν·
341 1725 438 1768 '‘Ov-
448 1730 460 1774 ]
488 1727 559 1767 οὔκ
579 1725 624 1764 ὃν
640 1730 729 1766 Par.
749 1730 796 1766 K.

123 1771 194 1809 ov'n
223 1755 392 1810 1'2'v.Leb.
428 1776 532 1811 vind.
558 1777 599 1810 Β.
636 1777 717 1810 Vat.
744 1777 793 1810 M.

125 1817 196 1855 οὐκ
215 1833 282 1855 ονε
307 1822 406 1856 vind.
432 1822 476 1856 D.

55 1868 141 1904 477
173 1862 220 1902 ὅν
246 1864 309 1913 γε’]
335 1863 382 1903 ὄν
403 1866 444 1904 τέ
480 1867 580 1903 Vind.
606 1868 649 1903 E.
686 1880 733 1903 ον
755 1867 795 1913 γε’

125 1913 203 1951 A1d.
227 1914 310 1948 Bas.
335 1926 368 1950 a.

175 1953 270 2017 οὖν]
298 1956 346 1994 ἂν
372 1961 472 1995 vind.
496 1961 540 1996 D.
563 1974 632 1997 om
656 1962 734 1997 Fic.
774 1971 776 1973 '

130 2002 245 2088 Cfne'Zv
267 2007 302 2041 εἰ
310 2007 322 2052 ]
348 2009 378 2042 εἰ
393 2008 436 2041 F
428 2020 470 2041 10
494 2008 622 2044 'Immo
638 2009 798 2045 etiamsi.

210 2051 350 2099 p.473.
375 2054 417 2088 A.
442 2059 477 2088 et
500 2066 591 2100 quae
614 2054 662 2088 ibi
691 2054 796 2089 adno-

128 2053 233 2134 gvi-p
259 2100 403 2135 Senslun
427 2101 492 2135 loci
514 2101 650 2134 minime
673 2102 798 2136 obscu-

129 2156 206 2180 rum
227 2146 316 2180 bene
348 2147 538 2182 declaravit
569 2147 798 2181 Schleierma-

130 2191 270 2227 charus:
316 2193 433 2228 Astius
473 2197 511 2228 et
554 2193 799 2228 Stallbaumius

131 2238 226 2271 caeci
249 2239 399 2272 fuer-unt.
659 2281 661 2283 ι

176 2285 386 2329 πλεοναχῆ]
419 2285 620 2330 πλειοναχῆ
648 2285 732 2322 Ven.
754 2286 799 2321 Β.

131 2331 215 2364 Vat.
239 2331 283 2364 H.
310 2331 404 2364 Flor.
425 2331 531 2366 ACV.

180 2378 393 2420 σκοποῖμεν]
420 2377 650 2420 σκοποῦμεν
657 2379 743 2414 Ven.
759 2380 802 2413 B.

132 2423 214 2457 Par.
234 2423 280 2458 K.
303 2434 372 2457 sec.
391 2423 468 2468 Bip.
495 2424 687 2467 σκοπωμεν
700 2425 802 2460 Vind.

134 2470 176 2504 Β.
203 2473 240 2503 et
264 2481 339 2504 cum
364 2471 405 2504 οῖ
427 2481 533 2525 super
554 2482 583 2503 ω
607 2471 650 2504 D.

180 2515 372 2555 παντελῶς
400 2513 588 2561 γνωστὸν]
614 2517 802 2558 παντελῶς

135 2573 202 2597 om.
230 2562 331 2597 vind.
354 2562 398 2596 Ε.

181 2607 367 2654 μηδαμῇ]
414 2604 565 2652 μηδαμῆ
612 2608 714 2644 Vind·
754 2609 799 2644 F·

135 2655 305 2699 (μηδαμῆ
331 2654 415 2688 editi
438 2659 517 2689 ante
537 2655 665 2700 Bekk.)

184 2698 396 2745 ἅγνωστονς
406 2702 419 2745 ]
466 2711 667 2746 αγνωστον.
716 2701 803 2737 editi

137 2751 218 2782 ante
239 2747 328 2781 Astii
355 2759 424 2781 sec.

183 2788 430 2839 Ἱκανώτατα]
469 2791 675 2831 ἱκανότατα
707 2795 800 2831 Mon.

138 2838 180 2873 B.
204 2839 279 2874 Ald.
303 2841 385 2875 Bas.
411 2841 466 2876 ab.

888 1028 1025 1089 Εἶεν]
1030 1044 1097 1067 om.
1121 1031 1196 1066 Fic.

890 1077 986 1136 ε’χει]
1014 1076 1105 1122 ἔχεις
1129 1080 1210 1113 Bas.
1237 1078 1274 1113 b.
1405 1103 1407 1105 .

892 1122 940 1165 ἂν
980 1123 1103 1159 κέοιτο
1134 1144 1182 1151 -—-
1218 1121 1412 1170 Μεταξύ.]
1447 1135 1514 1160 om.

846 1172 946 1206 Vind.
971 1163 1014 1205 Ε.

893 1217 1125 1262 εἰλικρινῶς]
1173 1217 1232 1252 Ita
1272 1217 1372 1251 Vind.
1407 1216 1516 1253 BDF.

847 1265 942 1300 Mon.
970 1266 1011 1299 B.
1035 1265 1111 1298 Ald.
1137 1263 1360 1308 εἰλικρινοῦς
1379 1264 1457 1297 Par.
1471 1263 1517 1296 K.

845 1324 915 1346 sec.
941 1311 1051 1345 Bekk.
1093 1310 1299 1355 εἰλικρινῶς
1324 1310 1519 1346 ΒοῢῃΒοε.

848 1359 902 1392 ab.
938 1358 1061 1402 Steph.
1093 1362 1129 1392 et
1161 1358 1390 1400 recentiores,
1429 1356 1520 1389 inter

848 1416 935 1450 quos
949 1405 1129 1439 Bekkerus
1152 1404 1195 1438 de
1219 1416 1342 1450 aspero
1367 1404 1403 1437 in
1416 1403 1518 1438 Vind.

847 1452 888 1485 B.
923 1451 1018 1485 Mon.
1048 1452 1089 1485 B.
1122 1451 1154 1485 h.
1187 1451 1210 1485 l.
1244 1455 1279 1484 et
1310 1463 1345 1495 p.
1370 1450 1449 1486 478.
1474 1450 1518 1484 D.

848 1498 892 1532 E.
922 1498 1003 1532 479.
1028 1496 1070 1530 D.
1106 1496 1199 1531 VHI.
1234 1498 1313 1532 549.
1340 1497 1380 1530 Β.
1417 1503 1453 1530 et
1482 1497 1520 1531 in

849 1544 946 1580 Mon.
968 1545 1008 1577 B.
1035 1543 1153 1588 (Lob.
1192 1544 1292 1578 Vind.
1316 1544 1381 1588 F.)
1426 1543 1520 1578 Tim.

850 1603 885 1636 p.
911 1591 966 1625 45.
993 1590 1031 1624 B.
1059 1590 1241 1635 conspicuo
1260 1594 1379 1624 tacens
1402 1602 1445 1624 ne
1463 1601 1520 1624 re-

851 1638 1019 1682 liquorum
1054 1637 1188 1682 quidem
1218 1637 1372 1670 codicum
1400 1637 1520 1670 hacte-

851 1695 915 1717 nus
938 1684 1104 1717 rationem
1136 1683 1173 1716 in
1196 1683 1248 1716 his
1272 1684 1521 1727 posterioribus

851 1730 949 1764 libris
971 1730 1110 1763 videtur
1134 1730 1305 1764 habuisse.
1331 1729 1420 1762 Alibi
1445 1730 1522 1775 qui-

852 1777 930 1811 dem
953 1777 1074 1810 habuit
1098 1780 1132 1809 et
1157 1776 1273 1821 Symp.
1299 1787 1344 1820 p.
1370 1778 1450 1810 211.
1475 1776 1521 1810 Ε.

854 1820 1076 1867 εἱλικρινὲς”
1067 1834 1101 1856 m
1129 1822 1323 1867 plerisque,
1348 1822 1521 1856 Phaedon.

851 1881 886 1914 p.
912 1871 967 1905 66.
992 1869 1032 1903 Α.
1063 1871 1101 1904 1..
1120 1868 1309 1924 ειλικρινεῖ
1331 1868 1366 1901 in
1389 1868 1468 1903 Par.
1491 1869 1522 1904 Ι.

851 1917 897 1949 ib.
934 1919 967 1951 2.
1011 1912 1202 1959 εἱλικρινες
1248 1915 1281 1948 in
1321 1915 1525 1957 Clarkiano,

852 1962 984 1996 Phileb.
1012 1974 1046 2007 p.
1069 1963 1127 1997 53.
1152 1963 1193 1997 A.
1218 1966 1255 1995 et
1277 1962 1334 1996 59.
1361 1962 1415 1996 C.
1430 1961 1525 1995 idem

851 2009 888 2043 in
912 2009 1016 2042 Coisl.
1042 2008 1209 2053 scriptum
1234 2019 1308 2041 esse
1332 2008 1524 2050 adnotavit,

854 2055 977 2101 quibus
1002 2054 1156 2088 omnibus
1187 2054 1272 2088 locis
1308 2054 1411 2088 etiam
1435 2054 1524 2088 Lob.

855 2105 890 2136 et
914 2101 1022 2135 altero
1045 2101 1240 2135 Phaedonis
1256 2100 1352 2134 Flor.
1374 2101 1402 2135 Ι.
1423 2112 1523 2145 aspe-

854 2160 929 2182 rum
952 2148 1066 2181 habet.
1113 2147 1183 2181 Sed
1218 2147 1307 2180 Lob.
1343 2152 1526 2191 praeterea

854 2194 1027 2228 Phaedon.
1049 2195 1104 2228 81.
1123 2194 1162 2227 Β.
1185 2192 1374 2236 εἰλικρινῆ,
1402 2194 1524 2238 Symp.

856 2243 934 2276 181.
963 2240 1004 2273 O.
1038 2239 1263 2284 εἰλικρινῶς,
1308 2239 1439 2274 Phileb.
1467 2242 1524 2275 29.

856 2288 897 2322 B.
923 2284 1112 2330 εἱλικρινὲς
1135 2287 1294 2329 exhibet,
1330 2285 1470 2328 mirum,
1498 2286 1528 2320 si

857 2333 950 2368 sohls
975 2338 1012 2366 et
1036 2334 1078 2367 ab
1103 2333 1279 2374 omnibus,
1307 2343 1393 2377 quos
1418 2332 1454 2365 in
1474 2333 1528 2367 hzs

858 2379 1005 2423 dialogis
1036 2380 1277 2424 mult01quam
1303 2378 1339 2411 in
1376 2378 1528 2413 Civitate

857 2425 1086 2471 praestantior
1109 2425 1196 2459 liber
1236 2424 1376 2458 comites
1400 2425 1528 2460 habere

858 2472 965 2512 solet,
999 2472 1202 2514 derelictus,
1250 2472 1341 2516 quod
1373 2472 1530 2506 Bekkeri

858 2522 895 2552 et
935 2518 1152 2552 Stanaumii
1198 2517 1332 2551 silentio
1379 2519 1528 2551 nondum

858 2565 972 2598 credo.
1021 2565 1175 2606 Tamen,
1200 2575 1244 2597 ne
1267 2564 1347 2609 quid
1369 2564 1528 2598 dissimu-

856 2611 944 2653 lem,
968 2610 1140 2644 Phaedon.
1163 2622 1197 2655 p.
1219 2612 1280 2645 67.
1305 2611 1346 2644 A.
1370 2610 1473 2644 etiam
1493 2611 1529 2645 in

857 2657 935 2698 ino,
971 2661 1006 2690 et
1030 2656 1124 2690 Tim.
1158 2668 1191 2701 p.
1217 2657 1272 2692 45.
1298 2656 1347 2691 B„
1363 2656 1399 2690 in
1423 2658 1526 2691 vind.

860 2702 1138 2737 CCCXXXVII.
1174 2701 1364 2747 εἰλικρινὲς
1389 2703 1529 2747 legitur,

858 2753 898 2783 ut
919 2749 1022 2793 vulgo
1046 2749 1186 2784 Axioch.
1221 2761 1255 2795 p.
1280 2751 1360 2785 370.
1387 2750 1427 2783 C.
1454 2750 1527 2785 Xe·-

858 2796 970 2885 ffipssp
990 2795 1527 2878 Qffi..{'.¹.¹¹.·1.⁵;ffiffi.1iff¹ffiz
