1807 3219
286 125 370 165 152

739 120 1221 164 PLATONIS

289 232 358 277 Σὺ
389 231 435 276 δέ
464 247 532 286 γε,
574 230 683 288 ἔφη,
721 228 866 286 οἶμαι,
906 231 991 276 οὐκ
1021 234 1181 285 εἴωθας
1212 230 1266 277 δι’
1297 230 1483 277 εἰκόνων
1520 232 1675 288 λέγειν.

287 298 418 352 Εἶεν,
449 297 596 343 εἶπον·

651 299 863 351 σκωπτεις
903 299 1181 358 ἐμβεβληκώς
1218 317 1271 357 με
1301 302 1362 352 εἰς
1389 300 1526 356 λόγον
1557 300 1675 344 οὕτω

196 389 265 423 488
289 368 660 418 δυσαπόδεικτονς
700 367 835 412 άκουε
866 367 912 411 δ’
944 371 1028 412 οὐν
1057 374 1132 426 τῆς
1159 369 1358 450 εἰκόνος,
1398 368 1452 412 ἴ’ν
1484 369 1544 412 ε’τι
1572 373 1677 424 μᾶλ-

286 443 367 481 λον
395 439 517 493 ἰ’δῃς,
565 454 625 488 ως
662 438 874 492 γλίσχρως
913 436 1078 490 εἰκάζω.
1124 436 1240 480 οὕτω
1278 437 1363 493 γὰρ
1404 437 1591 493 χαλεπὸν
1631 438 1681 480 τὰ

287 505 432 556 πάθος
460 509 550 548 τῶν
577 503 937 558 ἐπιεικεστάτων,
976 505 1002 550 ὃ
1031 505 1142 560 πρὸς
1171 505 1249 558 τοὶς
1278 505 1424 557 πόλεις
1454 503 1681 548 πεπόνθα-

288 586 382 625 σιν,
414 571 511 618 ιῖίσί
545 571 647 617 οὐδ’
680 572 797 616 ἔστιν
829 574 881 617 ἓν
912 572 1042 617 οὐδὲν
1074 573 1178 618 ἄλλο
1208 579 1417 618 τοιοῦτον
1440 572 1682 625 πεπονθός,

289 640 402 686 ἀλλὰ
450 643 518 686 δεῖ
555 641 603 685 ἐκ
648 645 825 686 πολλῶν
873 640 980 686 aiu}
1024 643 1286 700 ξυναγαγεῖν
1338 642 1567 697 εἰκάζοντα
1608 641 1684 686 καὶ

335 765 379 803 δέ
397 767 456 812 γε]
484 764 523 801 δ’
555 765 643 802 Lob.
674 765 773 801 Vind.
797 766 838 802 B.
873 767 954 802 vat.

289 814 369 848 ΒΜ.
395 815 499 858 (quos
524 816 595 847 tres
618 813 797 847 Bekkerus
821 818 954 847 tantuin

288 872 328 906 γε
353 861 511 894 omittere
534 859 646 914 dicit.)
682 857 760 903 λέγε
784 860 886 894 Vind.
910 860 950 892 F.

325 904 514 961 εἰκόνων]
542 904 701 940 οἰκόνων
726 905 824 941 Vind.
835 907 876 939 F.
903 905 952 939 εἰ-

289 949 402 992 κόνος
424 952 510 985 Ven.
536 952 575 986 B.
608 952 707 985 Vind.
734 952 777 986 Ε.
802 953 881 987 Vat.
906 952 951 985 Η.

287 999 382 1078 glor.
413 999 555 1034 ACTV.
595 1010 661 1044 per
695 999 956 1034 similitudinem

322 1057 355 1078 ιο

336 1086 451 1133 Εἶεν]
477 1102 541 1126 om.
565 1088 640 1123 Fic.

337 1134 539 1180 σκώπτεις]
588 1132 747 1170 σκώπτει
792 1137 879 1170 Ven.
914 1136 957 1170 C.

291 1181 457 1226 σκώπτηι
481 1182 567 1215 Lob.
611 1180 761 1225 σκώπτη
784 1182 886 1218 Vind.
912 1183 954 1218 Β.

290 1230 371 1265 Vat.
395 1229 444 1262 M.
470 1234 527 1269 et,
551 1239 625 1273 sup.
652 1240 723 1271 εις,
748 1229 789 1261 Β.

337 1272 653 1355 δνσὲπόδεικτον]
679 1271 960 1309 δυσαπόδεκτον

290 1323 378 1366 Ang.

201 1374 272 1411 488
340 1367 537 1421 γλίσχρως]
585 1365 735 1411 γλίσχως
768 1366 846 1401 Ald.
885 1365 960 1410 γλί-

295 1424 410 1469 σχρως
429 1412 583 1454 εἰκάζων
595 1419 647 1446 est
656 1409 869 1457 γλιχόμενος
887 1413 958 1447 τοῦ

294 1458 452 1501 εἰκάζειν
478 1460 534 1503 (ut
560 1460 730 1493 Phaedon.
749 1471 788 1517 p.
815 1461 891 1494 117.
917 1460 957 1492 A.

292 1505 510 1562 γλιχόμενος
523 1506 592 1540 τοῦ
612 1506 678 1563 ζῇν
698 1504 761 1539 καὶ
786 1503 959 1549 φειδόμε-

292 1565 359 1593 νος
380 1549 537 1592 ουδενὸς
558 1550 611 1586 ἔτι
631 1549 741 1591 ὄντος
760 1552 799 1585 cl.
827 1552 958 1587 Criton.

294 1611 374 1645 pag
399 1600 455 1634 53.
481 1599 523 1632 Ε.
556 1597 729 1643 γλίσχρως
762 1595 959 1641 ἐπιθυμεῖν

294 1646 379 1691 ζῇν)
405 1645 460 1690 qui
487 1649 585 1678 tanta
610 1645 799 1690 cupiditate
823 1657 961 1690 compa-

293 1692 394 1726 randi
427 1696 584 1731 tenetur,
634 1696 673 1725 ut
704 1703 808 1735 aegre
841 1692 884 1724 ab
919 1702 959 1724 eo

294 1737 406 1772 divelli
440 1749 478 1770 se
510 1737 664 1782 patiatur
700 1749 762 1771 nec
795 1737 888 1781 prius
913 1737 961 1771 si-

294 1784 372 1819 mile
415 1783 585 1825 dimittat,
633 1795 735 1829 quam
776 1795 851 1817 cum
884 1783 960 1829 pul-

294 1830 423 1865 visculo
456 1829 663 1871 excusserit,
697 1829 787 1863 unde
818 1830 878 1871 fit,
921 1833 961 1863 ut

294 1877 351 1911 vel
382 1876 538 1917 ieiunae,
571 1876 695 1918 exiles,
728 1875 829 1909 anxie
853 1888 959 1921 quae-

294 1923 405 1963 sitae,
428 1922 486 1956 vel
508 1922 669 1966 putidae,
691 1923 878 1965 verbosae,
897 1933 958 1956 au-

295 1969 466 2003 dientibus
497 1968 647 2001 taedium
678 1972 835 2001 creantes
869 1980 960 2001 com-

295 2014 493 2067 parationes
528 2015 707 2048 exsistant.
765 2014 820 2048 Cf.
854 2015 960 2058 Wy-t

296 2060 497 2094 tenbachius
531 2060 632 2095 anim.
664 2060 699 2093 in
731 2059 822 2095 Plut.
854 2061 899 2094 T.
932 2061 960 2096 I.

295 2119 333 2153 p.
356 2109 436 2142 269.
460 2118 510 2151 sq.
536 2106 688 2141 Bekkeri
710 2107 829 2142 anecd.
853 2118 889 2153 p.
904 2108 962 2149 32,

298 2155 332 2188 8.
355 2154 437 2194 348,
461 2154 517 2188 32.

345 2197 440 2243 γὰρ]
467 2211 532 2232 om.
556 2198 629 2233 Fic.

345 2244 389 2280 τὸ
409 2243 553 2290 πάθος]
566 2244 695 2284 πάθος
713 2245 792 2278 Par.
803 2245 844 2279 A.
862 2244 964 2280 Vind.

300 2291 344 2327 Ε.
376 2292 457 2327 vat.
485 2292 531 2326 H.
560 2291 658 2326 Flor.
682 2291 791 2325 ACV.
818 2296 854 2325 et
876 2302 897 2325 a
919 2303 964 2325 m.

300 2350 352 2383 pr.
378 2339 464 2374 Ven.
488 2338 528 2373 B.
563 2338 654 2382 quod
685 2337 864 2382 displicere
899 2348 965 2371 non
1021 2338 1053 2372 Ε

299 2385 409 2419 minus
434 2384 558 2425 debet,
584 2395 685 2429 quam
710 2383 738 2417 si
761 2383 886 2417 Latine
911 2383 965 2416 di-

300 2436 400 2464 catur
434 2436 509 2464 tam
539 2431 659 2475 iniqua
687 2431 838 2464 conditio
872 2431 966 2474 opti-

300 2489 433 2511 morum
447 2482 498 2511 est
517 2488 579 2517 ca,
604 2488 672 2521 qua
691 2477 794 2530 apud·
808 2476 967 2509 civitates

301 2529 457 2557 utuntur.
504 2501 619 2567 Atque
642 2525 682 2555 ut
705 2521 814 2577 possit
837 2521 966 2554 articu—

302 2569 356 2602 lus
378 2580 471 2602 mora
493 2568 585 2602 inter
607 2565 770 2612 χαλεπὸν
791 2571 826 2601 et
837 2564 967 2606 πάθος

302 2614 485 2648 interiecta
508 2614 582 2648 sine
615 2613 840 2658 ambiguitate
865 2613 968 2647 omis—

304 2672 364 2694 sus
410 2660 542 2702 videri,
586 2659 867 2705 quemadmodum
916 2663 969 2693 est

304 2707 346 2740 L.
370 2706 436 2740 III.
460 2717 539 2751 pag.
563 2705 643 2742 413.
668 2707 711 2741 Ε.
748 2709 783 2739 et
805 2705 888 2739 locis
921 2705 970 2739 ibi

305 2752 382 2787 Vol.
406 2752 435 2786 I.
461 2764 493 2797 p.
519 2754 598 2787 316.
623 2752 759 2793 citatis,
790 2755 904 2786 tamen
928 2751 971 2785 li-

305 2798 496 2833 brariorum
521 2798 646 2844 potius,
669 2810 771 2844 quam
794 2798 972 2844 scriptoris

1010 767 1218 813 negligentia
1260 768 1419 803 omissum
1466 767 1681 809 crediderim,

1010 815 1213 860 praesertim
1238 827 1340 860 quum
1365 815 1510 848 Faehsio
1534 821 1623 847 teste
1644 814 1680 847 in

1009 861 1164 904 margine
1211 861 1337 894 codicis
1390 861 1506 905 optimi
1553 865 1680 894 exstet.

1010 906 1101 940 Nam
1136 907 1227 951 quod
1258 907 1436 940 Bekkerus
1479 906 1679 951 simpliciter

1011 957 1131 986 narrat
1154 953 1188 986 in
1212 953 1292 987 Par.
1310 955 1351 986 A.
1376 953 1444 996 legi
1466 964 1511 996 γρ
1532 952 1681 995 πλῆθος

1013 999 1096 1051 (plo
1121 996 1266 1052 πάθος)
1299 999 1355 1032 ille
1390 998 1434 1033 τὸ
1465 999 1615 1042 πλῆθος
1644 998 1680 1030 in

1013 1045 1088 1078 eius
1135 1047 1288 1089 margine
1341 1045 1507 1089 scriptum
1555 1046 1679 1078 refert.

1014 1090 1178 1124 Ceterum
1217 1092 1309 1125 infra
1340 1103 1374 1135 p
1401 1092 1481 1126 491.
1516 1091 1555 1124 C.
1592 1093 1681 1124 extr.

1013 1136 1149 1170 eosdem
1174 1138 1308 1171 codices
1339 1137 1419 1172 Par.
1441 1139 1482 1170 A.
1509 1137 1610 1173 Vind.
1636 1136 1681 1170 E.

1012 1183 1093 1216 Vat.
1126 1183 1170 1217 H.
1205 1188 1240 1217 et
1263 1196 1284 1218 a
1318 1191 1361 1218 m.
1385 1195 1437 1228 pr.
1465 1184 1546 1217 Ven.
1571 1184 1613 1217 B.
1646 1182 1682 1215 ἰιι

1013 1232 1132 1273 aperto
1164 1229 1251 1264 vitio
1291 1229 1543 1263 consentientes
1585 1228 1682 1264 vide-

1014 1280 1152 1402 1111}qu
1157 1322 1179 1413 ]1
1196 1317 1290 1378 ‹3qu
1299 1322 1416 1404 νῩῑιὲιι.
1421 1321 1545 1402 F{313131

1061 1379 1106 1402 ου
1205 1381 1275 1402 ουκ
1332 1381 1363 1402 1n
1391 1394 1398 1401 .
1458 1394 1466 1401 .

1060 1433 1103 1471 ἓν
1122 1434 1250 1482 οὐδὲν]
1276 1434 1314 1471 ἐν
1334 1433 1463 1471 οὐδενὶ
1480 1437 1565 1471 Lob.
1588 1437 1688 1472 Vind.

1014 1483 1056 1517 B.
1093 1487 1128 1517 et
1161 1484 1274 1517 addito
1309 1482 1323 1517 ὶ
1357 1485 1468 1518 altera
1500 1483 1690 1528 scriptione

1015 1529 1058 1563 F.
1092 1529 1186 1565 Mon.
1211 1531 1252 1564 B.
1287 1530 1365 1564 vat.
1389 1530 1469 1565 ΒΜ.
1503 1531 1584 1564 Par.
1608 1531 1687 1564 DK.

1017 1579 1053 1610 et
1077 1587 1098 1609 a
1121 1588 1164 1611 m.
1188 1587 1216 1609 s.
1240 1575 1327 1611 Ven.
1354 1576 1395 1611 C.

1065 1617 1177 1666 ἄλλο]
1207 1618 1302 1655 ἄλλω
1333 1622 1433 1657 Vind.
1461 1623 1500 1656 B.
1527 1622 1621 1657 Mon.
1645 1623 1688 1657 B.

1017 1668 1098 1704 Par.
1121 1669 1167 1703 K.
1191 1670 1271 1705 Vat.
1296 1669 1348 1704 M.
1373 1672 1411 1702 et¹
1432 1680 1454 1703 a
1476 1681 1520 1704 m.
1545 1680 1574 1703 s.
1602 1670 1687 1704 Ven.

1062 1760 1263 1805 τοιοῦτον]
1311 1760 1367 1794 Ita
1399 1760 1480 1794 Par.
1515 1761 1557 1794 A.
1601 1760 1689 1794 Lob.

1017 1806 1122 1841 Vind.
1146 1807 1223 1840 EF.
1257 1808 1339 1842 Vat.
1363 1807 1479 1840 BHM.
1505 1807 1589 1841 Ven.
1614 1807 1688 1840 BC.

1017 1854 1103 1897 Ang.
1128 1854 1170 1888 B.
1196 1853 1289 1887 Flor.
1315 1853 1491 1888 ACRTV.
1526 1851 1689 1887 τοιούτω

1015 1900 1095 1933 Par.
1128 1899 1172 1932 K.
1208 1911 1275 1933 sec.
1311 1899 1419 1932 Bekk.
1467 1897 1624 1933 τοιοῦτό
1652 1911 1688 1933 τι

1017 1945 1118 1979 Vind.
1141 1946 1182 1978 B.
1226 1945 1378 1979 τοιοῦτο
1405 1945 1497 1979 Μοιι.
1522 1947 1563 1978 Β.
1588 1946 1684 1979 Flor.

1016 1991 1062 2025 U.
1081 1992 1179 2035 (Par.
1191 1990 1254 2036 D.)
1279 2003 1354 2026 cum
1374 1991 1475 2025 editis
1495 1997 1576 2025 ante
1593 1992 1686 2025 Bek-

1017 2038 1149 2072 kerum.

1064 2104 1289 2149 πεπονθὸς]
1337 2103 1543 2145 πεπονθὼς
1583 2106 1686 2141 Vind.

1019 2153 1064 2187 F.
1088 2150 1218 2191 πάθος
1242 2153 1343 2188 Vind.
1368 2153 1412 2186 Ε.
1459 2153 1500 2186 In
1523 2151 1619 2188 Mon.
1642 2154 1685 2188 B.

1021 2199 1156 2255 punctis
1179 2203 1330 2232 notatum
1355 2202 1419 2232 est.

1069 2241 1185 2288 ἀλλὰ]
1206 2257 1320 2301 quare
1344 2245 1418 2278 Fic.

1068 2291 1147 2336 δεῖ]
1173 2289 1219 2336 δὴ
1247 2291 1346 2325 Vind.
1369 2291 1414 2325 F.
1439 2294 1475 2326 et
1498 2295 1579 2325 ante
1598 2303 1687 2326 corr.

1069 2379 1405 2438 άπολογούμενον]
1452 2379 1687 2439 νπεραπολο-

1021 2427 1204 2474 γούμενον
1237 2430 1336 2464 Vind.
1359 2430 1404 2466 F.
1451 2426 1545 2474 νπὲρ
1577 2427 1685 2463 άπολ.

1022 2478 1110 2520 Ang.
1135 2477 1176 2509 Β.
1224 2475 1367 2509 Ficinus
1390 2477 1497 2510 verba
1521 2473 1687 2516 εἰκάζον-

1023 2534 1070 2556 τα
1099 2534 1162 2555 και
1185 2519 1489 2566 ἀπολογούμενον
1506 2533 1597 2565 υπερ
1620 2519 1687 2556 αὕ-

1022 2568 1098 2602 τῶν
1147 2568 1199 2601 ita
1245 2569 1429 2602 convertit·
1487 2580 1689 2612 comparare

1025 2627 1099 2648 cum
1127 2615 1180 2648 his
1202 2615 1366 2658 denique,
1389 2621 1423 2648 et
1448 2616 1606 2659 cuiusque
1635 2616 1689 2649 ἰη-

1024 2662 1132 2695 vicem
1155 2662 1326 2703 explicare
1351 2662 1534 2696 rationem.

1071 2707 1240 2750 γραφεῖς]
1266 2707 1414 2751 ’γραφῆς
1429 2706 1545 2740 Astius
1568 2706 1602 2740 in
1621 2718 1689 2741 sec.

1028 2755 1064 2786 et
1086 2758 1168 2786 tert.
1197 2753 1250 2786 ed.
1276 2756 1311 2786 et
1335 2753 1538 2794 Bekkems,
1572 2758 1691 2788 contra

1028 2798 1175 2833 codices.
1223 2798 1279 2833 Cf.
1303 2799 1380 2834 Vol.
1404 2799 1432 2832 Ι.
1456 2810 1491 2844 p.
1516 2799 1594 2841 157,
1619 2810 1651 2835 a.
