1807 3219
305 120 390 160 318

766 114 1244 167 PLATONIS

242 230 274 271 C
305 227 504 285 βλέπειν,
531 226 645 283 πρὸς
666 228 713 272 δὲ
731 227 785 272 τὰ
806 227 854 272 ἐν
877 226 1008 276 ὕδασι
1037 227 1328 284 φαντάσματα
1345 229 1447 270 θεῖα
1460 226 1536 271 καὶ
1565 225 1691 278 σκιάς

300 353 431 388 ταῦθα
460 350 500 388 δὲ
529 355 595 388 etc.
643 364 708 387 nec
752 351 967 398 improbasse

301 400 545 434 Stallbaumius
561 399 596 432 in
615 410 683 433 sec.
705 398 853 434 videtur.
877 401 967 444 Ego,

299 457 401 491 quum
426 445 594 490 Stephani
634 445 851 479 coniecturae
874 446 968 480 codi-

300 503 358 525 ces
383 503 497 525 omnes
521 493 760 536 refragentur,
792 491 821 524 si
855 492 969 536 plures

298 538 586 582 praepositionem
636 537 862 578 omitterent,
910 542 970 571 aut

300 584 502 617 inserendae
527 584 660 627 potius,
683 595 784 628 quam
810 583 970 617 omitten—

301 630 366 663 dae
391 641 511 663 caussa
533 629 683 662 librariis
704 629 809 662 fuisse
833 630 970 662 videre-

301 681 381 718 tur,
407 687 483 709 cum
507 675 674 710 VindsF.
699 676 794 709 Flor.
808 676 850 711 R.
878 673 969 709 ἄδυ-

303 721 418 764 ναμία
445 722 662 755 scribendum
694 722 795 766 idque
820 734 895 755 cum
918 723 971 755 in-

302 768 435 802 finitivo
471 766 623 812 βλέπειν
661 768 711 801 sic
743 772 781 801 ut
813 766 971 812 δύναμις

302 825 378 847 cum
413 811 588 848 οἰκεῖσθαι
624 814 664 849 L.
690 814 735 847 II.
767 826 801 859 p.
825 816 905 849 364.
931 815 969 848 B.

304 861 346 895 C.
373 856 483 899 ὄκνος
504 873 577 894 cum
603 857 812 904 ἅπτεσθαι,
839 858 969 905 λέγειν,

304 907 423 940 εἰπεῖν
460 908 501 942 V.
526 908 609 941 450.
631 908 674 940 Ι).
719 908 799 942 473.
823 908 867 941 Ε.
909 909 967 942 Vl.

302 953 383 988 503.
417 953 459 988 Β.
493 956 722 986 constructum
766 958 968 987 statuerem:

302 1011 391 1033 nunc
414 999 587 1041 vulgatam
622 1000 830 1033 retinendam
854 1008 890 1033 et
914 1012 970 1033 se-

302 1046 448 1079 cundum
472 1045 538 1079 Ειι
532 1046 674 1090 ipidem
698 1058 751 1087 eo,
776 1059 841 1091 quo
865 1058 971 1091 supra

303 1092 458 1132 ostendi,
485 1094 583 1124 modo
607 1092 908 1149 interpretandam,
928 1092 969 1125 ad

303 1117 482 1192 sequentia
511 1136 607 1181 πρὸς
641 1137 680 1172 δὲ
709 1137 757 1172 τὰ
787 1136 825 1172 ἐν
858 1135 972 1172 ν’δασι

303 1181 554 1228 φαντάσματα
599 1188 710 1218 autem
765 1186 970 1219 contrarium

302 1230 392 1264 illius
417 1242 491 1264 cum
515 1231 749 1264 imbecillitate
773 1232 970 1265 coniunctae

303 1276 443 1310 visionis
454 1277 679 1321 supplendum
690 1278 856 1318 existimo,
870 1288 971 1322 quam

302 1323 468 1356 rationem
488 1323 818 1357 Schleiermacherus
838 1335 971 1368 quoque

302 1372 442 1402 secutus
466 1373 532 1403 est.
556 1369 740 1403 Transitus
766 1382 785 1403 a
811 1373 972 1403 substan-

299 1415 370 1449 tivo
396 1415 438 1448 ad
476 1415 696 1458 infinitivum,
731 1413 754 1460 ’ἡ
785 1413 972 1454 ἐπάνοὸος

299 1460 363 1495 καὶ
381 1459 549 1506 βλέπειν,
588 1462 714 1495 nullam
747 1462 972 1496 offensionem

300 1508 416 1542 habet.
464 1508 525 1542 Sic
548 1508 638 1541 infra
662 1520 696 1563 p.
714 1508 793 1543 535.
818 1509 866 1542 Β.
893 1509 970 1551 δρι-

298 1551 448 1597 μύτητα
473 1554 533 1588 δεῖ
562 1550 695 1593 αὐτοῖς
719 1552 816 1597 πρὸς
832 1567 878 1588 τα
902 1566 970 1597 μα-

299 1598 458 1644 θήματα
487 1596 667 1654 νπάρχειν
699 1600 763 1635 καὶ
791 1599 839 1645 μὴ
869 1603 971 1644 χαλε-

299 1647 381 1686 πῶς
397 1644 620 1689 μανθάνειν.

347 1691 542 1747 maneam]
591 1690 760 1736 βλέπεινε
792 1692 893 1728 Vind.
926 1692 970 1726 Ε.

307 1737 475 1793 βλέπειν.
493 1739 569 1773 Ald.
594 1739 673 1773 Bas.
695 1740 749 1772 ab.

240 1786 273 1829 C
349 1783 599 1830 φαντάσματα
623 1787 735 1828 θξῖα]
772 1784 839 1818 His
870 1785 973 1827 vulgo

305 1836 453 1886 quatuor
476 1833 583 1865 verba
608 1829 778 1865 ἐνταῦθα
807 1827 846 1864 δὲ
875 1830 972 1875 πρὸς

304 1875 557 1922 φαντάσματα
580 1878 783 1923 interposita
801 1878 971 1921 leguntur,

302 1925 425 1970 quibus
462 1925 612 1969 receptis
646 1923 872 1976 descriptIOni
890 1925 970 1957 vin—

303 1976 436 2005 ctorum
462 1974 497 2003 et
520 1971 698 2004 solutionis
724 1982 838 2003 eorum
864 1969 968 2003 immi-

301 2020 418 2051 scetur
451 2016 578 2062 aliquid
613 2029 655 2050 ex
687 2016 874 2060 disciplinis
897 2028 970 2049 ma-

302 2063 494 2097 thematicis
504 2066 666 2108 petitum3
692 2060 862 2096 ἐνταῦθα
881 2062 969 2096 enim

302 2110 347 2143 ad
382 2110 553 2153 regionem
586 2109 845 2151 intellioibilium
877 2111 970 2142 rese-

302 2155 442 2190 rendum
468 2159 544 2197 est,
572 2167 673 2199 quam
697 2156 803 2199 ipsam
833 2155 971 2189 Socrati

301 2202 407 2236 etiam
431 2213 534 2246 quum
559 2199 634 2235 ἐκεῖ
655 2203 785 2235 diceret
808 2203 972 2235 obversa-

301 2252 372 2282 tam
407 2252 582 2290 statuunt,
625 2248 722 2293 quasi
755 2260 773 2281 e
797 2259 902 2292 specu
927 2248 970 2281 ad

301 2294 406 2328 solem
435 2294 618 2337 productos
650 2301 836 2347 utramque
852 2293 971 2338 regio-

301 2352 379 2375 nem
409 2340 509 2373 simul
546 2340 720 2392 ingressos
762 2339 969 2394 cogitasset3

303 2392 340 2420 et
363 2387 469 2420 verba
498 2386 602 2420 πᾶσα
631 2383 727 2430 αὕτη
751 2382 775 2430 ἡ
802 2398 969 2430 πραγμα-

302 2432 408 2486 τεία]
457 2433 580 2486 quibus
619 2436 732 2465 tamen
764 2434 970 2466 recentiores

303 2479 512 2525 aposiopesis
543 2479 597 2513 vel
621 2478 813 2512 anacoluthi
838 2479 969 2522 signum

301 2525 518 2580 praefigunt,
564 2537 640 2559 cum
675 2525 768 2558 initio
801 2521 824 2568 ἦ
857 2524 898 2559 δέ
928 2536 967 2568 γε

303 2569 409 2610 λύσις
433 2576 500 2605 etc.
524 2571 742 2615 grammatice
773 2572 969 2613 cohaerent,

304 2622 340 2653 et
364 2617 485 2651 solutio
509 2617 567 2651 illa
601 2621 636 2651 et
667 2617 842 2651 conversio
867 2621 903 2651 et
925 2596 969 2651 ad

303 2666 411 2699 solem
436 2664 588 2699 ascensio
622 2667 657 2697 et
678 2663 862 2707 imaginum
884 2663 969 2697 visio

303 2710 438 2756 pariter
461 2721 503 2743 ac
526 2710 684 2744 mathesis
708 2710 796 2743 hanc
817 2709 884 2744 vim
907 2710 969 2743 ha-

304 2758 389 2792 bere
413 2755 554 2796 dicitur,
582 2762 620 2789 ut
643 2756 811 2789 rationem
831 2756 875 2790 ad
891 2756 971 2791 boni

304 2802 418 2838 ideam
441 2801 711 2848 conspiciendmn
728 2802 863 2845 evehat,
879 2802 971 2849 quod

1024 356 1060 387 et
1081 363 1146 407 per
1169 363 1207 386 se
1230 327 1381 407 ineptum
1413 353 1449 384 et
1472 350 1692 405 sequentibus

1023 399 1090 433 illis
1114 395 1237 443 αἷσπερ
1260 396 1346 433 τότε
1365 396 1433 432 τοῦ
1458 393 1695 440 σαφεστάτου

1026 451 1093 480 etc.
1128 445 1334 479 contrarium
1378 446 1442 478 est.
1498 445 1590 477 Tum
1630 454 1696 477 non

1027 497 1193 536 apparet,
1232 503 1300 536 qua
1325 490 1458 524 ratione
1483 490 1698 523 theoremata

1026 537 1265 571 mathematica
1311 533 1562 581 φαντάσματα
1603 537 1695 569 θεῖα

1027 584 1206 624 dicautur,
1230 583 1336 617 multo
1360 584 1469 616 minus
1493 594 1563 627 qua
1587 579 1694 616 εἰδῶ·

1028 632 1101 663 λων
1132 628 1231 663 σκιαὶ
1269 641 1344 663 esse
1379 635 1556 681 negentur.
1605 628 1697 661 Ima-

1027 677 1140 720 ginum
1166 676 1293 709 umbris
1329 676 1390 710 isti
1414 675 1534 708 intenti
1558 675 1697 709 fuerant

1026 723 1060 755 in
1084 733 1191 766 specu
1213 722 1337 755 vincti:
1373 725 1410 755 at
1442 721 1616 765 regionem
1640 720 1693 754 in-

1027 768 1138 813 gressi
1181 767 1432 811 intelligibilem
1486 768 1611 812 quibus
1660 769 1696 800 et

1028 815 1095 858 ipsi
1131 814 1258 847 umbris
1289 814 1441 848 idearum
1473 813 1573 847 initio
1610 825 1694 858 ope-

1026 873 1099 896 ram
1123 860 1224 902 dant,
1257 872 1315 893 eas
1347 860 1376 894 si
1408 871 1485 893 culn
1518 859 1596 893 aliis
1619 870 1694 892 um-

1026 908 1098 940 bris
1131 907 1266 951 longius
1308 918 1329 938 a
1368 906 1514 939 veritate
1552 905 1692 938 remotis

1027 964 1225 998 comparare
1258 952 1365 985 vellet
1394 953 1580 994 Socrates,
1624 962 1693 985 non

1026 1011 1102 1032 cum
1118 999 1185 1032 illis
1206 1009 1404 1042 comparare
1424 998 1586 1039 debebat,
1605 1003 1693 1042 quas

1026 1047 1062 1079 in
1085 1056 1190 1099 specu
1222 1044 1440 1089 contemplati
1462 1046 1598 1085 essent,
1631 1043 1692 1077 sed

1027 1103 1103 1125 cum
1136 1091 1196 1133 iis,
1229 1102 1313 1135 quas
1347 1091 1450 1124 soluti
1485 1091 1518 1123 in
1552 1089 1692 1133 regione

1026 1137 1150 1171 visibili
1173 1138 1279 1170 oculis
1305 1136 1373 1170 luci
1404 1137 1550 1170 nondum
1574 1147 1689 1169 assue-

1025 1185 1128 1218 sactis
1160 1183 1368 1237 inspicerent
1387 1208 1398 1224 ,
1440 1183 1570 1227 quippe
1601 1193 1693 1226 quae

1027 1230 1169 1264 eundem
1203 1230 1237 1262 in
1269 1230 1332 1262 hac
1376 1229 1544 1273 regione,
1589 1239 1693 1272 quem

1027 1277 1239 1310 theoremata
1263 1275 1500 1309 mathematica
1522 1275 1555 1308 in
1582 1275 1693 1310 altera

1026 1323 1137 1356 locum
1160 1325 1328 1355 tenerent.
1354 1321 1599 1365 ltaquerbuius
1623 1320 1693 1354 sal-

1028 1372 1095 1402 tem
1119 1368 1320 1402 incommodi
1342 1367 1471 1403 vitandi
1495 1378 1617 1401 caussa
1641 1366 1691 1401 εἴ·

1029 1415 1129 1448 &coza
1165 1415 1264 1448 aliter
1298 1425 1401 1456 sane,
1446 1425 1550 1459 quam
1582 1413 1696 1458 paullo

1028 1465 1129 1502 ante,
1166 1472 1311 1505 corpora
1355 1460 1432 1504 ipsa
1467 1459 1696 1514 interpretari

1028 1512 1064 1541 et
1088 1512 1253 1540 commate
1277 1510 1356 1551 post
1388 1503 1551 1539 εἰδώλων
1578 1503 1696 1548 σκιὰς,

1027 1554 1117 1619 §uod
1142 1554 1344 1608 Stephanus
1378 1551 1514 1596 posuit,
1558 1556 1697 1587 servato

1041 1599 1266 1655 erticipium
1266 1596 1608 1653 ἅποσκιαζομένας
1653 1597 1696 1632 ad

1028 1636 1134 1684 σκιὰς
1152 1645 1228 1678 τῶν
1253 1641 1374 1679 ὄντων
1398 1646 1528 1678 referre
1562 1648 1599 1677 et
1621 1641 1696 1678 ἕτε-

1031 1703 1098 1736 ρον
1125 1691 1300 1725 τοιοῦτον
1329 1691 1412 1734 φῶς
1441 1701 1560 1724 verum
1583 1692 1696 1724 lumen

1029 1750 1092 1772 seu
1124 1737 1239 1772 ideam
1268 1738 1368 1778 boni,
1404 1748 1493 1782 quae
1517 1748 1593 1770 cum
1623 1737 1697 1770 sole

1029 1789 1229 1838 comparata
1264 1795 1389 1828 reapse
1431 1794 1548 1817 verum
1580 1783 1693 1817 lumen

1028 1831 1101 1872 sit,
1136 1829 1262 1864 dictum
1286 1833 1439 1864 statuere
1465 1829 1636 1863 debebant
1659 1828 1696 1871 ii,

1028 1877 1151 1923 quibus
1178 1877 1444 1910 additamentum
1468 1875 1559 1909 istud
1574 1874 1694 1920 genui-

1026 1935 1105 1957 num
1128 1923 1312 1956 videretur.
1358 1923 1488 1957 Verum
1517 1933 1573 1955 res
1597 1921 1694 1956 salva

1025 1974 1090 2003 est.
1140 1969 1287 2008 Codices
1311 1979 1426 2003 omnes
1446 1979 1514 2001 uno
1538 1968 1623 2004 ven.
1648 1968 1691 2002 Β.

1023 2019 1190 2059 excepto,
1225 2016 1322 2050 cuius
1349 2015 1406 2048 hic
1426 2026 1563 2070 quoque
1584 2013 1692 2048 Aldus

1024 2062 1174 2117 vestigia
1197 2061 1347 2106 pressit,
1380 2061 1489 2094 verba
1519 2057 1691 2094 ἐνταῦθα

1028 2106 1068 2142 δὲ
1098 2106 1194 2152 πρὸς
1226 2104 1477 2151 φαντάσματα
1517 2107 1689 2140 omittunt.

1027 2155 1129 2195 Quae
1151 2154 1182 2188 si
1206 2154 1249 2187 ad
1266 2165 1400 2188 sensum
1418 2153 1612 2186 necessaria
1627 2158 1692 2187 aut

1024 2201 1124 2235 utilia
1171 2205 1230 2234 aut
1273 2199 1419 2244 denique
1457 2210 1524 2233 non
1557 2200 1690 2233 omnino

1025 2247 1144 2292 inepta
1168 2249 1304 2287 essent,
1329 2247 1371 2279 ob
1396 2246 1691 2279 homoeoteleuton

1027 2306 1048 2328 a
1080 2293 1205 2327 ceteris
1238 2272 1397 2337 neglecta
1425 2292 1461 2325 in
1494 2303 1560 2325 uuo
1603 2291 1690 2326 libro

1025 2340 1093 2374 isto
1126 2338 1404 2384 quemadmodum
1444 2337 1510 2371 alia
1544 2337 1691 2372 fideliter

1025 2390 1166 2419 servata
1183 2385 1291 2418 videri
1307 2389 1468 2437 possent,
1493 2395 1596 2428 quum
1609 2396 1691 2418 vero

1025 2433 1067 2466 iis
1093 2445 1122 2465 e
1115 2431 1209 2466 ectis
1233 2431 1344 2465 onmia
1361 2430 1466 2475 plana
1479 2433 1516 2463 et
1531 2430 1690 2474 expedita

1026 2479 1129 2519 fiant,
1154 2477 1229 2522 quis
1253 2489 1319 2510 non
1343 2477 1512 2533 glossema
1536 2488 1578 2509 ex
1602 2478 1689 2510 male

1022 2525 1197 2559 intellecto
1222 2524 1384 2557 adverbio
1407 2520 1484 2556 ἐκεῖ
1503 2523 1559 2555 vel
1582 2523 1690 2555 unde

1022 2571 1109 2604 libet
1152 2570 1330 2604 oriundum
1361 2571 1398 2602 et
1439 2569 1482 2602 de
1521 2568 1690 2601 industria

1024 2616 1316 2652 homoeoteleuton
1338 2617 1465 2650 factum
1498 2616 1688 2669 agnoscat?

1024 2664 1168 2697 Scilicet
1184 2661 1232 2696 τὰ
1252 2659 1291 2696 ἐν
1307 2658 1421 2696 ν’δασι
1439 2658 1688 2705 φαντάσματα

1025 2711 1116 2744 θεῖα
1140 2709 1220 2743 solis
1239 2709 1294 2742 dei
1318 2709 1370 2753 (v.
1396 2708 1436 2741 L.
1464 2707 1523 2742 VI.
1548 2718 1584 2751 p.
1608 2708 1687 2741 508.

1025 2756 1117 2801 A.)
1107 2755 1274 2800 imagines
1306 2755 1342 2789 in
1365 2753 1462 2799 aquis
1485 2753 1688 2798 conspicuae

1025 2807 1130 2846 sunt,
1163 2813 1253 2847 quae
1285 2801 1403 2836 eodem
1426 2799 1561 2835 nomine
1582 2810 1688 2845 supra
