1807 3219
458 152 794 213 CIVITAS
839 152 1077 196 [mvn.
1106 158 1175 193 516

1425 151 1510 191 255

125 272 249 323 φῶς,
290 262 378 322 ἆρα
408 265 507 322 οὐχὶ
537 263 788 309 ὀδυνᾶσθαί
824 281 868 309 τε
897 264 954 308 ἂν
991 265 1067 308 καὶ
1097 263 1358 320 ἀγανακτεῖν
1390 258 1511 304 ἑλκό-

124 353 284 394 μενον,
312 334 386 380 καὶ
415 333 562 390 ἐπειδή
588 332 700 389 πρὸς
729 333 777 378 τὸ
810 336 906 388 φῶς
936 333 1084 386 ἔλθοι,
1117 331 1255 387 αὐγῆς
1285 329 1339 373 ἂν
1361 329 1512 385 ἔχοντα

122 404 177 450 τοὶ
211 403 386 462 ὄμματα
416 401 552 458 μεστοὶ
591 400 707 458 ὁρᾷν
748 400 850 446 οὐδ’
882 401 939 445 ἂν
967 402 1018 445 ἓν
1058 398 1282 444 δύνασθαι
1310 401 1400 441 τῶν
1429 400 1514 440 νῦν

126 473 376 531 λεγομένων
406 469 608 527 ἆληθῶνς
645 469 710 514 Οὐ
737 470 823 526 γάρ
854 469 933 521 ἂν,
964 470 1072 526 ἔφη,
1103 469 1308 524 ἐξαίφνης
1329 482 1389 522 γε.
1421 469 1513 508 Συ-

126 544 308 600 νηθείας
339 539 417 598 δὴ,
461 537 606 596 οἶμαι,
650 537 786 583 δέοιτ’
817 538 894 591 ἂν,
941 540 978 581 εἰ
1008 539 1159 594 μέλλοι
1193 536 1248 580 τὰ
1290 534 1382 578 ἄνω
1412 532 1513 585 &ws-

128 617 260 664 σθαι,
289 610 362 654 καὶ
392 611 570 664 πρῶτον
605 607 685 664 μὲν
713 606 791 660 τὰς
822 606 946 658 σκιὰς
976 605 1032 651 ἂν
1064 607 1202 665 ῥᾷστα
1230 606 1414 661 καθορῷ
1439 602 1515 645 καὶ

127 680 234 737 μετὰ
268 682 399 724 τοῦτο
430 677 478 723 ἐν
505 682 599 728 τοῖς
627 675 762 721 ὕδασι
790 676 845 721 τά
873 692 919 720 τε
957 678 1047 718 τῶν
1076 672 1329 728 ἀνθρώπων
1358 672 1431 715 καὶ
1461 669 1515 714 τοὶ

125 753 215 792 τῶν
244 747 391 792 ἄλλων
421 748 604 798 εἴδωλα,
634 744 907 801 ὕστερονδὲ
937 742 1070 787 αὐτοὶ·
1111 742 1158 786 ἐκ
1187 736 1233 785 δὲ
1264 740 1435 786 τούτων
1464 738 1516 782 τὰ

123 816 172 860 ἐν
193 821 263 876 ’τῷ
293 814 475 874 οὐρανῷ
504 815 580 859 καὶ
609 812 748 858 αὐτὸν
777 812 859 857 τὸν
896 810 1095 868 ου’ρανὸν
1124 810 1299 866 νύκτωρ
1329 809 1384 854 ἂν
1405 810 1517 866 ῥᾷον

171 999 211 1022 τε
237 983 308 1032 ἂν]
333 987 434 1021 Prius
459 1000 525 1022 om.
551 987 630 1023 Vat.
653 987 703 1021 M.
728 998 791 1032 po-

125 1034 252 1068 sterius
285 1034 387 1069 Vind.
412 1035 486 1068 BE.
521 1034 617 1068 Mon.
643 1034 684 1068 C.
709 1035 790 1068 vat.

127 1081 173 1116 H.
198 1081 291 1115 Flor.
319 1081 365 1114 T.
390 1086 538 1114 etam.
562 1092 614 1125 pr.
639 1081 725 1115 Ven.
749 1080 790 1113 B.

175 1146 403 1193 ἓλκόμενον,]
429 1147 646 1194 ἑλκόμενον,·
671 1148 792 1193 Steph.

127 1196 202 1230 Ast.
225 1207 280 1241 pr.
303 1207 372 1229 sec.

59 1267 128 1304 516
176 1260 224 1298 ἂν
247 1261 398 1309 ἔχοντα]
426 1261 792 1307 ἀνέχοντανίῃᾶἜ.

128 1309 261 1355 ἔχοντα
283 1311 374 1355 Aug.
396 1310 437 1346 Β.
461 1310 557 1344 Flor.
579 1309 658 1343 RT.
695 1310 794 1343 Haec

126 1363 165 1392 et
194 1357 272 1398 illa,
308 1368 397 1402 quae
429 1357 519 1390 infra
541 1357 584 1390 E.
617 1357 792 1400 leguntur,

125 1382 272 1438 Proclus⁹
300 1402 466 1461 respexit
482 1402 516 1436 in
540 1401 630 1436 Tim.
655 1413 734 1447 pag.
759 1403 793 1436 6.

127 1453 215 1484 extr.
241 1444 293 1488 ὥς
310 1460 384 1482 που
407 1447 471 1482 καὶ
505 1445 623 1487 αὐτὸς
653 1448 795 1502 εἴρηκεν

127 1508 148 1531 ο
185 1493 390 1546 Σωκράτης
420 1492 461 1529 ἐν
484 1493 679 1542 Πολιτείᾳ,
705 1491 795 1533 τούς

127 1539 168 1578 ἐν
199 1542 296 1596 αυγῇ
329 1541 485 1587 καθαρᾷ
514 1520 796 1584 τεθραμμένους

128 1576 383 1642 ἄμβλυωττειν
425 1576 478 1627 aecss'·
521 1585 566 1621 τὸ
612 1585 795 1644 σπήλαιον

129 1631 368 1688 καταβάντας
399 1630 477 1668 ’ὑπὸ
510 1633 580 1667 τοῦ
606 1630 683 1666 ἐκεῖ
711 1630 795 1667 σκό-

128 1692 246 1736 τους,
266 1675 394 1723 ω’σπερ
422 1678 487 1713 καὶ
512 1677 605 1718 τοὺς
629 1675 795 1735 ἀναβάν-

128 1738 197 1766 τας
229 1723 267 1760 ἐκ
290 1726 360 1760 τοῦ
385 1725 590 1781 σπηλαίου
597 1723 659 1759 διὰ
681 1724 723 1760 τὸ
746 1723 795 1779 μὴ

129 1770 324 1807 δυνασθαί
350 1784 408 1806 πω
430 1771 528 1817 πρὸς
552 1769 595 1807 τὸ
629 1783 712 1816 φως
735 1768 799 1805 οἷν-

131 1821 282 1854 τωπεῖν.

179 1881 306 1921 ουδ’*
282 1898 331 1920 αν
351 1882 418 1931 ἓν]
445 1882 527 1920 οὐδ’
554 1898 602 1919 αν
625 1883 798 1919 Iamblich.

133 1934 208 1968 cod.
233 1934 351 1968 Arcer.
394 1929 475 1966 οὐδ’
498 1928 545 1965 ἂν
565 1930 604 1966 ἐν
627 1931 729 1966 Vind.
754 1932 798 1966 F.

133 1982 221 2024 Ang.
254 1980 295 2014 B.
337 1978 452 2023 (hunc
487 1978 573 2012 enirn
604 1978 800 2032 significare

133 2027 280 2060 voluisse
302 2025 498 2058 Bekkerum
521 2025 693 2069 suspicor,
733 2035 800 2057 non

134 2073 216 2107 Vat.
248 2071 299 2106 M.
333 2083 434 2116 quem
459 2071 665 2127 significat,
703 2075 801 2114 post-

135 2130 237 2163 quam
260 2117 402 2151 eundem
423 2113 504 2151 ουδ’
524 2113 570 2150 ἂν
579 2113 622 2150 ἓν
641 2116 802 2150 exhibere

136 2163 410 2206 demonstravit.)
443 2158 593 2197 ου’δὲν
579 2175 627 2196 αν
647 2164 734 2198 Ven.
759 2163 801 2197 B.

137 2210 240 2244 Vind.
277 2210 319 2243 E.
360 2210 440 2244 Vat.
474 2208 518 2242 H.
565 2209 662 2243 Flor.
691 2208 799 2242 ACT.

136 2256 256 2290 Iambl.
268 2255 321 2290 ed.
334 2266 387 2297 pr.
409 2255 486 2289 Ald.
511 2255 591 2289 Bas.
602 2255 656 2289 ab.
678 2255 799 2310 Steph.

140 2299 229 2336 ου’δὲ
256 2297 303 2335 ἂν
329 2298 372 2335 ὲν
395 2301 469 2336 Ast.
493 2312 545 2346 pr.
585 2297 668 2334 οὐδ’
695 2296 741 2334 ἂν
757 2297 801 2334 ἓν

138 2348 313 2392 Kiessling
291 2347 365 2381 nius
395 2347 577 2380 secundum
608 2347 705 2380 codd.
726 2347 800 2380 Ciz.

139 2398 177 2429 et
198 2395 309 2428 Paris.
333 2393 368 2426 in
396 2393 582 2426 Iamblicho
607 2393 745 2437 scripsit
769 2396 803 2426 et

137 2440 173 2474 in
204 2440 346 2474 Platone
377 2438 592 2472 scribendum
633 2450 709 2472 esse
741 2439 803 2472 do-

138 2487 230 2528 cuit,
272 2485 363 2530 quod
396 2485 602 2529 reliquorum
641 2485 803 2518 librorum

139 2543 321 2567 consensus
342 2531 583 2577 comprobavit.

193 2597 252 2635 Ου’
279 2612 359 2656 γαρ
380 2595 447 2643 ὂὶν,
492 2596 592 2655 ἔφη
626 2596 804 2644 ἐξαίφνης

140 2657 191 2691 γε.
193 2647 205 2690 ]
231 2643 325 2681 ὥστε
341 2643 520 2690 ἐξαίφνης
536 2625 669 2687 αυτοῖς
684 2656 798 2691 προσ-

139 2691 344 2738 βάλλοντας
367 2692 486 2726 Iambl.

893 982 1038 1028 μέλλοι]
1089 980 1208 1026 μέλλει
1241 982 1321 1016 Par.
1357 980 1402 1015 K.
1446 991 1514 1014 sec.

848 1029 925 1075 Bip.

894 1095 942 1132 τοὶ
963 1094 1064 1142 c'c'vco]
1100 1093 1203 1131 τᾶνω
1235 1099 1316 1132 Vat.
1349 1096 1390 1130 Β.
1423 1095 1515 1129 Bek-

848 1146 963 1180 kerus.

895 1211 964 1253 τὰς
981 1210 1111 1268 σκιὰς]
1135 1210 1183 1247 τὰ
1204 1208 1331 1247 σκολιοὶ
1349 1210 1449 1248 Vind.
1470 1210 1515 1245 Ε.

850 1272 917 1299 τας
950 1257 1098 1298 σκολιὰς
1133 1259 1234 1295 Vind.
1270 1259 1310 1293 B.
1354 1258 1433 1291 vat.
1470 1257 1514 1290 H.

849 1307 944 1340 Flor.
959 1306 1032 1339 AC.
1061 1305 1155 1339 cuius
1180 1306 1358 1361 utriusque
1376 1304 1409 1337 in
1428 1315 1518 1337 mar-

849 1352 930 1410 gine
963 1351 1110 1394 legitur:
1153 1364 1196 1397 γρ
1226 1364 1298 1392 τας
1333 1347 1458 1390 σκιὰς·
1494 1345 1517 1385 ὃ

849 1397 914 1434 καὶ
936 1395 1096 1432 κάλλιον.

1131 1466 1186 1500 Ita
1226 1466 1309 1501 Par.
1343 1467 1384 1501 A.
1432 1465 1520 1499 Lob.

852 1514 954 1551 Vind.
981 1514 1020 1548 F.
1048 1514 1126 1547 vat.
1150 1512 1229 1545 ΒΜ.
1258 1514 1340 1546 Ven.
1370 1512 1412 1548 C.
1441 1512 1519 1545 Par.

851 1561 895 1596 D.
929 1562 1016 1604 Ang.
1047 1559 1088 1593 B.
1122 1558 1218 1592 Flor.
1243 1559 1320 1594 RU.
1368 1557 1520 1602 καθορᾶ

850 1607 929 1640 Par.
954 1606 999 1640 K.
1033 1616 1102 1640 sec.
1126 1605 1238 1639 Bekk.
1280 1604 1475 1647 καθορᾶν,
1502 1616 1522 1637 e

853 1664 939 1687 corr.
963 1651 1109 1696 -Qc5v7
1137 1651 1235 1685 Vind.
1259 1651 1302 1685 E.
1342 1650 1522 1694 καθορῶν

855 1699 955 1734 Vind.
980 1699 1020 1732 B.
1056 1699 1148 1731 Mon.
1176 1697 1216 1732 C.
1250 1699 1328 1731 Vat.
1355 1699 1401 1731 H.
1426 1697 1522 1730 Flor.

856 1745 996 1779 ACTV.
1034 1741 1215 1790 καθορῴη
1250 1744 1334 1777 Ven.
1361 1745 1402 1778 B.
1426 1743 1521 1777 Mon.

855 1793 895 1841 Β.
930 1791 990 1825 sed
1023 1791 1078 1823 hic
1111 1795 1286 1824 con-ectus
1320 1790 1356 1823 in
1390 1789 1522 1831 ultima,

856 1849 944 1883 quae
977 1849 998 1871 a
1029 1849 1073 1870 m.
1097 1848 1150 1881 pr.
1175 1836 1222 1870 ὧι
1244 1836 1299 1869 vel
1322 1836 1376 1871 ὧν
1408 1836 1524 1877 fuerit,

856 1890 891 1917 et
915 1884 1034 1917 Iambl.
1059 1894 1134 1917 cum
1158 1882 1272 1917 editis.
1311 1883 1367 1917 Cf.
1391 1882 1469 1918 Vol.
1492 1882 1521 1916 I.

855 1942 888 1977 p.
913 1931 993 1965 366.
1018 1941 1070 1974 sq.

897 1466 1054 1513 καθορῷ
1070 1466 1082 1511 ]

901 1997 986 2039 καὶ]
1015 2011 1081 2032 om.
1101 1997 1242 2032 Ven.B.
1265 1996 1345 2031 Fie.
1369 1996 1522 2045 editique

857 2049 936 2080 ante
959 2046 1166 2079 Bekkerum.

903 2112 995 2157 μετὰ
1019 2112 1155 2157 τοῦτο]
1188 2113 1395 2156 μετατοῦτο
1421 2112 1522 2149 Vind.

856 2161 901 2195 F.
933 2161 1026 2194 Mon.
1050 2161 1091 2195 Β.
1122 2160 1199 2194 Ald.
1233 2160 1313 2194 Bas.
1339 2160 1392 2194 ab.
1429 2157 1521 2202 μετὰ

856 2207 979 2242 ταῦτα
1005 2207 1097 2240 Mon.
1124 2206 1164 2241 C.
1193 2207 1381 2251 posthaec
1405 2206 1477 2241 Fic.

904 2276 957 2320 τῷ
980 2272 1148 2322 οὐρανῷ]
1171 2275 1225 2321 τῷ
1246 2287 1310 2309 om.
1324 2276 1410 2310 Lob.
1426 2275 1525 2310 Vind.

858 2323 900 2357 B.
924 2310 1018 2356 Mon.
1045 2322 1086 2355 C.
1107 2310 1192 2356 Par.
1201 2310 1260 2355 K.
1284 2322 1358 2356 Ast.
1383 2333 1451 2355 sec.
1477 2342 1525 2348 --

858 2368 1030 2402 Proclus'
1022 2380 1055 2401 ιη
1081 2367 1159 2402 Civ.
1192 2378 1226 2422 p.
1250 2369 1338 2403 432:
1370 2379 1466 2423 μετα
1484 2365 1524 2403 δὲ

859 2411 980 2449 ταῦτα’
1014 2424 1126 2469 φησιν
1166 2410 1285 2447 αὐτὸν
1325 2414 1420 2448 ἰδειν
1449 2410 1524 2458 ἤδη

858 2459 927 2495 τὸν
956 2457 1044 2494 ὅλον
1069 2457 1236 2503 ου’ρανόν
1266 2457 1304 2493 ἐν
1329 2458 1434 2494 νυκτὶ
1460 2460 1526 2494 καὶ

857 2519 907 2541 τα
937 2502 1055 2561 ἄστρα
1080 2507 1157 2540 τῶν
1183 2506 1342 2562 νοητῶν
1363 2501 1456 2540 ὄντα
1485 2503 1524 2540 ὁ-

858 2551 1062 2608 μοιώματα
1075 2552 1139 2586 καὶ
1157 2549 1206 2585 τὰ
1227 2548 1266 2585 ἐν
1293 2548 1425 2592 αὐτοῖς
1442 2552 1523 2596 φιδ-

859 2612 928 2643 τα,
961 2596 1062 2634 καθὸ
1081 2595 1247 2643 ἡλιοειδῆ
1267 2609 1394 2633 παντα
1411 2595 1520 2633 ἐστίν.

902 2665 1044 2712 αὐτὸν]
1094 2664 1215 2701 αὐτὸν
1246 2661 1294 2700 ὂὶν
1331 2667 1448 2712 (Ven.
1480 2668 1522 2704 B.

855 2715 937 2750 Vat.
963 2715 1022 2759 Β.)
1048 2713 1166 2748 Iambl.
1192 2712 1246 2748 ed.
1269 2724 1324 2758 pr.
1350 2725 1424 2747 cum
1449 2714 1521 2748 edi-

183 2782 256 2828 δὴ]
283 2781 322 2820 δὲ
351 2784 450 2828 (Par.
472 2783 568 2828 DK.)
602 2783 721 2819 Iambl
745 2783 798 2819 ed
853 2760 900 2795 fis
924 2764 1004 2796 ante
1026 2761 1113 2795 Astii
1137 2771 1206 2794 sec

140 2841 193 2875 pr.
217 2830 291 2864 Ald.
313 2831 392 2864 Bas
415 2829 472 2867 ab.
496 2830 621 2875 steph.
644 2831 720 2866 Ast.
744 2842 797 2876 pr.

905 2825 974 2873 ὃὶν]
1001 2841 1065 2865 om.
1090 2830 1176 2864 Ven.
1199 2828 1242 2862 B.
1269 2827 1344 2862 Vat.
1370 2826 1451 2861 ΒΜ.

1538 331 1605 365 516
