1807 3219
427 140 764 190 CIVITAS
809 141 932 190 LIB.
962 147 1015 190 V.
1045 149 1114 188 459

1421 150 1476 192 41

91 253 283 307 ἀτάκτως
319 255 398 311 μὲν
433 257 676 312 μίγνυσθαι
716 256 918 316 αλλήλοις
945 259 975 316 ἢ
1005 259 1111 304 ἄλλο
1147 257 1312 305 ὁτιοῦν
1330 251 1475 305 ποιεῖν
1503 267 1537 308 E

91 322 191 367 οὔτε
220 322 347 367 ὅσιον
380 323 431 369 5v
460 323 735 381 εὐδαιμόνων
775 327 899 389 πόλει
937 327 1028 373 ου’τ’
1069 327 1277 373 ἐάσουσιν
1316 331 1361 373 οί
1397 327 1479 396 σι’-ρ,-

88 403 249 448 χοντες.
303 391 368 436 Οὐ
400 391 485 449 γάρ
523 395 715 448 δίκαιον,
758 396 854 454 ἔφη
912 401 1065 454 Δῆλον
1097 397 1175 454 δὴ,
1214 396 1281 441 ὅτι
1308 396 1480 454 γάμους

88 478 138 504 το
164 460 270 518 μετά
296 465 428 506 τοῦτο
458 462 703 520 ποιήσομεν
743 465 892 520 ἱεροὺς
932 467 995 518 εἰς
1024 463 1215 521 δύναμιν
1254 466 1321 510 ότι
1350 466 1480 524 μάλι-

90 541 188 573 στα·
225 527 313 574 ἐἶεν
337 529 379 573 δ’
411 529 466 574 α“ν
492 531 605 586 ἱεροὶ
636 534 680 576 οἱ
702 531 1042 589 ὠφελιμώτατοι.

90 592 186 642 οὖν.

1104 528 1370 579 Παντάπασι
1399 537 1481 592 μὲν

248 600 354 650 Πως
383 595 466 643 οὖν
497 598 551 657 δη
583 599 916 658 ωφελιμώτατοι
946 603 1140 654 ἔσονταις
1165 602 1269 648 τόδε
1300 623 1376 662 μοι
1407 605 1477 649 λε’-
1501 616 1569 652 459

87 683 157 723 γε,
187 660 226 710 ὠ
253 667 494 712 Γλαύκων·
537 666 633 723 ὁρῶ
659 668 745 726 γάρ
778 681 861 714 σου
893 672 940 715 ἐν
979 676 1034 730 τῇ
1065 673 1185 731 οἰκίᾳ
1225 673 1300 716 καὶ
1326 673 1480 726 κύνας

85 737 380 792 θηρευτικούς
418 737 493 780 καὶ
519 742 610 781 τῶν
639 741 858 793 γενναίων
887 737 1086 796 ὀρνίθων
1111 717 1229 798 μάλα
1260 741 1477 798 συχνούς·

87 804 160 862 ἀρ’
192 800 322 861 οὗν,’
351 823 385 850 ω
427 822 541 864 προς
580 807 714 862 Διὸς,
762 807 1062 867 προσέσχηκάς
1101 826 1143 855 τι
1185 814 1279 862 τοῖς
1300 809 1480 856 τούτων

132 956 198 1003 τε]
222 949 288 993 oni.
311 957 443 993 Theod.
477 958 629 1005 exceptis
662 959 755 994 codi-

88 1002 183 1037 cibus
212 1004 391 1048 Sylburgii
421 1005 552 1039 duobus
583 1006 756 1040 recentio-

9 1102 18 1107 ἱ
85 1049 201 1091 ribus,
235 1061 278 1084 ex
307 1052 429 1097 quibus
461 1052 520 1088 ille
551 1053 754 1098 particulam

85 1075 280 1187 ῐέῗέλίξιν]
305 1140 427 1188 πολὴν
449 1144 532 1178 Bas.
555 1144 590 1179 b.

119 1207 225 1267 μετα
243 1208 320 1267 δὴ]
355 1209 402 1256 δὴ
429 1210 478 1246 τὰ
505 1210 552 1257 δὴ
578 1212 680 1246 Vind.
706 1213 750 1247 Ε.

85 1253 132 1302 δὴ
166 1254 258 1300 μετὰ
294 1258 373 1291 Vat.
404 1259 444 1292 B.
486 1260 571 1292 Ven.
597 1259 636 1292 B.
675 1271 749 1293 cum

85 1303 188 1337 editis
211 1308 292 1337 ante
314 1304 510 1338 Bekkerum
535 1309 569 1339 et
592 1305 689 1338 Astio
714 1305 748 1340 in

84 1353 166 1384 tert.
191 1349 244 1383 ed.
279 1347 325 1394 δὴ
355 1350 638 1385 continuationem
661 1351 749 1385 indi-

83 1406 168 1430 cans
207 1395 298 1430 haud
339 1407 419 1430 raro
459 1397 748 1443 praepositionem

83 1441 173 1476 inter
197 1446 233 1475 et
255 1453 440 1488 pronomen
462 1443 517 1478 vel
539 1455 659 1478 nomen
682 1456 748 1489 po-

81 1487 174 1522 nitur
196 1488 267 1530 ita,
294 1492 335 1522 ut
366 1489 444 1523 huic
472 1489 633 1534 ponderis
664 1502 749 1524 non-

83 1534 168 1568 nihil
189 1534 303 1573 addat.
330 1535 500 1592 Phaedon
514 1537 569 1571 87.
580 1537 627 1570 B:
643 1534 750 1595 πρὸς

83 1577 132 1635 δὴ
158 1581 271 1615 τοῦτο
305 1578 394 1616 τόδε
420 1578 626 1639 ἐπίσκεψαι
655 1582 694 1616 εἴ
714 1595 749 1616 τι

81 1627 186 1670 -λεγω,
233 1628 290 1662 98.
321 1627 369 1661 B:
407 1623 482 1662 άπὸ
518 1626 564 1673 δὴ
598 1630 748 1685 θαυμα-

84 1673 191 1717 στῆς,
225 1685 254 1706 ω
266 1669 430 1729 ἑταῖρε,
473 1672 621 1715 ἐλπίδος
655 1687 748 1721 goxo-

81 1729 157 1763 μην
180 1717 397 1777 φερόμενος.
445 1721 525 1755 Νοιι
556 1722 659 1755 multo
682 1721 750 1755 ali-

82 1771 139 1799 ter
173 1768 249 1801 102.
283 1767 332 1799 B:
367 1764 446 1801 ἐπεὶ
486 1764 590 1813 αυτῷ
624 1767 748 1801 ταῦτα

83 1809 325 1868 ξυνεγωρήθη
343 1832 391 1838 -—
407 1811 450 1847 τὸ
468 1812 514 1858 δὴ
541 1811 635 1858 μετὰ
655 1814 748 1849 ταῦ-

83 1869 133 1892 τα
155 1870 305 1903 ηρωτα,
331 1859 367 1893 εἰ
390 1856 435 1904 δὴ
463 1865 530 1894 etc.

130 1925 357 1973 μίγνυσθαι]
398 1929 635 1973 γυμνοῦσθαι
666 1930 748 1964 Vat.

83 1972 160 2007 BH.
204 1974 305 2008 Vind.
338 1975 414 2009 ΕΙ).
453 1976 546 2010 Flor.
572 1976 681 2011 ACV.
715 1976 751 2010 hi

34 2064 37 2065 ⁷
84 2023 233 2065 quatuor
258 2032 332 2054 cum
358 2021 495 2066 vulgato
525 2022 563 2056 in
585 2022 748 2068 margine.

25 2065 32 2070 ’
84 2067 257 2101 denudari
275 2067 387 2110 (inter
403 2069 454 2112 se)
480 2067 554 2104 Fic.

38 2147 74 2189 E
127 2132 191 2180 ἐν]
217 2147 283 2169 om.
306 2136 407 2171 Vind.
428 2137 471 2171 D.

82 2235 88 2237 Α
131 2190 204 2237 δὴ]
232 2189 390 2262 3³5JMpn.
413 2195 455 2229 B.
479 2194 573 2229 Flor.
598 2195 644 2230 U.

130 2246 294 2295 γάμους]
319 2248 487 2298 ἀγάμους
510 2254 590 2287 Vat.
615 2254 657 2287 B.

84 2344 94 2348 „
129 2316 175 2353 τὸ
200 2317 293 2362 μετὰ
317 2320 455 2366 τοῦτο]
498 2321 749 2376 τομετατοῦτο

83 2364 452 2446 5225122515.
471 2364 584 2447 ι’,

131 2474 356 2526 ποιήσομεν]
388 2478 546 2525 ποιήμεν
577 2481 679 2517 Vind.
702 2483 747 2518 E.

133 2546 281 2593 ἱεροὺς]
314 2549 411 2583 Haec
442 2549 650 2594 singulorum
675 2563 747 2586 cum

83 2594 238 2640 pluribus
262 2596 428 2651 ynnubia
441 2595 615 2630 Procius
605 2609 640 2631 ιιι
656 2597 748 2632 Tim.

85 2651 119 2686 p.
147 2643 201 2677 16.
225 2642 379 2700 repetit
384 2638 423 2675 ἐκ
454 2642 531 2676 τῶν
563 2644 748 2686 μυστικῶν

84 2684 212 2743 λόγων
231 2687 296 2722 καὶ
326 2687 402 2721 τῶν
440 2683 479 2722 ἐν
519 2684 749 2748 άποῤῥῄτοις

85 2730 287 2788 λεγομένων
312 2733 423 2788 ἱερῶν
445 2731 591 2778 γάμων,
617 2733 674 2775 οἷς
684 2735 748 2770 και

88 2775 108 2813 ὁ
122 2777 280 2814 Πλάτων
305 2780 357 2820 εἰς
373 2777 532 2824 δυναμιν
551 2760 627 2823 ἒξ”
607 2781 748 2825 ομοίων

87 2825 132 2869 (f.
157 2823 355 2872 ἐξομοιιόν)
379 2826 464 2871 περὶ
486 2824 578 2868 τοὺς
593 2827 747 2870 πολίτας

811 959 875 996 καὶ
906 959 997 1002 τοὺς
1027 951 1147 997 τῶνδε
1178 959 1319 1006 γάμους
1354 960 1479 1007 ιερούς

810 1005 954 1052 γάμους
977 1006 1264 1053 προσηγόρευσε.
1302 1010 1403 1042 Hunc
1427 1010 1479 1043 io-

812 1066 887 1089 cum
919 1055 1039 1089 Astius
1077 1055 1239 1089 indicavit
1273 1059 1308 1089 et
1339 1055 1480 1100 insuper

810 1101 977 1135 Themist.
1012 1102 1114 1135 Orat.
1147 1100 1245 1136 XXI.
1280 1113 1359 1156 pag.
1397 1102 1478 1136 248.

806 1146 918 1181 Hard.
952 1147 1099 1181 conferri
1131 1146 1250 1190 iussit,
1299 1147 1356 1181 ubi
1387 1148 1479 1182 inter

810 1193 877 1227 alia
920 1193 1006 1228 haec
1042 1205 1085 1227 ex
1128 1200 1245 1227 nostro
1278 1193 1352 1228 loco
1387 1194 1479 1228 haud

808 1239 985 1294 aptissime
1009 1240 1179 1273 translata
1203 1239 1380 1284 leguntur.
1407 1240 1478 1275 εἰσί

805 1296 881 1319 που
906 1297 1015 1341 υμων
1039 1283 1078 1320 ἐν
1103 1288 1187 1325 ταῖς
1220 1286 1363 1326 οἰκίαις
1390 1288 1480 1320 πολ-

806 1331 865 1365 λοὶ
888 1329 955 1374 μὲν
981 1331 1113 1388 ἵπποι,
1139 1331 1270 1366 πολλοι
1296 1330 1335 1367 δε
1335 1330 1479 1378 κύνες,

805 1376 869 1411 καὶ.
894 1375 934 1411 ἐν
957 1381 1038 1417 τοῖς
1073 1358 1202 1432 άγροῖς
1234 1390 1273 1434 γε
1298 1379 1346 1413 αύ
1374 1379 1479 1434 {5:06371

804 1435 845 1457 τε
869 1423 933 1457 καὶ
957 1422 1159 1481 προβάτων
1198 1421 1336 1480 ἀγέλαι.
1383 1422 1479 1460 ὅταν

806 1469 876 1504 ov’v
910 1468 1105 1526 βούλησθε
1133 1468 1170 1512 ἐξ
1202 1468 1331 1506 αυτιδν
1363 1473 1479 1506 τίκτε-

807 1518 900 1550 σθαι
930 1513 1021 1559 υμῖν
1056 1514 1217 1561 μόσχους
1252 1529 1291 1551 τε
1335 1514 1480 1576 ἁδροὺς

805 1562 869 1596 καὶ
892 1560 1043 1602 πώλους
1076 1564 1272 1607 γενναίους
1306 1563 1368 1598 καὶ
1395 1575 1478 1599 σκυ-

805 1607 917 1642 λάκια
963 1608 1196 1665 θηρευτικὰ,
1244 1608 1407 1654 πότερον
1439 1609 1478 1653 ἐξ

808 1652 990 1690 απάντων
1040 1653 1178 1710 ὁμοίως
1221 1657 1401 1711 γεννᾶτε,
1445 1654 1475 1714 η“

805 1703 1065 1744 προθυμεῖσθε
1122 1698 1182 1736 ὅτι
1228 1700 1389 1745 μάλιστα
1438 1701 1477 1738 ἐκ

805 1748 881 1781 τῶν
899 1745 1081 1791 άρί·στων
1108 1745 1175 1792 ἐγώ
1202 1746 1269 1806 μὲν
1287 1747 1357 1793 γὰρ
1377 1746 1477 1793 υμᾶς

806 1790 884 1837 ὁρῶ
909 1792 977 1829 τόν
1012 1805 1052 1828 τε
1087 1793 1204 1829 ἵππον
1237 1792 1476 1838 ἐξετάζοντας

805 1845 871 1874 etc.

852 1903 913 1944 ὃτι
935 1907 1108 1963 μάλιστα]
1137 1904 1357 1965 δ’τιμαλιστα
1371 1911 1473 1945 Vind.

806 1954 846 1989 F.
873 1952 1089 1999 ὁτιμάλιστα
1115 1957 1237 2003 Steph.
1263 1953 1286 1991 ὅ
1310 1970 1346 1991 τι
1369 1955 1473 2001 μάλι-

807 2011 877 2036 στα
900 2003 1024 2037 Stallb.
1047 2003 1083 2037 in
1105 2014 1175 2037 sec.
1200 2004 1253 2038 ed.
1278 2008 1316 2037 ut
1339 2005 1438 2039 solet.

855 2090 1156 2139 ὠφελιμώτατοι]
1199 2093 1475 2139 ω’φελιμότατοι

808 2139 908 2174 Vind.
932 2141 977 2175 E.
1023 2141 1110 2176 Item
1134 2142 1247 2187 paullo
1272 2148 1362 2187 post.

806 2223 808 2226 ,
855 2224 926 2266 οὖν
952 2231 1027 2278 δὴ]
1053 2246 1119 2268 om.
1143 2233 1218 2268 Fic.
1495 2248 1565 2283 459

855 2297 1024 2335 ἓ’σονται’
1014 2303 1048 2347 ,]
1094 2300 1261 2348 ιξ’,σονται
1304 2304 1398 2339 Μοιι.
1431 2305 1474 2341 Β.

807 2346 883 2380 Ald.
909 2349 1031 2393 steph.
1055 2349 1130 2386 Ast.
1156 2361 1209 2395 pr.
1235 2362 1304 2384 sec.

856 2415 978 2463 οἰκία]
1019 2417 1077 2452 Ita
1100 2418 1201 2452 Vind.
1227 2419 1268 2453 B.
1303 2419 1364 2454 sed
1399 2432 1473 2455 cum

805 2460 909 2496 litura
934 2467 1013 2496 ante
1038 2463 1062 2498 ί.

804 2576 838 2611 Κ
851 2531 1126 2577 θηρευτικοὺς]
1148 2531 1375 2578 θηρευτικάς
1390 2534 1471 2570 Par.

805 2690 836 2726 F
852 2637 937 2691 ἆρ’]
974 2642 1043 2692 ἄρ’
1066 2647 1160 2682 Flor.
1185 2643 1343 2693 T.>&‘9oe
1367 2650 1469 2701 Vind.

851 2754 884 2794 ὦ
906 2756 1002 2806 πρὸς
1025 2758 1140 2807 Διὸς]
1166 2758 1232 2798 «ι’πι.
1258 2764 1330 2808 Fic.

851 2831 906 2875 τι]
932 2843 997 2866 οπι.
1023 2832 1122 2868 Vind.
1147 2832 1188 2869 F.
1215 2833 1308 2869 Flor.
1331 2834 1375 2869 R.
