<?xml version="1.0" encoding="UTF-8"?>
<!DOCTYPE html PUBLIC "-//W3C//DTD XHTML 1.0 Transitional//EN"
    "http://www.w3.org/TR/xhtml1/DTD/xhtml1-transitional.dtd">
<html xmlns="http://www.w3.org/1999/xhtml" xml:lang="en" lang="en">
 <head>
  <title>
</title>
<meta http-equiv="Content-Type" content="text/html;charset=utf-8" />
  <meta name='ocr-system' content='tesseract 3.04.00' />
  <meta name='ocr-capabilities' content='ocr_page ocr_carea ocr_par ocr_line ocrx_word'/>
</head>
<body>
  <div class='ocr_page' id='page_1' title='image "./operagraecerecen02platuoft_0213.png"; bbox 0 0 1807 3219; ppageno 0'>
   <div class='ocr_carea' id='block_1_1' title="bbox 443 154 1136 199">
    <p class='ocr_par' dir='ltr' id='par_1_1' title="bbox 443 154 1136 199">
     <span class='ocr_line' id='line_1_1' title="bbox 443 154 1136 199; baseline -0.003 -2"><span class='ocrx_word' id='word_1_1' title='bbox 443 154 784 198; x_wconf 86' lang='lat' dir='ltr'><strong>CIVITAS</strong></span> <span class='ocrx_word' id='word_1_2' title='bbox 827 154 1044 199; x_wconf 86' lang='lat' dir='ltr'><strong>LIB.VI.</strong></span> <span class='ocrx_word' id='word_1_3' title='bbox 1068 158 1136 196; x_wconf 85' lang='lat'><strong>488</strong></span> 
     </span>
    </p>
   </div>
   <div class='ocr_carea' id='block_1_2' title="bbox 1417 157 1502 197">
    <p class='ocr_par' dir='ltr' id='par_1_2' title="bbox 1417 157 1502 197">
     <span class='ocr_line' id='line_1_2' title="bbox 1417 157 1502 197; baseline 0 0"><span class='ocrx_word' id='word_1_4' title='bbox 1417 157 1502 197; x_wconf 80' lang='lat'><strong>155</strong></span> 
     </span>
    </p>
   </div>
   <div class='ocr_carea' id='block_1_3' title="bbox 106 264 1570 600">
    <p class='ocr_par' dir='ltr' id='par_1_3' title="bbox 106 264 1570 600">
     <span class='ocr_line' id='line_1_3' title="bbox 107 264 1502 327; baseline -0.004 -13"><span class='ocrx_word' id='word_1_5' title='bbox 107 268 360 327; x_wconf 79' lang='grc' dir='ltr'><strong><em>ναύκληρον</em></strong></span> <span class='ocrx_word' id='word_1_6' title='bbox 392 266 680 326; x_wconf 79' lang='grc' dir='ltr'><strong><em>μανδραγόρᾳ</em></strong></span> <span class='ocrx_word' id='word_1_7' title='bbox 714 267 744 325; x_wconf 81' lang='grc' dir='ltr'><em>ἢ</em></span> <span class='ocrx_word' id='word_1_8' title='bbox 785 269 900 326; x_wconf 82' lang='grc' dir='ltr'><strong><em>μέθῃ</em></strong></span> <span class='ocrx_word' id='word_1_9' title='bbox 940 267 969 325; x_wconf 81' lang='grc' dir='ltr'>ἥ</span> <span class='ocrx_word' id='word_1_10' title='bbox 1007 283 1093 311; x_wconf 90' lang='grc' dir='ltr'><strong><em>τινι</em></strong></span> <span class='ocrx_word' id='word_1_11' title='bbox 1133 264 1253 324; x_wconf 71' lang='grc' dir='ltr'><strong><em>ἄλλῳ</em></strong></span> <span class='ocrx_word' id='word_1_12' title='bbox 1286 266 1502 323; x_wconf 82' lang='grc' dir='ltr'><strong><em>συμποδί-</em></strong></span> 
     </span>
     <span class='ocr_line' id='line_1_4' title="bbox 108 334 1506 396; baseline -0.004 -13"><span class='ocrx_word' id='word_1_13' title='bbox 108 351 277 396; x_wconf 20' lang='grc' dir='ltr'><strong><em>σαντας,</em></strong></span> <span class='ocrx_word' id='word_1_14' title='bbox 305 341 381 394; x_wconf 88' lang='grc' dir='ltr'><strong>τῆς</strong></span> <span class='ocrx_word' id='word_1_15' title='bbox 421 337 530 388; x_wconf 76' lang='grc' dir='ltr'><strong><em>νεώς</em></strong></span> <span class='ocrx_word' id='word_1_16' title='bbox 567 337 715 394; x_wconf 77' lang='grc' dir='ltr'><strong><em>ἄρχειν</em></strong></span> <span class='ocrx_word' id='word_1_17' title='bbox 763 337 1018 394; x_wconf 81' lang='grc' dir='ltr'><strong><em>χρωμένους</em></strong></span> <span class='ocrx_word' id='word_1_18' title='bbox 1057 340 1150 387; x_wconf 87' lang='grc' dir='ltr'><strong><em>τοῖς</em></strong></span> <span class='ocrx_word' id='word_1_19' title='bbox 1193 336 1373 388; x_wconf 74' lang='grc' dir='ltr'><strong><em>ἐνοῦσι,</em></strong></span> <span class='ocrx_word' id='word_1_20' title='bbox 1428 334 1506 378; x_wconf 82' lang='grc' dir='ltr'><strong>καὶ</strong></span> 
     </span>
     <span class='ocr_line' id='line_1_5' title="bbox 106 401 1502 462; baseline -0.004 -11"><span class='ocrx_word' id='word_1_21' title='bbox 106 405 317 459; x_wconf 83' lang='grc' dir='ltr'><strong><em>πίνοντάς</em></strong></span> <span class='ocrx_word' id='word_1_22' title='bbox 349 422 394 450; x_wconf 88' lang='grc' dir='ltr'><strong>τε</strong></span> <span class='ocrx_word' id='word_1_23' title='bbox 423 406 497 450; x_wconf 86' lang='grc' dir='ltr'><strong>καὶ</strong></span> <span class='ocrx_word' id='word_1_24' title='bbox 527 402 860 462; x_wconf 80' lang='grc' dir='ltr'><strong><em>εὐωχουμένους</em></strong></span> <span class='ocrx_word' id='word_1_25' title='bbox 890 410 1039 457; x_wconf 82' lang='grc' dir='ltr'><strong><em>πλεῖν,</em></strong></span> <span class='ocrx_word' id='word_1_26' title='bbox 1081 401 1142 455; x_wconf 75' lang='grc' dir='ltr'><strong>ὥς</strong></span> <span class='ocrx_word' id='word_1_27' title='bbox 1171 403 1219 447; x_wconf 84' lang='grc' dir='ltr'><strong>τὸ</strong></span> <span class='ocrx_word' id='word_1_28' title='bbox 1250 403 1368 455; x_wconf 80' lang='grc' dir='ltr'><strong><em>εἰκός</em></strong></span> <span class='ocrx_word' id='word_1_29' title='bbox 1396 403 1502 454; x_wconf 82' lang='grc' dir='ltr'><strong><em>τοῦς</em></strong></span> 
     </span>
     <span class='ocr_line' id='line_1_6' title="bbox 108 471 1507 529; baseline -0.004 -9"><span class='ocrx_word' id='word_1_30' title='bbox 108 475 365 528; x_wconf 82' lang='grc' dir='ltr'><strong><em>τοιούτους,</em></strong></span> <span class='ocrx_word' id='word_1_31' title='bbox 402 473 515 529; x_wconf 76' lang='grc' dir='ltr'><strong><em>πρὸς</em></strong></span> <span class='ocrx_word' id='word_1_32' title='bbox 544 474 591 518; x_wconf 74' lang='grc' dir='ltr'><strong>δὲ</strong></span> <span class='ocrx_word' id='word_1_33' title='bbox 619 473 796 525; x_wconf 81' lang='grc' dir='ltr'><strong><em>τούτοις</em></strong></span> <span class='ocrx_word' id='word_1_34' title='bbox 827 475 1143 524; x_wconf 79' lang='grc' dir='ltr'><strong><em>ἐπαινοῦντας,</em></strong></span> <span class='ocrx_word' id='word_1_35' title='bbox 1183 471 1396 516; x_wconf 79' lang='grc' dir='ltr'><strong><em>ναυτικόν</em></strong></span> <span class='ocrx_word' id='word_1_36' title='bbox 1427 471 1507 527; x_wconf 72' lang='grc' dir='ltr'><strong>μὲν</strong></span> 
     </span>
     <span class='ocr_line' id='line_1_7' title="bbox 106 538 1570 600; baseline -0.005 -11"><span class='ocrx_word' id='word_1_37' title='bbox 106 548 355 595; x_wconf 76' lang='grc' dir='ltr'><strong><em>καλοῦντας</em></strong></span> <span class='ocrx_word' id='word_1_38' title='bbox 393 543 467 587; x_wconf 79' lang='grc' dir='ltr'><strong>καὶ</strong></span> <span class='ocrx_word' id='word_1_39' title='bbox 505 544 823 600; x_wconf 84' lang='grc' dir='ltr'><strong><em>κυβερνητικὸν</em></strong></span> <span class='ocrx_word' id='word_1_40' title='bbox 859 545 935 588; x_wconf 83' lang='grc' dir='ltr'><strong>καὶ</strong></span> <span class='ocrx_word' id='word_1_41' title='bbox 981 539 1266 598; x_wconf 76' lang='grc' dir='ltr'><strong><em>ἐπιστάμενον</em></strong></span> <span class='ocrx_word' id='word_1_42' title='bbox 1304 539 1358 583; x_wconf 83' lang='grc' dir='ltr'><strong>τὰ</strong></span> <span class='ocrx_word' id='word_1_43' title='bbox 1394 538 1504 583; x_wconf 73' lang='grc' dir='ltr'><strong><em>κατα</em></strong></span> <span class='ocrx_word' id='word_1_44' title='bbox 1530 549 1570 590; x_wconf 88' lang='lat' dir='ltr'>D</span> 
     </span>
    </p>
   </div>
   <div class='ocr_carea' id='block_1_4' title="bbox 38 606 1185 740">
    <p class='ocr_par' dir='ltr' id='par_1_4' title="bbox 38 606 1185 740">
     <span class='ocr_line' id='line_1_8' title="bbox 106 606 1072 669; baseline -0.013 -2"><span class='ocrx_word' id='word_1_45' title='bbox 106 616 221 659; x_wconf 70' lang='grc' dir='ltr'><strong><em>’ναῦν</em></strong></span> <span class='ocrx_word' id='word_1_46' title='bbox 260 611 310 663; x_wconf 70' lang='grc' dir='ltr'><strong>ὃς</strong></span> <span class='ocrx_word' id='word_1_47' title='bbox 355 610 413 656; x_wconf 70' lang='grc' dir='ltr'><strong>ἂν</strong></span> <span class='ocrx_word' id='word_1_48' title='bbox 462 613 782 669; x_wconf 81' lang='grc' dir='ltr'><strong><em>ξυλλαμβάνειν</em></strong></span> <span class='ocrx_word' id='word_1_49' title='bbox 833 611 977 663; x_wconf 82' lang='grc' dir='ltr'><strong><em>δεινὸς</em></strong></span> <span class='ocrx_word' id='word_1_50' title='bbox 1017 606 1072 667; x_wconf 80' lang='grc' dir='ltr'><strong>ᾗ,</strong></span> 
     </span>
     <span class='ocr_line' id='line_1_9' title="bbox 38 678 1185 740; baseline -0.004 -14"><span class='ocrx_word' id='word_1_51' title='bbox 38 682 150 740; x_wconf 78' lang='grc' dir='ltr'><strong>47ιῆ</strong></span> <span class='ocrx_word' id='word_1_52' title='bbox 178 682 407 730; x_wconf 84' lang='grc' dir='ltr'><strong><em>πείθοντες</em></strong></span> <span class='ocrx_word' id='word_1_53' title='bbox 437 678 466 736; x_wconf 82' lang='grc' dir='ltr'><strong><em>ἢ</em></strong></span> <span class='ocrx_word' id='word_1_54' title='bbox 496 679 750 738; x_wconf 85' lang='grc' dir='ltr'><strong><em>βιαζόμενοι</em></strong></span> <span class='ocrx_word' id='word_1_55' title='bbox 787 681 868 726; x_wconf 73' lang='grc' dir='ltr'><strong>τόν</strong></span> <span class='ocrx_word' id='word_1_56' title='bbox 908 679 1185 737; x_wconf 82' lang='grc' dir='ltr'><strong><em>ναύκληρον,</em></strong></span> 
     </span>
    </p>
   </div>
   <div class='ocr_carea' id='block_1_5' title="bbox 1136 607 1509 733">
    <p class='ocr_par' dir='ltr' id='par_1_5' title="bbox 1136 607 1509 733">
     <span class='ocr_line' id='line_1_10' title="bbox 1136 607 1508 663; baseline -0.011 -9"><span class='ocrx_word' id='word_1_57' title='bbox 1136 609 1255 660; x_wconf 84' lang='grc' dir='ltr'><strong><em>ὅπως</em></strong></span> <span class='ocrx_word' id='word_1_58' title='bbox 1296 607 1508 663; x_wconf 76' lang='grc' dir='ltr'><strong><em>ἄρξουσιν</em></strong></span> 
     </span>
     <span class='ocr_line' id='line_1_11' title="bbox 1247 675 1509 733; baseline -0.008 -13"><span class='ocrx_word' id='word_1_59' title='bbox 1247 675 1326 720; x_wconf 90' lang='grc' dir='ltr'><strong>τὸν</strong></span> <span class='ocrx_word' id='word_1_60' title='bbox 1366 676 1412 719; x_wconf 75' lang='grc' dir='ltr'><strong>δὲ</strong></span> <span class='ocrx_word' id='word_1_61' title='bbox 1450 675 1509 733; x_wconf 86' lang='grc' dir='ltr'><strong><em>μὴ</em></strong></span> 
     </span>
    </p>
   </div>
   <div class='ocr_carea' id='block_1_6' title="bbox 106 744 1510 878">
    <p class='ocr_par' dir='ltr' id='par_1_6' title="bbox 106 744 1510 878">
     <span class='ocr_line' id='line_1_12' title="bbox 109 744 1507 808; baseline -0.004 -14"><span class='ocrx_word' id='word_1_62' title='bbox 109 754 320 796; x_wconf 86' lang='grc' dir='ltr'><strong><em>τοιοῦτον</em></strong></span> <span class='ocrx_word' id='word_1_63' title='bbox 347 749 562 805; x_wconf 82' lang='grc' dir='ltr'><strong><em>ψέγοντας</em></strong></span> <span class='ocrx_word' id='word_1_64' title='bbox 592 749 652 804; x_wconf 75' lang='grc' dir='ltr'><strong>ὡς</strong></span> <span class='ocrx_word' id='word_1_65' title='bbox 682 750 919 808; x_wconf 75' lang='grc' dir='ltr'><strong><em>ἄχρηστον,</em></strong></span> <span class='ocrx_word' id='word_1_66' title='bbox 968 752 1051 793; x_wconf 90' lang='grc' dir='ltr'><strong>τοῦ</strong></span> <span class='ocrx_word' id='word_1_67' title='bbox 1089 747 1135 792; x_wconf 77' lang='grc' dir='ltr'><strong>δὲ</strong></span> <span class='ocrx_word' id='word_1_68' title='bbox 1173 744 1395 804; x_wconf 77' lang='grc' dir='ltr'><strong><em>ἀληθινοῦ</em></strong></span> <span class='ocrx_word' id='word_1_69' title='bbox 1424 761 1507 789; x_wconf 82' lang='grc' dir='ltr'><strong>κυ-</strong></span> 
     </span>
     <span class='ocr_line' id='line_1_13' title="bbox 106 812 1510 878; baseline -0.006 -13"><span class='ocrx_word' id='word_1_70' title='bbox 106 818 328 878; x_wconf 84' lang='grc' dir='ltr'><strong><em>βερνήτου</em></strong></span> <span class='ocrx_word' id='word_1_71' title='bbox 365 820 466 876; x_wconf 81' lang='grc' dir='ltr'><strong><em>πέρι</em></strong></span> <span class='ocrx_word' id='word_1_72' title='bbox 509 817 616 877; x_wconf 83' lang='grc' dir='ltr'><strong><em>μηδ’</em></strong></span> <span class='ocrx_word' id='word_1_73' title='bbox 645 820 896 873; x_wconf 75' lang='grc' dir='ltr'><strong><em>ἐπαΐοντες,</em></strong></span> <span class='ocrx_word' id='word_1_74' title='bbox 952 818 1022 864; x_wconf 82' lang='grc' dir='ltr'><strong>ὅτι</strong></span> <span class='ocrx_word' id='word_1_75' title='bbox 1058 815 1232 874; x_wconf 73' lang='grc' dir='ltr'><strong><em>ἀνάγκη</em></strong></span> <span class='ocrx_word' id='word_1_76' title='bbox 1275 813 1398 873; x_wconf 80' lang='grc' dir='ltr'><strong><em>αὐτῷ</em></strong></span> <span class='ocrx_word' id='word_1_77' title='bbox 1427 812 1510 871; x_wconf 79' lang='grc' dir='ltr'><strong>τὴν</strong></span> 
     </span>
    </p>
   </div>
   <div class='ocr_carea' id='block_1_7' title="bbox 105 985 784 2745">
    <p class='ocr_par' dir='ltr' id='par_1_7' title="bbox 105 985 784 2745">
     <span class='ocr_line' id='line_1_14' title="bbox 107 985 777 1035; baseline -0.001 -10"><span class='ocrx_word' id='word_1_78' title='bbox 107 1000 184 1025; x_wconf 86' lang='grc' dir='ltr'><strong><em>5ιιιιι</em></strong></span> <span class='ocrx_word' id='word_1_79' title='bbox 206 987 398 1033; x_wconf 84' lang='lat' dir='ltr'><strong>vidimus‚‘</strong></span> <span class='ocrx_word' id='word_1_80' title='bbox 387 1001 425 1023; x_wconf 92' lang='lat' dir='ltr'><strong>m</strong></span> <span class='ocrx_word' id='word_1_81' title='bbox 434 985 583 1035; x_wconf 88' lang='lat' dir='ltr'><strong>optimis</strong></span> <span class='ocrx_word' id='word_1_82' title='bbox 605 989 777 1025; x_wconf 77' lang='lat' dir='ltr'><strong>codicibus</strong></span> 
     </span>
     <span class='ocr_line' id='line_1_15' title="bbox 108 1036 778 1082; baseline -0.001 -11"><span class='ocrx_word' id='word_1_83' title='bbox 108 1038 333 1082; x_wconf 88' lang='lat' dir='ltr'><strong>depravatum</strong></span> <span class='ocrx_word' id='word_1_84' title='bbox 365 1036 478 1070; x_wconf 84' lang='lat' dir='ltr'><strong>videri</strong></span> <span class='ocrx_word' id='word_1_85' title='bbox 506 1040 666 1082; x_wconf 85' lang='lat' dir='ltr'><strong>poterat,</strong></span> <span class='ocrx_word' id='word_1_86' title='bbox 712 1037 778 1070; x_wconf 88' lang='lat' dir='ltr'><strong>nisi</strong></span> 
     </span>
     <span class='ocr_line' id='line_1_16' title="bbox 106 1080 777 1128; baseline 0 -12"><span class='ocrx_word' id='word_1_87' title='bbox 106 1083 198 1117; x_wconf 82' lang='lat' dir='ltr'><strong>infra</strong></span> <span class='ocrx_word' id='word_1_88' title='bbox 238 1082 282 1116; x_wconf 84' lang='lat' dir='ltr'><strong>E.</strong></span> <span class='ocrx_word' id='word_1_89' title='bbox 324 1080 490 1126; x_wconf 83' lang='grc' dir='ltr'><strong><em>οἰόμενοι</em></strong></span> <span class='ocrx_word' id='word_1_90' title='bbox 531 1094 593 1128; x_wconf 90' lang='lat' dir='ltr'><strong>pro</strong></span> <span class='ocrx_word' id='word_1_91' title='bbox 638 1083 777 1128; x_wconf 83' lang='lat' dir='ltr'><strong>vulgato</strong></span> 
     </span>
     <span class='ocr_line' id='line_1_17' title="bbox 109 1126 778 1172; baseline -0.001 -9"><span class='ocrx_word' id='word_1_92' title='bbox 109 1126 309 1172; x_wconf 80' lang='grc' dir='ltr'><strong><em>οἰομένους</em></strong></span> <span class='ocrx_word' id='word_1_93' title='bbox 339 1128 374 1162; x_wconf 87' lang='lat' dir='ltr'><strong>in</strong></span> <span class='ocrx_word' id='word_1_94' title='bbox 398 1129 553 1162; x_wconf 79' lang='lat' dir='ltr'><strong>omnibus</strong></span> <span class='ocrx_word' id='word_1_95' title='bbox 584 1129 680 1162; x_wconf 76' lang='grc' dir='ltr'><strong>111)τί5</strong></span> <span class='ocrx_word' id='word_1_96' title='bbox 704 1140 778 1162; x_wconf 85' lang='lat' dir='ltr'><strong>ma-</strong></span> 
     </span>
     <span class='ocr_line' id='line_1_18' title="bbox 107 1175 778 1229; baseline -0.003 -19"><span class='ocrx_word' id='word_1_97' title='bbox 107 1179 155 1210; x_wconf 82' lang='lat' dir='ltr'><strong>mi</strong></span> <span class='ocrx_word' id='word_1_98' title='bbox 179 1175 322 1229; x_wconf 87' lang='lat' dir='ltr'><strong>scriptis</strong></span> <span class='ocrx_word' id='word_1_99' title='bbox 340 1175 456 1217; x_wconf 87' lang='lat' dir='ltr'><strong>(unius</strong></span> <span class='ocrx_word' id='word_1_100' title='bbox 479 1175 558 1209; x_wconf 90' lang='lat' dir='ltr'><strong>Par.</strong></span> <span class='ocrx_word' id='word_1_101' title='bbox 571 1175 613 1208; x_wconf 93' lang='lat' dir='ltr'><strong>D.</strong></span> <span class='ocrx_word' id='word_1_102' title='bbox 632 1175 666 1208; x_wconf 91' lang='lat' dir='ltr'><strong>in</strong></span> <span class='ocrx_word' id='word_1_103' title='bbox 685 1186 778 1208; x_wconf 88' lang='lat' dir='ltr'><strong>mar-</strong></span> 
     </span>
     <span class='ocr_line' id='line_1_19' title="bbox 107 1218 777 1277; baseline 0 -23"><span class='ocrx_word' id='word_1_104' title='bbox 107 1222 190 1277; x_wconf 83' lang='lat' dir='ltr'>gine</span> <span class='ocrx_word' id='word_1_105' title='bbox 215 1218 391 1264; x_wconf 88' lang='grc' dir='ltr'><strong><em>οἰομένου</em></strong></span> <span class='ocrx_word' id='word_1_106' title='bbox 415 1220 550 1265; x_wconf 83' lang='lat' dir='ltr'><strong>legitur,</strong></span> <span class='ocrx_word' id='word_1_107' title='bbox 575 1220 611 1254; x_wconf 86' lang='lat' dir='ltr'><strong>in</strong></span> <span class='ocrx_word' id='word_1_108' title='bbox 630 1221 723 1256; x_wconf 69' lang='lat' dir='ltr'><strong>Mon.</strong></span> <span class='ocrx_word' id='word_1_109' title='bbox 737 1222 777 1256; x_wconf 88' lang='grc' dir='ltr'><strong>Β.</strong></span> 
     </span>
     <span class='ocr_line' id='line_1_20' title="bbox 109 1266 779 1311; baseline -0.004 -8"><span class='ocrx_word' id='word_1_110' title='bbox 109 1266 276 1311; x_wconf 83' lang='grc' dir='ltr'><strong><em>εἰόμενοι</em></strong></span> <span class='ocrx_word' id='word_1_111' title='bbox 307 1266 393 1301; x_wconf 86' lang='lat' dir='ltr'><strong>vitio</strong></span> <span class='ocrx_word' id='word_1_112' title='bbox 426 1267 479 1300; x_wconf 82' lang='lat' dir='ltr'><strong>illi</strong></span> <span class='ocrx_word' id='word_1_113' title='bbox 510 1267 670 1301; x_wconf 80' lang='lat' dir='ltr'><strong>familia1i</strong></span> <span class='ocrx_word' id='word_1_114' title='bbox 693 1267 779 1301; x_wconf 88' lang='lat' dir='ltr'><strong>scri-</strong></span> 
     </span>
     <span class='ocr_line' id='line_1_21' title="bbox 107 1312 781 1360; baseline 0 -13"><span class='ocrx_word' id='word_1_115' title='bbox 107 1319 205 1360; x_wconf 76' lang='lat' dir='ltr'><strong>ptum</strong></span> <span class='ocrx_word' id='word_1_116' title='bbox 228 1312 310 1357; x_wconf 87' lang='lat' dir='ltr'><strong>est)</strong></span> <span class='ocrx_word' id='word_1_117' title='bbox 343 1316 380 1346; x_wconf 86' lang='lat' dir='ltr'><strong>et</strong></span> <span class='ocrx_word' id='word_1_118' title='bbox 402 1313 435 1346; x_wconf 93' lang='lat' dir='ltr'><strong>in</strong></span> <span class='ocrx_word' id='word_1_119' title='bbox 458 1314 539 1348; x_wconf 89' lang='lat' dir='ltr'><strong>Bas.</strong></span> <span class='ocrx_word' id='word_1_120' title='bbox 563 1315 598 1347; x_wconf 93' lang='lat' dir='ltr'><strong>b.</strong></span> <span class='ocrx_word' id='word_1_121' title='bbox 624 1316 781 1347; x_wconf 83' lang='lat' dir='ltr'><strong>exstaret</strong></span> 
     </span>
     <span class='ocr_line' id='line_1_22' title="bbox 107 1359 779 1405; baseline -0.004 -10"><span class='ocrx_word' id='word_1_122' title='bbox 107 1361 166 1405; x_wconf 83' lang='lat' dir='ltr'><strong>idq</strong></span> <span class='ocrx_word' id='word_1_123' title='bbox 168 1372 212 1394; x_wconf 90' lang='lat' dir='ltr'><strong>ue</strong></span> <span class='ocrx_word' id='word_1_124' title='bbox 244 1359 337 1393; x_wconf 84' lang='lat' dir='ltr'><strong>nulla</strong></span> <span class='ocrx_word' id='word_1_125' title='bbox 372 1359 508 1394; x_wconf 87' lang='lat' dir='ltr'><strong>ratione</strong></span> <span class='ocrx_word' id='word_1_126' title='bbox 541 1360 690 1394; x_wconf 84' lang='lat' dir='ltr'><strong>librariis</strong></span> <span class='ocrx_word' id='word_1_127' title='bbox 714 1360 779 1392; x_wconf 86' lang='lat' dir='ltr'><strong>im-</strong></span> 
     </span>
     <span class='ocr_line' id='line_1_23' title="bbox 106 1373 780 1460; baseline -0.003 -20"><span class='ocrx_word' id='word_1_128' title='bbox 106 1373 223 1459; x_wconf 76' lang='lat' dir='ltr'><strong>putari</strong></span> <span class='ocrx_word' id='word_1_129' title='bbox 246 1408 374 1460; x_wconf 81' lang='lat' dir='ltr'><strong>posset.</strong></span> <span class='ocrx_word' id='word_1_130' title='bbox 423 1406 515 1440; x_wconf 90' lang='lat' dir='ltr'><strong>Nam</strong></span> <span class='ocrx_word' id='word_1_131' title='bbox 547 1407 638 1452; x_wconf 88' lang='lat' dir='ltr'><strong>quod</strong></span> <span class='ocrx_word' id='word_1_132' title='bbox 671 1406 780 1439; x_wconf 83' lang='lat' dir='ltr'><strong>Stall-</strong></span> 
     </span>
     <span class='ocr_line' id='line_1_24' title="bbox 106 1450 779 1496; baseline -0.003 -9"><span class='ocrx_word' id='word_1_133' title='bbox 106 1450 262 1487; x_wconf 79' lang='lat' dir='ltr'><strong>bauinius</strong></span> <span class='ocrx_word' id='word_1_134' title='bbox 295 1451 329 1485; x_wconf 90' lang='lat' dir='ltr'><strong>in</strong></span> <span class='ocrx_word' id='word_1_135' title='bbox 364 1463 434 1487; x_wconf 88' lang='lat' dir='ltr'><strong>sec.</strong></span> <span class='ocrx_word' id='word_1_136' title='bbox 459 1451 513 1488; x_wconf 88' lang='lat' dir='ltr'><strong>ed.</strong></span> <span class='ocrx_word' id='word_1_137' title='bbox 538 1465 612 1496; x_wconf 90' lang='lat' dir='ltr'><strong>„re</strong></span> <span class='ocrx_word' id='word_1_138' title='bbox 636 1452 779 1496; x_wconf 86' lang='lat' dir='ltr'><strong>diligen-</strong></span> 
     </span>
     <span class='ocr_line' id='line_1_25' title="bbox 106 1497 778 1545; baseline -0.001 -11"><span class='ocrx_word' id='word_1_139' title='bbox 106 1500 178 1535; x_wconf 83' lang='lat' dir='ltr'><strong>tius</strong></span> <span class='ocrx_word' id='word_1_140' title='bbox 202 1497 421 1532; x_wconf 85' lang='lat' dir='ltr'><strong>cons1derata</strong></span> <span class='ocrx_word' id='word_1_141' title='bbox 431 1501 454 1518; x_wconf 94' lang='lat'><strong>“</strong></span> <span class='ocrx_word' id='word_1_142' title='bbox 480 1499 532 1542; x_wconf 90' lang='lat' dir='ltr'><strong>(in</strong></span> <span class='ocrx_word' id='word_1_143' title='bbox 556 1499 668 1545; x_wconf 87' lang='lat' dir='ltr'><strong>prima</strong></span> <span class='ocrx_word' id='word_1_144' title='bbox 687 1498 778 1533; x_wconf 87' lang='lat' dir='ltr'><strong>enim</strong></span> 
     </span>
     <span class='ocr_line' id='line_1_26' title="bbox 107 1541 778 1598; baseline -0.003 -18"><span class='ocrx_word' id='word_1_145' title='bbox 107 1556 175 1580; x_wconf 92' lang='lat' dir='ltr'><strong>non</strong></span> <span class='ocrx_word' id='word_1_146' title='bbox 198 1544 335 1598; x_wconf 64' lang='lat' dir='ltr'><strong>quidem</strong></span> <span class='ocrx_word' id='word_1_147' title='bbox 360 1541 578 1589; x_wconf 79' lang='grc' dir='ltr'><strong><em>ἐπαΐοντες,</em></strong></span> <span class='ocrx_word' id='word_1_148' title='bbox 611 1546 672 1579; x_wconf 89' lang='lat' dir='ltr'><strong>sed</strong></span> <span class='ocrx_word' id='word_1_149' title='bbox 697 1557 778 1579; x_wconf 91' lang='lat' dir='ltr'><strong>con-</strong></span> 
     </span>
     <span class='ocr_line' id='line_1_27' title="bbox 105 1589 780 1636; baseline -0.001 -10"><span class='ocrx_word' id='word_1_150' title='bbox 105 1602 209 1626; x_wconf 91' lang='lat' dir='ltr'><strong>sensu</strong></span> <span class='ocrx_word' id='word_1_151' title='bbox 233 1590 385 1625; x_wconf 88' lang='lat' dir='ltr'><strong>codicum</strong></span> <span class='ocrx_word' id='word_1_152' title='bbox 414 1595 587 1636; x_wconf 83' lang='lat' dir='ltr'><strong>permotus</strong></span> <span class='ocrx_word' id='word_1_153' title='bbox 612 1589 780 1634; x_wconf 81' lang='grc' dir='ltr'><strong><em>οἰόμενοι</em></strong></span> 
     </span>
     <span class='ocr_line' id='line_1_28' title="bbox 106 1622 779 1682; baseline 0.001 -11"><span class='ocrx_word' id='word_1_154' title='bbox 106 1637 309 1682; x_wconf 82' lang='lat' dir='ltr'>receperat)</span> <span class='ocrx_word' id='word_1_155' title='bbox 343 1649 491 1671; x_wconf 85' lang='lat' dir='ltr'><strong>errorem</strong></span> <span class='ocrx_word' id='word_1_156' title='bbox 523 1622 694 1672; x_wconf 81' lang='lat' dir='ltr'><strong>scribendi</strong></span> <span class='ocrx_word' id='word_1_157' title='bbox 718 1649 779 1671; x_wconf 86' lang='lat' dir='ltr'><strong>na·-</strong></span> 
     </span>
     <span class='ocr_line' id='line_1_29' title="bbox 106 1683 779 1739; baseline 0 -21"><span class='ocrx_word' id='word_1_158' title='bbox 106 1687 179 1718; x_wconf 79' lang='lat' dir='ltr'><strong>tum</strong></span> <span class='ocrx_word' id='word_1_159' title='bbox 224 1683 346 1717; x_wconf 83' lang='lat' dir='ltr'><strong>exinde</strong></span> <span class='ocrx_word' id='word_1_160' title='bbox 389 1684 598 1727; x_wconf 81' lang='lat' dir='ltr'><strong>arbitratur,</strong></span> <span class='ocrx_word' id='word_1_161' title='bbox 651 1683 779 1739; x_wconf 84' lang='lat' dir='ltr'><strong>„quod</strong></span> 
     </span>
     <span class='ocr_line' id='line_1_30' title="bbox 106 1727 778 1787; baseline 0 -24"><span class='ocrx_word' id='word_1_162' title='bbox 106 1729 258 1771; x_wconf 85' lang='lat' dir='ltr'><strong>librarii,</strong></span> <span class='ocrx_word' id='word_1_163' title='bbox 305 1730 514 1787; x_wconf 86' lang='lat' dir='ltr'><strong>praecedens</strong></span> <span class='ocrx_word' id='word_1_164' title='bbox 550 1730 634 1764; x_wconf 91' lang='lat' dir='ltr'><strong>illud</strong></span> <span class='ocrx_word' id='word_1_165' title='bbox 673 1727 778 1769; x_wconf 80' lang='grc' dir='ltr'><strong><em>ὅπως</em></strong></span> 
     </span>
     <span class='ocr_line' id='line_1_31' title="bbox 110 1771 780 1823; baseline -0.001 -12"><span class='ocrx_word' id='word_1_166' title='bbox 110 1772 289 1819; x_wconf 79' lang='grc' dir='ltr'><strong><em>ἄρξουσιν</em></strong></span> <span class='ocrx_word' id='word_1_167' title='bbox 311 1771 338 1819; x_wconf 81' lang='grc' dir='ltr'><em>ἢ</em></span> <span class='ocrx_word' id='word_1_168' title='bbox 368 1776 568 1815; x_wconf 76' lang='grc' dir='ltr'><strong><em>πείθοντες</em></strong></span> <span class='ocrx_word' id='word_1_169' title='bbox 597 1773 621 1820; x_wconf 77' lang='grc' dir='ltr'>ἢ</span> <span class='ocrx_word' id='word_1_170' title='bbox 652 1774 780 1823; x_wconf 78' lang='grc' dir='ltr'><strong><em>βιαζό-</em></strong></span> 
     </span>
     <span class='ocr_line' id='line_1_32' title="bbox 107 1821 781 1877; baseline 0 -21"><span class='ocrx_word' id='word_1_171' title='bbox 107 1833 214 1877; x_wconf 78' lang='grc' dir='ltr'><strong><em>μενοι</em></strong></span> <span class='ocrx_word' id='word_1_172' title='bbox 236 1822 272 1856; x_wconf 90' lang='lat' dir='ltr'><strong>in</strong></span> <span class='ocrx_word' id='word_1_173' title='bbox 310 1821 422 1856; x_wconf 88' lang='lat' dir='ltr'><strong>animo</strong></span> <span class='ocrx_word' id='word_1_174' title='bbox 456 1823 665 1865; x_wconf 85' lang='lat' dir='ltr'><strong>retinentes,</strong></span> <span class='ocrx_word' id='word_1_175' title='bbox 698 1824 781 1857; x_wconf 91' lang='lat' dir='ltr'><strong>sub-</strong></span> 
     </span>
     <span class='ocr_line' id='line_1_33' title="bbox 109 1867 781 1913; baseline 0 -11"><span class='ocrx_word' id='word_1_176' title='bbox 109 1868 214 1911; x_wconf 89' lang='lat' dir='ltr'><strong>iecti,</strong></span> <span class='ocrx_word' id='word_1_177' title='bbox 246 1867 336 1913; x_wconf 90' lang='lat' dir='ltr'><strong>quod</strong></span> <span class='ocrx_word' id='word_1_178' title='bbox 368 1873 515 1910; x_wconf 88' lang='lat' dir='ltr'><strong>vocant,</strong></span> <span class='ocrx_word' id='word_1_179' title='bbox 549 1869 781 1903; x_wconf 75' lang='lat' dir='ltr'>diversitatem</span> 
     </span>
     <span class='ocr_line' id='line_1_34' title="bbox 110 1913 782 1959; baseline -0.001 -10"><span class='ocrx_word' id='word_1_180' title='bbox 110 1927 178 1949; x_wconf 87' lang='lat' dir='ltr'><strong>non</strong></span> <span class='ocrx_word' id='word_1_181' title='bbox 209 1914 294 1948; x_wconf 86' lang='lat' dir='ltr'><strong>satis</strong></span> <span class='ocrx_word' id='word_1_182' title='bbox 326 1913 541 1959; x_wconf 86' lang='lat' dir='ltr'><strong>diligenter“</strong></span> <span class='ocrx_word' id='word_1_183' title='bbox 567 1915 782 1949; x_wconf 85' lang='lat' dir='ltr'><strong>animadver-</strong></span> 
     </span>
     <span class='ocr_line' id='line_1_35' title="bbox 111 1959 782 2005; baseline 0.001 -11"><span class='ocrx_word' id='word_1_184' title='bbox 111 1960 218 1995; x_wconf 85' lang='lat' dir='ltr'><strong>terint</strong></span> <span class='ocrx_word' id='word_1_185' title='bbox 237 1986 248 2003; x_wconf 91' lang='lat'>‚</span> <span class='ocrx_word' id='word_1_186' title='bbox 302 1961 393 1995; x_wconf 88' lang='lat' dir='ltr'><strong>unde</strong></span> <span class='ocrx_word' id='word_1_187' title='bbox 438 1973 553 1995; x_wconf 88' lang='lat' dir='ltr'><strong>omnes</strong></span> <span class='ocrx_word' id='word_1_188' title='bbox 600 1959 782 2005; x_wconf 87' lang='grc' dir='ltr'><strong><em>οἰόμενοι,</em></strong></span> 
     </span>
     <span class='ocr_line' id='line_1_36' title="bbox 110 2004 782 2053; baseline 0.003 -13"><span class='ocrx_word' id='word_1_189' title='bbox 110 2007 207 2041; x_wconf 84' lang='lat' dir='ltr'><strong>multi</strong></span> <span class='ocrx_word' id='word_1_190' title='bbox 251 2006 357 2040; x_wconf 85' lang='lat' dir='ltr'><strong>etiam</strong></span> <span class='ocrx_word' id='word_1_191' title='bbox 402 2004 596 2048; x_wconf 73' lang='grc' dir='ltr'><strong><em>ἐπαΐοντες</em></strong></span> <span class='ocrx_word' id='word_1_192' title='bbox 632 2008 782 2053; x_wconf 87' lang='lat' dir='ltr'><strong>scripse-</strong></span> 
     </span>
     <span class='ocr_line' id='line_1_37' title="bbox 111 2053 782 2100; baseline 0.001 -13"><span class='ocrx_word' id='word_1_193' title='bbox 111 2054 194 2095; x_wconf 86' lang='lat' dir='ltr'><strong>rint,</strong></span> <span class='ocrx_word' id='word_1_194' title='bbox 218 2053 294 2099; x_wconf 86' lang='lat' dir='ltr'><strong>quis</strong></span> <span class='ocrx_word' id='word_1_195' title='bbox 317 2053 394 2087; x_wconf 84' lang='lat' dir='ltr'><strong>illos</strong></span> <span class='ocrx_word' id='word_1_196' title='bbox 418 2054 548 2096; x_wconf 89' lang='lat' dir='ltr'><strong>credat,</strong></span> <span class='ocrx_word' id='word_1_197' title='bbox 573 2066 675 2099; x_wconf 79' lang='lat' dir='ltr'><strong>quum</strong></span> <span class='ocrx_word' id='word_1_198' title='bbox 699 2066 782 2100; x_wconf 88' lang='lat' dir='ltr'><strong>pro-</strong></span> 
     </span>
     <span class='ocr_line' id='line_1_38' title="bbox 111 2097 782 2144; baseline 0.001 -12"><span class='ocrx_word' id='word_1_199' title='bbox 111 2099 237 2133; x_wconf 85' lang='lat' dir='ltr'><strong>ximum</strong></span> <span class='ocrx_word' id='word_1_200' title='bbox 265 2097 453 2144; x_wconf 81' lang='grc' dir='ltr'><strong><em>ψέγοντας</em></strong></span> <span class='ocrx_word' id='word_1_201' title='bbox 487 2100 654 2134; x_wconf 84' lang='lat' dir='ltr'><strong>intactum</strong></span> <span class='ocrx_word' id='word_1_202' title='bbox 700 2101 782 2134; x_wconf 87' lang='lat' dir='ltr'><strong>reli-</strong></span> 
     </span>
     <span class='ocr_line' id='line_1_39' title="bbox 112 2144 781 2190; baseline 0.003 -12"><span class='ocrx_word' id='word_1_203' title='bbox 112 2146 290 2190; x_wconf 89' lang='lat' dir='ltr'><strong>quissent,</strong></span> <span class='ocrx_word' id='word_1_204' title='bbox 335 2145 480 2190; x_wconf 87' lang='lat' dir='ltr'><strong>primum</strong></span> <span class='ocrx_word' id='word_1_205' title='bbox 512 2147 546 2180; x_wconf 88' lang='lat' dir='ltr'><strong>in</strong></span> <span class='ocrx_word' id='word_1_206' title='bbox 578 2144 781 2187; x_wconf 81' lang='grc' dir='ltr'><strong><em>ε’παῖὀντας</em></strong></span> 
     </span>
     <span class='ocr_line' id='line_1_40' title="bbox 113 2191 780 2237; baseline 0.005 -13"><span class='ocrx_word' id='word_1_207' title='bbox 113 2191 289 2225; x_wconf 87' lang='lat' dir='ltr'><strong>nonnullos</strong></span> <span class='ocrx_word' id='word_1_208' title='bbox 321 2203 448 2237; x_wconf 85' lang='lat' dir='ltr'><strong>eosque</strong></span> <span class='ocrx_word' id='word_1_209' title='bbox 489 2192 780 2237; x_wconf 80' lang='lat' dir='ltr'>diligentissimos,</span> 
     </span>
     <span class='ocr_line' id='line_1_41' title="bbox 114 2237 780 2281; baseline 0.003 -10"><span class='ocrx_word' id='word_1_210' title='bbox 114 2237 238 2272; x_wconf 89' lang='lat' dir='ltr'><strong>deinde</strong></span> <span class='ocrx_word' id='word_1_211' title='bbox 269 2237 371 2281; x_wconf 87' lang='lat' dir='ltr'><strong>longo</strong></span> <span class='ocrx_word' id='word_1_212' title='bbox 401 2238 582 2273; x_wconf 82' lang='lat' dir='ltr'><strong>intervallo</strong></span> <span class='ocrx_word' id='word_1_213' title='bbox 606 2251 722 2273; x_wconf 84' lang='lat' dir='ltr'><strong>omnes</strong></span> <span class='ocrx_word' id='word_1_214' title='bbox 744 2239 780 2273; x_wconf 89' lang='lat' dir='ltr'><strong>in</strong></span> 
     </span>
     <span class='ocr_line' id='line_1_42' title="bbox 115 2281 781 2340; baseline 0.003 -23"><span class='ocrx_word' id='word_1_215' title='bbox 115 2281 313 2340; x_wconf 82' lang='grc' dir='ltr'><strong><em>οἰομένους</em></strong></span> <span class='ocrx_word' id='word_1_216' title='bbox 338 2283 547 2319; x_wconf 68' lang='lat' dir='ltr'><strong>offendisse?</strong></span> <span class='ocrx_word' id='word_1_217' title='bbox 595 2286 726 2319; x_wconf 84' lang='lat' dir='ltr'>Contra</span> <span class='ocrx_word' id='word_1_218' title='bbox 749 2286 781 2320; x_wconf 89' lang='lat' dir='ltr'><strong>si</strong></span> 
     </span>
     <span class='ocr_line' id='line_1_43' title="bbox 112 2326 782 2377; baseline 0.003 -14"><span class='ocrx_word' id='word_1_219' title='bbox 112 2330 213 2364; x_wconf 80' lang='lat' dir='ltr'><strong>Plato</strong></span> <span class='ocrx_word' id='word_1_220' title='bbox 261 2326 458 2370; x_wconf 77' lang='grc' dir='ltr'><strong><em>ἐπαΐοντες</em></strong></span> <span class='ocrx_word' id='word_1_221' title='bbox 511 2331 699 2377; x_wconf 80' lang='lat' dir='ltr'><strong>scripserat</strong></span> <span class='ocrx_word' id='word_1_222' title='bbox 745 2335 782 2365; x_wconf 89' lang='lat' dir='ltr'><strong>et</strong></span> 
     </span>
     <span class='ocr_line' id='line_1_44' title="bbox 114 2373 782 2423; baseline 0.003 -13"><span class='ocrx_word' id='word_1_223' title='bbox 114 2373 303 2420; x_wconf 87' lang='grc' dir='ltr'><strong><em>οἰόμενοι,</em></strong></span> <span class='ocrx_word' id='word_1_224' title='bbox 329 2375 408 2409; x_wconf 85' lang='lat' dir='ltr'><strong>fieri</strong></span> <span class='ocrx_word' id='word_1_225' title='bbox 430 2377 487 2411; x_wconf 87' lang='lat' dir='ltr'><strong>vix</strong></span> <span class='ocrx_word' id='word_1_226' title='bbox 511 2381 674 2423; x_wconf 82' lang='lat' dir='ltr'><strong>poterat,</strong></span> <span class='ocrx_word' id='word_1_227' title='bbox 699 2378 782 2423; x_wconf 89' lang='lat' dir='ltr'><strong>quin</strong></span> 
     </span>
     <span class='ocr_line' id='line_1_45' title="bbox 114 2422 782 2468; baseline 0.004 -13"><span class='ocrx_word' id='word_1_228' title='bbox 114 2422 209 2468; x_wconf 86' lang='lat' dir='ltr'><strong>prius</strong></span> <span class='ocrx_word' id='word_1_229' title='bbox 238 2422 398 2456; x_wconf 81' lang='lat' dir='ltr'><strong>vitiosum</strong></span> <span class='ocrx_word' id='word_1_230' title='bbox 440 2423 642 2468; x_wconf 87' lang='lat' dir='ltr'><strong>quibusdam</strong></span> <span class='ocrx_word' id='word_1_231' title='bbox 675 2428 711 2458; x_wconf 88' lang='lat' dir='ltr'><strong>et</strong></span> <span class='ocrx_word' id='word_1_232' title='bbox 748 2425 782 2458; x_wconf 88' lang='lat' dir='ltr'><strong>in</strong></span> 
     </span>
     <span class='ocr_line' id='line_1_46' title="bbox 114 2468 780 2504; baseline 0.003 -2"><span class='ocrx_word' id='word_1_233' title='bbox 114 2468 347 2502; x_wconf 81' lang='lat' dir='ltr'><strong>accusativum</strong></span> <span class='ocrx_word' id='word_1_234' title='bbox 370 2470 565 2503; x_wconf 81' lang='lat' dir='ltr'><strong>mutandum</strong></span> <span class='ocrx_word' id='word_1_235' title='bbox 588 2470 780 2504; x_wconf 87' lang='lat' dir='ltr'><strong>videretur·</strong></span> 
     </span>
     <span class='ocr_line' id='line_1_47' title="bbox 115 2514 781 2560; baseline 0.003 -12"><span class='ocrx_word' id='word_1_236' title='bbox 115 2514 260 2548; x_wconf 85' lang='lat' dir='ltr'><strong>alterum</strong></span> <span class='ocrx_word' id='word_1_237' title='bbox 281 2515 358 2560; x_wconf 85' lang='lat' dir='ltr'><strong>ipsa</strong></span> <span class='ocrx_word' id='word_1_238' title='bbox 381 2515 544 2550; x_wconf 75' lang='lat' dir='ltr'>distantia</span> <span class='ocrx_word' id='word_1_239' title='bbox 566 2518 677 2550; x_wconf 77' lang='lat' dir='ltr'><strong>tutum</strong></span> <span class='ocrx_word' id='word_1_240' title='bbox 695 2520 781 2552; x_wconf 84' lang='lat' dir='ltr'><strong>erat.</strong></span> 
     </span>
     <span class='ocr_line' id='line_1_48' title="bbox 115 2561 783 2608; baseline 0.003 -14"><span class='ocrx_word' id='word_1_241' title='bbox 115 2561 188 2594; x_wconf 89' lang='lat' dir='ltr'><strong>Sed</strong></span> <span class='ocrx_word' id='word_1_242' title='bbox 211 2573 301 2606; x_wconf 87' lang='lat' dir='ltr'><strong>quae</strong></span> <span class='ocrx_word' id='word_1_243' title='bbox 325 2573 345 2594; x_wconf 90' lang='lat' dir='ltr'><strong>a</strong></span> <span class='ocrx_word' id='word_1_244' title='bbox 369 2563 471 2596; x_wconf 88' lang='lat' dir='ltr'><strong>rebus</strong></span> <span class='ocrx_word' id='word_1_245' title='bbox 491 2563 643 2596; x_wconf 86' lang='lat' dir='ltr'><strong>externis</strong></span> <span class='ocrx_word' id='word_1_246' title='bbox 658 2567 783 2608; x_wconf 80' lang='lat' dir='ltr'><strong>petun-</strong></span> 
     </span>
     <span class='ocr_line' id='line_1_49' title="bbox 115 2607 784 2651; baseline 0.004 -11"><span class='ocrx_word' id='word_1_247' title='bbox 115 2611 173 2640; x_wconf 80' lang='lat' dir='ltr'><strong>tur</strong></span> <span class='ocrx_word' id='word_1_248' title='bbox 202 2607 361 2641; x_wconf 86' lang='lat' dir='ltr'><strong>veritatis</strong></span> <span class='ocrx_word' id='word_1_249' title='bbox 384 2608 530 2651; x_wconf 82' lang='lat' dir='ltr'><strong>indicia,</strong></span> <span class='ocrx_word' id='word_1_250' title='bbox 573 2621 614 2642; x_wconf 89' lang='lat' dir='ltr'><strong>ea</strong></span> <span class='ocrx_word' id='word_1_251' title='bbox 645 2614 784 2643; x_wconf 79' lang='lat' dir='ltr'><strong>nostrae</strong></span> 
     </span>
     <span class='ocr_line' id='line_1_50' title="bbox 115 2652 782 2698; baseline 0.004 -12"><span class='ocrx_word' id='word_1_252' title='bbox 115 2652 252 2686; x_wconf 87' lang='lat' dir='ltr'><strong>lectioni</strong></span> <span class='ocrx_word' id='word_1_253' title='bbox 287 2659 501 2698; x_wconf 81' lang='lat' dir='ltr'><strong>supersunt.</strong></span> <span class='ocrx_word' id='word_1_254' title='bbox 553 2655 605 2688; x_wconf 85' lang='lat' dir='ltr'><strong>Ad</strong></span> <span class='ocrx_word' id='word_1_255' title='bbox 647 2666 782 2689; x_wconf 84' lang='lat' dir='ltr'><strong>sensum</strong></span> 
     </span>
     <span class='ocr_line' id='line_1_51' title="bbox 115 2699 782 2745; baseline 0.003 -13"><span class='ocrx_word' id='word_1_256' title='bbox 115 2710 199 2733; x_wconf 87' lang='lat' dir='ltr'><strong>vero</strong></span> <span class='ocrx_word' id='word_1_257' title='bbox 222 2699 310 2734; x_wconf 89' lang='lat' dir='ltr'><strong>dura</strong></span> <span class='ocrx_word' id='word_1_258' title='bbox 332 2701 468 2745; x_wconf 87' lang='lat' dir='ltr'><strong>quidem</strong></span> <span class='ocrx_word' id='word_1_259' title='bbox 504 2705 560 2735; x_wconf 85' lang='lat' dir='ltr'><strong>est</strong></span> <span class='ocrx_word' id='word_1_260' title='bbox 582 2701 782 2735; x_wconf 81' lang='lat' dir='ltr'><strong>nominativi</strong></span> 
     </span>
    </p>
   </div>
   <div class='ocr_carea' id='block_1_8' title="bbox 117 2745 782 2886">
    <p class='ocr_par' dir='ltr' id='par_1_8' title="bbox 117 2745 782 2886">
     <span class='ocr_line' id='line_1_52' title="bbox 117 2745 782 2793; baseline 0.005 -15"><span class='ocrx_word' id='word_1_261' title='bbox 117 2745 312 2788; x_wconf 86' lang='lat' dir='ltr'><strong>successio,</strong></span> <span class='ocrx_word' id='word_1_262' title='bbox 335 2747 395 2780; x_wconf 91' lang='lat' dir='ltr'><strong>sed</strong></span> <span class='ocrx_word' id='word_1_263' title='bbox 419 2759 486 2781; x_wconf 92' lang='lat' dir='ltr'><strong>non</strong></span> <span class='ocrx_word' id='word_1_264' title='bbox 510 2747 585 2781; x_wconf 86' lang='lat' dir='ltr'><strong>sine</strong></span> <span class='ocrx_word' id='word_1_265' title='bbox 608 2747 782 2793; x_wconf 82' lang='lat' dir='ltr'><strong>exemplis.</strong></span> 
     </span>
     <span class='ocr_line' id='line_1_53' title="bbox 117 2790 782 2839; baseline 0.008 -16"><span class='ocrx_word' id='word_1_266' title='bbox 117 2790 263 2827; x_wconf 80' lang='lat' dir='ltr'><strong>Phaedr.</strong></span> <span class='ocrx_word' id='word_1_267' title='bbox 287 2803 322 2836; x_wconf 89' lang='lat' dir='ltr'><strong>p.</strong></span> <span class='ocrx_word' id='word_1_268' title='bbox 344 2794 425 2828; x_wconf 76' lang='lat'><strong>241.</strong></span> <span class='ocrx_word' id='word_1_269' title='bbox 450 2794 494 2829; x_wconf 92' lang='lat' dir='ltr'><strong>D.</strong></span> <span class='ocrx_word' id='word_1_270' title='bbox 528 2805 629 2839; x_wconf 89' lang='lat' dir='ltr'><strong>quum</strong></span> <span class='ocrx_word' id='word_1_271' title='bbox 653 2795 782 2828; x_wconf 89' lang='lat' dir='ltr'><strong>Socra-</strong></span> 
     </span>
     <span class='ocr_line' id='line_1_54' title="bbox 118 2835 782 2886; baseline 0.005 -15"><span class='ocrx_word' id='word_1_272' title='bbox 118 2840 172 2871; x_wconf 84' lang='lat' dir='ltr'><strong>tes</strong></span> <span class='ocrx_word' id='word_1_273' title='bbox 197 2837 338 2872; x_wconf 79' lang='lat' dir='ltr'><strong>dixisset</strong></span> <span class='ocrx_word' id='word_1_274' title='bbox 368 2837 453 2875; x_wconf 65' lang='lat'><em>0222’</em></span> <span class='ocrx_word' id='word_1_275' title='bbox 482 2835 558 2886; x_wconf 82' lang='grc' dir='ltr'><strong>ἤδη</strong></span> <span class='ocrx_word' id='word_1_276' title='bbox 587 2850 647 2875; x_wconf 85' lang='grc' dir='ltr'><strong>σοι</strong></span> <span class='ocrx_word' id='word_1_277' title='bbox 676 2838 782 2880; x_wconf 83' lang='grc' dir='ltr'><strong><em>τέλος</em></strong></span> 
     </span>
    </p>
   </div>
   <div class='ocr_carea' id='block_1_9' title="bbox 833 980 1506 1179">
    <p class='ocr_par' dir='ltr' id='par_1_9' title="bbox 833 980 1506 1173">
     <span class='ocr_line' id='line_1_55' title="bbox 834 980 1505 1033; baseline -0.012 -8"><span class='ocrx_word' id='word_1_278' title='bbox 834 980 992 1033; x_wconf 72' lang='grc' dir='ltr'><strong><em>ἐχέτω</em></strong></span> <span class='ocrx_word' id='word_1_279' title='bbox 972 1002 992 1025; x_wconf 93' lang='lat' dir='ltr'><strong>o</strong></span> <span class='ocrx_word' id='word_1_280' title='bbox 1025 986 1155 1033; x_wconf 83' lang='grc' dir='ltr'><strong><em>λόγος,</em></strong></span> <span class='ocrx_word' id='word_1_281' title='bbox 1180 984 1358 1021; x_wconf 85' lang='lat' dir='ltr'><strong>Phaedrus</strong></span> <span class='ocrx_word' id='word_1_282' title='bbox 1381 983 1505 1019; x_wconf 78' lang='grc' dir='ltr'><strong><em>καίτοι</em></strong></span> 
     </span>
     <span class='ocr_line' id='line_1_56' title="bbox 834 1028 1506 1095; baseline -0.01 -24"><span class='ocrx_word' id='word_1_283' title='bbox 834 1036 942 1095; x_wconf 79' lang='grc' dir='ltr'><strong><em>ᾤμην</em></strong></span> <span class='ocrx_word' id='word_1_284' title='bbox 965 1047 1026 1080; x_wconf 82' lang='grc' dir='ltr'><strong>γε,</strong></span> <span class='ocrx_word' id='word_1_285' title='bbox 1060 1035 1188 1091; x_wconf 87' lang='lat' dir='ltr'><strong>inquit,</strong></span> <span class='ocrx_word' id='word_1_286' title='bbox 1222 1032 1361 1077; x_wconf 82' lang='grc' dir='ltr'><strong><em>μεσοῦν</em></strong></span> <span class='ocrx_word' id='word_1_287' title='bbox 1383 1028 1506 1066; x_wconf 74' lang='grc' dir='ltr'><strong><em>αὐτὸν</em></strong></span> 
     </span>
     <span class='ocr_line' id='line_1_57' title="bbox 833 1075 1502 1126; baseline -0.012 -8"><span class='ocrx_word' id='word_1_288' title='bbox 833 1083 898 1118; x_wconf 77' lang='grc' dir='ltr'><strong>καὶ</strong></span> <span class='ocrx_word' id='word_1_289' title='bbox 926 1080 1022 1126; x_wconf 85' lang='grc' dir='ltr'><strong><em>ε’ρεῖν</em></strong></span> <span class='ocrx_word' id='word_1_290' title='bbox 1053 1079 1102 1115; x_wconf 74' lang='grc' dir='ltr'><strong>τὰ</strong></span> <span class='ocrx_word' id='word_1_291' title='bbox 1136 1081 1198 1114; x_wconf 79' lang='grc' dir='ltr'><strong><em>ἴσα</em></strong></span> <span class='ocrx_word' id='word_1_292' title='bbox 1227 1078 1313 1122; x_wconf 84' lang='grc' dir='ltr'><strong><em>περὶ</em></strong></span> <span class='ocrx_word' id='word_1_293' title='bbox 1352 1078 1419 1112; x_wconf 84' lang='grc' dir='ltr'><strong>τοῦ</strong></span> <span class='ocrx_word' id='word_1_294' title='bbox 1452 1075 1502 1121; x_wconf 87' lang='grc' dir='ltr'><strong><em>μὴ</em></strong></span> 
     </span>
     <span class='ocr_line' id='line_1_58' title="bbox 833 1123 1505 1179; baseline -0.012 -15"><span class='ocrx_word' id='word_1_295' title='bbox 833 1127 1018 1173; x_wconf 77' lang='grc' dir='ltr'><strong><em>ἐρῶντος,</em></strong></span> <span class='ocrx_word' id='word_1_296' title='bbox 1044 1140 1096 1167; x_wconf 90' lang='grc' dir='ltr'><strong>ως</strong></span> <span class='ocrx_word' id='word_1_297' title='bbox 1127 1127 1187 1161; x_wconf 81' lang='grc' dir='ltr'><strong><em>δεῖ</em></strong></span> <span class='ocrx_word' id='word_1_298' title='bbox 1215 1123 1340 1179; x_wconf 79' lang='grc' dir='ltr'><strong><em>ἐκείνῳ</em></strong></span> <span class='ocrx_word' id='word_1_299' title='bbox 1364 1124 1505 1178; x_wconf 82' lang='grc' dir='ltr'><strong><em>χαρίζε-</em></strong></span> 
     </span>
    </p>
   </div>
   <div class='ocr_carea' id='block_1_10' title="bbox 808 1168 1506 1218">
    <p class='ocr_par' dir='ltr' id='par_1_10' title="bbox 808 1168 1506 1218">
     <span class='ocr_line' id='line_1_59' title="bbox 808 1168 1506 1218; baseline -0.009 -9"><span class='ocrx_word' id='word_1_300' title='bbox 808 1214 811 1218; x_wconf 55' lang='grc'><strong><em>,</em></strong></span> <span class='ocrx_word' id='word_1_301' title='bbox 834 1177 927 1210; x_wconf 88' lang='grc' dir='ltr'><strong><em>σθαι</em></strong></span> <span class='ocrx_word' id='word_1_302' title='bbox 945 1175 1106 1218; x_wconf 79' lang='grc' dir='ltr'><strong><em>μᾶλλον,</em></strong></span> <span class='ocrx_word' id='word_1_303' title='bbox 1137 1171 1252 1216; x_wconf 84' lang='grc' dir='ltr'><strong><em>λέγων</em></strong></span> <span class='ocrx_word' id='word_1_304' title='bbox 1272 1168 1344 1206; x_wconf 81' lang='grc' dir='ltr'><strong>ὅσα</strong></span> <span class='ocrx_word' id='word_1_305' title='bbox 1362 1171 1409 1204; x_wconf 80' lang='grc' dir='ltr'><strong>αὐ</strong></span> <span class='ocrx_word' id='word_1_306' title='bbox 1433 1169 1506 1214; x_wconf 72' lang='grc' dir='ltr'><strong><em>ἔχει</em></strong></span> 
     </span>
    </p>
   </div>
   <div class='ocr_carea' id='block_1_11' title="bbox 834 1218 1513 2885">
    <p class='ocr_par' dir='ltr' id='par_1_11' title="bbox 834 1218 1513 2885">
     <span class='ocr_line' id='line_1_60' title="bbox 835 1218 1506 1273; baseline -0.009 -17"><span class='ocrx_word' id='word_1_307' title='bbox 835 1219 981 1265; x_wconf 80' lang='grc' dir='ltr'><strong><em>α’γαθα.</em></strong></span> <span class='ocrx_word' id='word_1_308' title='bbox 1025 1219 1122 1265; x_wconf 91' lang='lat' dir='ltr'><strong>quasi</strong></span> <span class='ocrx_word' id='word_1_309' title='bbox 1169 1219 1204 1252; x_wconf 86' lang='lat' dir='ltr'><strong>in</strong></span> <span class='ocrx_word' id='word_1_310' title='bbox 1247 1218 1401 1273; x_wconf 84' lang='lat' dir='ltr'><strong>proximo</strong></span> <span class='ocrx_word' id='word_1_311' title='bbox 1437 1228 1506 1250; x_wconf 89' lang='lat' dir='ltr'><strong>non</strong></span> 
     </span>
     <span class='ocr_line' id='line_1_61' title="bbox 836 1260 1508 1315; baseline -0.009 -13"><span class='ocrx_word' id='word_1_312' title='bbox 836 1267 942 1315; x_wconf 83' lang='grc' dir='ltr'><strong><em>ᾤμην</em></strong></span> <span class='ocrx_word' id='word_1_313' title='bbox 962 1267 1100 1310; x_wconf 79' lang='grc' dir='ltr'><strong><em>μεσοῦν</em></strong></span> <span class='ocrx_word' id='word_1_314' title='bbox 1122 1262 1266 1307; x_wconf 71' lang='grc' dir='ltr'><strong><em>αὐτὸν,</em></strong></span> <span class='ocrx_word' id='word_1_315' title='bbox 1295 1264 1355 1298; x_wconf 86' lang='lat' dir='ltr'><strong>sed</strong></span> <span class='ocrx_word' id='word_1_316' title='bbox 1381 1260 1508 1297; x_wconf 79' lang='grc' dir='ltr'><strong><em>ἐδόκει</em></strong></span> 
     </span>
     <span class='ocr_line' id='line_1_62' title="bbox 835 1290 1507 1359; baseline -0.009 -11"><span class='ocrx_word' id='word_1_317' title='bbox 835 1326 901 1359; x_wconf 88' lang='grc' dir='ltr'><strong>μοι</strong></span> <span class='ocrx_word' id='word_1_318' title='bbox 930 1313 1069 1357; x_wconf 85' lang='grc' dir='ltr'><strong><em>μεσοῦν</em></strong></span> <span class='ocrx_word' id='word_1_319' title='bbox 1102 1313 1157 1346; x_wconf 85' lang='lat' dir='ltr'><strong>vel</strong></span> <span class='ocrx_word' id='word_1_320' title='bbox 1190 1290 1296 1345; x_wconf 75' lang='lat' dir='ltr'><strong>simile</strong></span> <span class='ocrx_word' id='word_1_321' title='bbox 1321 1310 1400 1355; x_wconf 89' lang='lat' dir='ltr'><strong>quid</strong></span> <span class='ocrx_word' id='word_1_322' title='bbox 1426 1321 1507 1353; x_wconf 89' lang='lat' dir='ltr'><strong>pro-</strong></span> 
     </span>
     <span class='ocr_line' id='line_1_63' title="bbox 836 1356 1510 1395; baseline -0.01 0"><span class='ocrx_word' id='word_1_323' title='bbox 836 1361 1039 1395; x_wconf 79' lang='lat' dir='ltr'><strong>nuntiasset.</strong></span> <span class='ocrx_word' id='word_1_324' title='bbox 1088 1359 1141 1392; x_wconf 88' lang='lat' dir='ltr'><strong>Ad</strong></span> <span class='ocrx_word' id='word_1_325' title='bbox 1167 1369 1244 1392; x_wconf 85' lang='lat' dir='ltr'><strong>eum</strong></span> <span class='ocrx_word' id='word_1_326' title='bbox 1266 1357 1377 1390; x_wconf 87' lang='lat' dir='ltr'><strong>locum</strong></span> <span class='ocrx_word' id='word_1_327' title='bbox 1400 1356 1510 1389; x_wconf 89' lang='lat' dir='ltr'><strong>Hein-</strong></span> 
     </span>
     <span class='ocr_line' id='line_1_64' title="bbox 838 1403 1509 1457; baseline -0.007 -17"><span class='ocrx_word' id='word_1_328' title='bbox 838 1408 967 1440; x_wconf 85' lang='lat' dir='ltr'><strong>dorfius</strong></span> <span class='ocrx_word' id='word_1_329' title='bbox 993 1406 1096 1439; x_wconf 87' lang='lat' dir='ltr'><strong>alium</strong></span> <span class='ocrx_word' id='word_1_330' title='bbox 1121 1403 1304 1457; x_wconf 66' lang='lat' dir='ltr'><strong>adsciipsit</strong></span> <span class='ocrx_word' id='word_1_331' title='bbox 1338 1414 1400 1448; x_wconf 84' lang='lat' dir='ltr'><strong>per</strong></span> <span class='ocrx_word' id='word_1_332' title='bbox 1424 1413 1509 1435; x_wconf 83' lang='lat' dir='ltr'><strong>ean-</strong></span> 
     </span>
     <span class='ocr_line' id='line_1_65' title="bbox 837 1449 1508 1495; baseline -0.01 -8"><span class='ocrx_word' id='word_1_333' title='bbox 837 1454 913 1487; x_wconf 89' lang='lat' dir='ltr'><strong>dem</strong></span> <span class='ocrx_word' id='word_1_334' title='bbox 949 1452 1127 1495; x_wconf 83' lang='lat' dir='ltr'><strong>enallagen</strong></span> <span class='ocrx_word' id='word_1_335' title='bbox 1166 1450 1269 1483; x_wconf 84' lang='lat' dir='ltr'><strong>etiam</strong></span> <span class='ocrx_word' id='word_1_336' title='bbox 1312 1449 1508 1493; x_wconf 84' lang='lat' dir='ltr'><strong>ambigumn</strong></span> 
     </span>
     <span class='ocr_line' id='line_1_66' title="bbox 834 1495 1506 1549; baseline -0.008 -16"><span class='ocrx_word' id='word_1_337' title='bbox 834 1501 987 1542; x_wconf 71' lang='lat' dir='ltr'><strong>facumi,</strong></span> <span class='ocrx_word' id='word_1_338' title='bbox 1022 1498 1108 1541; x_wconf 76' lang='lat' dir='ltr'><strong>Leg.</strong></span> <span class='ocrx_word' id='word_1_339' title='bbox 1141 1496 1181 1530; x_wconf 91' lang='lat' dir='ltr'><strong>L.</strong></span> <span class='ocrx_word' id='word_1_340' title='bbox 1208 1496 1252 1529; x_wconf 88' lang='lat' dir='ltr'><strong>X.</strong></span> <span class='ocrx_word' id='word_1_341' title='bbox 1278 1507 1322 1549; x_wconf 91' lang='lat' dir='ltr'><strong>p.</strong></span> <span class='ocrx_word' id='word_1_342' title='bbox 1349 1497 1427 1530; x_wconf 86' lang='grc'>885.</span> <span class='ocrx_word' id='word_1_343' title='bbox 1454 1495 1506 1528; x_wconf 83' lang='lat' dir='ltr'><strong>C:</strong></span> 
     </span>
     <span class='ocr_line' id='line_1_67' title="bbox 837 1538 1509 1588; baseline -0.009 -9"><span class='ocrx_word' id='word_1_344' title='bbox 837 1543 1017 1588; x_wconf 78' lang='grc' dir='ltr'><strong><em>αξιοῦμεν</em></strong></span> <span class='ocrx_word' id='word_1_345' title='bbox 1053 1543 1099 1588; x_wconf 83' lang='grc' dir='ltr'><strong>δὴ</strong></span> <span class='ocrx_word' id='word_1_346' title='bbox 1123 1569 1132 1587; x_wconf 89' lang='grc'><strong>,</strong></span> <span class='ocrx_word' id='word_1_347' title='bbox 1180 1539 1357 1585; x_wconf 76' lang='grc' dir='ltr'><strong><em>καθάπερ</em></strong></span> <span class='ocrx_word' id='word_1_348' title='bbox 1402 1538 1509 1584; x_wconf 85' lang='grc' dir='ltr'><strong>υμεῖς</strong></span> 
     </span>
     <span class='ocr_line' id='line_1_68' title="bbox 834 1585 1509 1646; baseline -0.009 -20"><span class='ocrx_word' id='word_1_349' title='bbox 834 1589 1018 1646; x_wconf 72' lang='grc' dir='ltr'><strong><em>ἠξιώκατε</em></strong></span> <span class='ocrx_word' id='word_1_350' title='bbox 1037 1589 1121 1634; x_wconf 85' lang='grc' dir='ltr'><strong><em>περὶ</em></strong></span> <span class='ocrx_word' id='word_1_351' title='bbox 1143 1586 1281 1631; x_wconf 89' lang='grc' dir='ltr'><strong><em>νόμων,</em></strong></span> <span class='ocrx_word' id='word_1_352' title='bbox 1299 1587 1386 1630; x_wconf 84' lang='grc' dir='ltr'><strong><em>πρὶν</em></strong></span> <span class='ocrx_word' id='word_1_353' title='bbox 1405 1585 1509 1621; x_wconf 74' lang='grc' dir='ltr'><strong><em>ἄπει-</em></strong></span> 
     </span>
     <span class='ocr_line' id='line_1_69' title="bbox 837 1631 1509 1693; baseline -0.008 -21"><span class='ocrx_word' id='word_1_354' title='bbox 837 1640 911 1672; x_wconf 88' lang='grc' dir='ltr'><strong><em>λεῑν</em></strong></span> <span class='ocrx_word' id='word_1_355' title='bbox 939 1634 1029 1693; x_wconf 77' lang='grc' dir='ltr'><strong><em>ἡμῖν</em></strong></span> <span class='ocrx_word' id='word_1_356' title='bbox 1062 1635 1228 1679; x_wconf 70' lang='grc' dir='ltr'><strong><em>σκληραῖς</em></strong></span> <span class='ocrx_word' id='word_1_357' title='bbox 1257 1632 1379 1677; x_wconf 73' lang='grc' dir='ltr'><strong><em>ὑμᾶς,</em></strong></span> <span class='ocrx_word' id='word_1_358' title='bbox 1416 1631 1509 1677; x_wconf 89' lang='grc' dir='ltr'><strong><em>πρό-</em></strong></span> 
     </span>
     <span class='ocr_line' id='line_1_70' title="bbox 835 1679 1509 1739; baseline -0.009 -20"><span class='ocrx_word' id='word_1_359' title='bbox 835 1696 944 1727; x_wconf 82' lang='grc' dir='ltr'><strong><em>τερον</em></strong></span> <span class='ocrx_word' id='word_1_360' title='bbox 975 1681 1171 1739; x_wconf 79' lang='grc' dir='ltr'><strong><em>ἐπιχειρεῖν</em></strong></span> <span class='ocrx_word' id='word_1_361' title='bbox 1196 1680 1345 1714; x_wconf 78' lang='grc' dir='ltr'><strong><em>πείθειν</em></strong></span> <span class='ocrx_word' id='word_1_362' title='bbox 1364 1679 1427 1714; x_wconf 80' lang='grc' dir='ltr'><strong><em>καὶ</em></strong></span> <span class='ocrx_word' id='word_1_363' title='bbox 1455 1680 1509 1713; x_wconf 83' lang='grc' dir='ltr'><strong>δι-</strong></span> 
     </span>
     <span class='ocr_line' id='line_1_71' title="bbox 836 1724 1510 1772; baseline -0.01 -7"><span class='ocrx_word' id='word_1_364' title='bbox 836 1729 1007 1772; x_wconf 77' lang='grc' dir='ltr'><strong><em>δάσκειν,</em></strong></span> <span class='ocrx_word' id='word_1_365' title='bbox 1035 1734 1086 1768; x_wconf 80' lang='grc' dir='ltr'><strong>ως</strong></span> <span class='ocrx_word' id='word_1_366' title='bbox 1107 1727 1176 1762; x_wconf 81' lang='grc' dir='ltr'><strong><em>εἰσὶ</em></strong></span> <span class='ocrx_word' id='word_1_367' title='bbox 1198 1726 1305 1770; x_wconf 81' lang='grc' dir='ltr'><strong><em>θεοὶ,</em></strong></span> <span class='ocrx_word' id='word_1_368' title='bbox 1332 1738 1390 1760; x_wconf 72' lang='grc' dir='ltr'><strong>τεν</strong></span> <span class='ocrx_word' id='word_1_369' title='bbox 1384 1724 1510 1770; x_wconf 82' lang='grc' dir='ltr'><strong><em>,ιιήρια</em></strong></span> 
     </span>
     <span class='ocr_line' id='line_1_72' title="bbox 838 1753 1509 1821; baseline -0.009 -10"><span class='ocrx_word' id='word_1_370' title='bbox 838 1775 1005 1821; x_wconf 77' lang='grc' dir='ltr'><strong><em>λέγοντες</em></strong></span> <span class='ocrx_word' id='word_1_371' title='bbox 1035 1772 1158 1810; x_wconf 74' lang='grc' dir='ltr'><strong><em>ἱκανά.</em></strong></span> <span class='ocrx_word' id='word_1_372' title='bbox 1183 1753 1327 1818; x_wconf 78' lang='lat' dir='ltr'><strong>quoruin</strong></span> <span class='ocrx_word' id='word_1_373' title='bbox 1354 1780 1509 1806; x_wconf 80' lang='lat' dir='ltr'><strong>extrema</strong></span> 
     </span>
     <span class='ocr_line' id='line_1_73' title="bbox 836 1819 1508 1861; baseline -0.007 -4"><span class='ocrx_word' id='word_1_374' title='bbox 836 1824 886 1857; x_wconf 86' lang='lat' dir='ltr'><strong>ita</strong></span> <span class='ocrx_word' id='word_1_375' title='bbox 911 1823 1123 1856; x_wconf 83' lang='lat' dir='ltr'><strong>conformata</strong></span> <span class='ocrx_word' id='word_1_376' title='bbox 1148 1823 1237 1861; x_wconf 85' lang='lat' dir='ltr'><strong>suut,</strong></span> <span class='ocrx_word' id='word_1_377' title='bbox 1261 1823 1300 1853; x_wconf 83' lang='lat' dir='ltr'><strong>ut</strong></span> <span class='ocrx_word' id='word_1_378' title='bbox 1322 1819 1419 1853; x_wconf 84' lang='lat' dir='ltr'><strong>initio</strong></span> <span class='ocrx_word' id='word_1_379' title='bbox 1440 1830 1508 1852; x_wconf 90' lang='lat' dir='ltr'><strong>non</strong></span> 
     </span>
     <span class='ocr_line' id='line_1_74' title="bbox 837 1865 1509 1913; baseline -0.007 -9"><span class='ocrx_word' id='word_1_380' title='bbox 837 1870 920 1910; x_wconf 86' lang='lat' dir='ltr'><strong>hos,</strong></span> <span class='ocrx_word' id='word_1_381' title='bbox 954 1868 1012 1913; x_wconf 84' lang='lat' dir='ltr'><strong>qui</strong></span> <span class='ocrx_word' id='word_1_382' title='bbox 1037 1868 1241 1912; x_wconf 80' lang='lat' dir='ltr'><strong>loquuntur,</strong></span> <span class='ocrx_word' id='word_1_383' title='bbox 1277 1877 1353 1899; x_wconf 84' lang='lat' dir='ltr'><strong>sese</strong></span> <span class='ocrx_word' id='word_1_384' title='bbox 1379 1865 1509 1910; x_wconf 86' lang='lat' dir='ltr'><strong>aliquid</strong></span> 
     </span>
     <span class='ocr_line' id='line_1_75' title="bbox 837 1912 1507 1956; baseline -0.006 -7"><span class='ocrx_word' id='word_1_385' title='bbox 837 1916 925 1950; x_wconf 84' lang='lat' dir='ltr'><strong>velle</strong></span> <span class='ocrx_word' id='word_1_386' title='bbox 951 1915 1214 1954; x_wconf 62' lang='lat' dir='ltr'><strong>demenso-,asse</strong></span> <span class='ocrx_word' id='word_1_387' title='bbox 1239 1912 1300 1946; x_wconf 86' lang='lat' dir='ltr'><strong>sed</strong></span> <span class='ocrx_word' id='word_1_388' title='bbox 1319 1912 1396 1954; x_wconf 86' lang='lat' dir='ltr'><strong>illis,</strong></span> <span class='ocrx_word' id='word_1_389' title='bbox 1421 1922 1507 1956; x_wconf 88' lang='lat' dir='ltr'><strong>quos</strong></span> 
     </span>
     <span class='ocr_line' id='line_1_76' title="bbox 840 1959 1509 2006; baseline -0.007 -11"><span class='ocrx_word' id='word_1_390' title='bbox 840 1962 1074 2006; x_wconf 87' lang='lat' dir='ltr'><strong>alloquuntur,</strong></span> <span class='ocrx_word' id='word_1_391' title='bbox 1109 1960 1200 1993; x_wconf 87' lang='lat' dir='ltr'><strong>idem</strong></span> <span class='ocrx_word' id='word_1_392' title='bbox 1222 1959 1405 1992; x_wconf 83' lang='lat' dir='ltr'><strong>iniunctum</strong></span> <span class='ocrx_word' id='word_1_393' title='bbox 1429 1969 1509 1991; x_wconf 85' lang='lat' dir='ltr'><strong>esse</strong></span> 
     </span>
     <span class='ocr_line' id='line_1_77' title="bbox 840 2004 1508 2052; baseline -0.005 -11"><span class='ocrx_word' id='word_1_394' title='bbox 840 2009 960 2042; x_wconf 85' lang='lat' dir='ltr'><strong>credas</strong></span> <span class='ocrx_word' id='word_1_395' title='bbox 978 2018 1041 2052; x_wconf 85' lang='lat' dir='ltr'><strong>per</strong></span> <span class='ocrx_word' id='word_1_396' title='bbox 1055 2005 1292 2051; x_wconf 86' lang='lat' dir='ltr'><strong>imperativum</strong></span> <span class='ocrx_word' id='word_1_397' title='bbox 1310 2004 1508 2047; x_wconf 80' lang='grc' dir='ltr'><strong><em>πειρᾶσθε.</em></strong></span> 
     </span>
     <span class='ocr_line' id='line_1_78' title="bbox 839 2051 1508 2096; baseline -0.007 -8"><span class='ocrx_word' id='word_1_398' title='bbox 839 2054 1004 2088; x_wconf 79' lang='lat' dir='ltr'><strong>Similiter</strong></span> <span class='ocrx_word' id='word_1_399' title='bbox 1023 2057 1139 2086; x_wconf 86' lang='lat' dir='ltr'><strong>nostro</strong></span> <span class='ocrx_word' id='word_1_400' title='bbox 1156 2052 1229 2085; x_wconf 92' lang='lat' dir='ltr'><strong>loco</strong></span> <span class='ocrx_word' id='word_1_401' title='bbox 1249 2051 1382 2096; x_wconf 89' lang='lat' dir='ltr'><strong>periodi</strong></span> <span class='ocrx_word' id='word_1_402' title='bbox 1403 2062 1508 2096; x_wconf 87' lang='lat' dir='ltr'><strong>prae-</strong></span> 
     </span>
     <span class='ocr_line' id='line_1_79' title="bbox 838 2097 1508 2152; baseline -0.004 -18"><span class='ocrx_word' id='word_1_403' title='bbox 838 2101 960 2145; x_wconf 80' lang='lat' dir='ltr'><strong>longae</strong></span> <span class='ocrx_word' id='word_1_404' title='bbox 985 2111 1093 2152; x_wconf 72' lang='lat' dir='ltr'><strong>eoque</strong></span> <span class='ocrx_word' id='word_1_405' title='bbox 1118 2098 1253 2133; x_wconf 77' lang='lat' dir='ltr'><strong>facilius</strong></span> <span class='ocrx_word' id='word_1_406' title='bbox 1283 2097 1508 2131; x_wconf 84' lang='lat' dir='ltr'><strong>mutationem</strong></span> 
     </span>
     <span class='ocr_line' id='line_1_80' title="bbox 838 2143 1506 2191; baseline -0.006 -11"><span class='ocrx_word' id='word_1_407' title='bbox 838 2146 1033 2191; x_wconf 84' lang='lat' dir='ltr'><strong>recipientis</strong></span> <span class='ocrx_word' id='word_1_408' title='bbox 1072 2145 1149 2179; x_wconf 89' lang='lat' dir='ltr'><strong>finis</strong></span> <span class='ocrx_word' id='word_1_409' title='bbox 1190 2144 1240 2178; x_wconf 81' lang='lat' dir='ltr'><strong>ita</strong></span> <span class='ocrx_word' id='word_1_410' title='bbox 1280 2143 1413 2177; x_wconf 82' lang='lat' dir='ltr'><strong>institui</strong></span> <span class='ocrx_word' id='word_1_411' title='bbox 1446 2155 1506 2188; x_wconf 83' lang='lat' dir='ltr'><strong>po—</strong></span> 
     </span>
     <span class='ocr_line' id='line_1_81' title="bbox 838 2190 1508 2245; baseline -0.007 -18"><span class='ocrx_word' id='word_1_412' title='bbox 838 2193 946 2227; x_wconf 86' lang='lat' dir='ltr'><strong>tuisse</strong></span> <span class='ocrx_word' id='word_1_413' title='bbox 969 2192 1125 2233; x_wconf 86' lang='lat' dir='ltr'><strong>videtur,</strong></span> <span class='ocrx_word' id='word_1_414' title='bbox 1170 2195 1210 2224; x_wconf 88' lang='lat' dir='ltr'><strong>ut</strong></span> <span class='ocrx_word' id='word_1_415' title='bbox 1245 2190 1273 2224; x_wconf 89' lang='grc'><strong>51</strong></span> <span class='ocrx_word' id='word_1_416' title='bbox 1306 2190 1508 2245; x_wconf 85' lang='lat' dir='ltr'><strong>principium</strong></span> 
     </span>
     <span class='ocr_line' id='line_1_82' title="bbox 837 2234 1508 2292; baseline -0.006 -19"><span class='ocrx_word' id='word_1_417' title='bbox 837 2239 1000 2274; x_wconf 83' lang='grc' dir='ltr'><strong><em>νοείσθω</em></strong></span> <span class='ocrx_word' id='word_1_418' title='bbox 1022 2248 1080 2272; x_wconf 89' lang='grc' dir='ltr'><strong>σοι</strong></span> <span class='ocrx_word' id='word_1_419' title='bbox 1097 2234 1288 2271; x_wconf 81' lang='grc' dir='ltr'><strong><em>τοιουτονὶ</em></strong></span> <span class='ocrx_word' id='word_1_420' title='bbox 1306 2234 1508 2292; x_wconf 80' lang='grc' dir='ltr'><strong><em>γενόμενον</em></strong></span> 
     </span>
     <span class='ocr_line' id='line_1_83' title="bbox 836 2282 1509 2326; baseline -0.007 -7"><span class='ocrx_word' id='word_1_421' title='bbox 836 2286 969 2320; x_wconf 86' lang='lat' dir='ltr'><strong>fuisset.</strong></span> <span class='ocrx_word' id='word_1_422' title='bbox 1006 2286 1058 2318; x_wconf 93' lang='lat' dir='ltr'><strong>Ac</strong></span> <span class='ocrx_word' id='word_1_423' title='bbox 1081 2288 1218 2325; x_wconf 86' lang='lat' dir='ltr'><strong>nescio,</strong></span> <span class='ocrx_word' id='word_1_424' title='bbox 1246 2295 1288 2317; x_wconf 91' lang='lat' dir='ltr'><strong>an</strong></span> <span class='ocrx_word' id='word_1_425' title='bbox 1311 2283 1376 2326; x_wconf 86' lang='lat' dir='ltr'><strong>ipsi</strong></span> <span class='ocrx_word' id='word_1_426' title='bbox 1401 2282 1509 2315; x_wconf 87' lang='lat' dir='ltr'><strong>nomi-</strong></span> 
     </span>
     <span class='ocr_line' id='line_1_84' title="bbox 836 2328 1509 2383; baseline -0.006 -17"><span class='ocrx_word' id='word_1_427' title='bbox 836 2332 944 2367; x_wconf 87' lang='lat' dir='ltr'><strong>nativi</strong></span> <span class='ocrx_word' id='word_1_428' title='bbox 992 2331 1040 2364; x_wconf 86' lang='lat' dir='ltr'><strong>illi</strong></span> <span class='ocrx_word' id='word_1_429' title='bbox 1063 2356 1074 2372; x_wconf 90' lang='lat'><strong>,</strong></span> <span class='ocrx_word' id='word_1_430' title='bbox 1129 2341 1215 2383; x_wconf 89' lang='lat' dir='ltr'><strong>quos</strong></span> <span class='ocrx_word' id='word_1_431' title='bbox 1263 2328 1509 2362; x_wconf 81' lang='lat' dir='ltr'><strong>Stallbaumius</strong></span> 
     </span>
     <span class='ocr_line' id='line_1_85' title="bbox 838 2375 1508 2422; baseline -0.007 -10"><span class='ocrx_word' id='word_1_432' title='bbox 838 2379 1106 2419; x_wconf 86' lang='lat' dir='ltr'><strong>commemorat,</strong></span> <span class='ocrx_word' id='word_1_433' title='bbox 1152 2375 1276 2422; x_wconf 91' lang='lat' dir='ltr'><strong>quibus</strong></span> <span class='ocrx_word' id='word_1_434' title='bbox 1324 2386 1508 2420; x_wconf 85' lang='lat' dir='ltr'><strong>perperam</strong></span> 
     </span>
     <span class='ocr_line' id='line_1_86' title="bbox 837 2421 1511 2468; baseline -0.007 -10"><span class='ocrx_word' id='word_1_435' title='bbox 837 2425 993 2458; x_wconf 81' lang='lat' dir='ltr'><strong>diversos</strong></span> <span class='ocrx_word' id='word_1_436' title='bbox 1025 2423 1158 2468; x_wconf 83' lang='lat' dir='ltr'><strong>aliquos</strong></span> <span class='ocrx_word' id='word_1_437' title='bbox 1194 2424 1237 2456; x_wconf 90' lang='lat' dir='ltr'><strong>ab</strong></span> <span class='ocrx_word' id='word_1_438' title='bbox 1279 2421 1373 2454; x_wconf 85' lang='lat' dir='ltr'><strong>hisce</strong></span> <span class='ocrx_word' id='word_1_439' title='bbox 1405 2422 1511 2466; x_wconf 83' lang='lat' dir='ltr'><strong>iguo-</strong></span> 
     </span>
     <span class='ocr_line' id='line_1_87' title="bbox 837 2467 1513 2514; baseline -0.009 -9"><span class='ocrx_word' id='word_1_440' title='bbox 837 2472 996 2505; x_wconf 77' lang='lat' dir='ltr'><strong>rantibus</strong></span> <span class='ocrx_word' id='word_1_441' title='bbox 1019 2472 1055 2503; x_wconf 87' lang='lat' dir='ltr'><strong>et</strong></span> <span class='ocrx_word' id='word_1_442' title='bbox 1076 2470 1297 2514; x_wconf 77' lang='lat' dir='ltr'><strong>opinantibus</strong></span> <span class='ocrx_word' id='word_1_443' title='bbox 1321 2467 1513 2512; x_wconf 77' lang='lat' dir='ltr'><strong>significari</strong></span> 
     </span>
     <span class='ocr_line' id='line_1_88' title="bbox 839 2513 1509 2557; baseline -0.006 -7"><span class='ocrx_word' id='word_1_444' title='bbox 839 2517 981 2557; x_wconf 81' lang='lat' dir='ltr'><strong>statuit,</strong></span> <span class='ocrx_word' id='word_1_445' title='bbox 1021 2515 1247 2550; x_wconf 87' lang='lat' dir='ltr'><strong>substituendi</strong></span> <span class='ocrx_word' id='word_1_446' title='bbox 1282 2525 1381 2547; x_wconf 86' lang='lat' dir='ltr'><strong>casus</strong></span> <span class='ocrx_word' id='word_1_447' title='bbox 1417 2513 1509 2546; x_wconf 86' lang='lat' dir='ltr'><strong>eius-</strong></span> 
     </span>
     <span class='ocr_line' id='line_1_89' title="bbox 839 2559 1510 2601; baseline -0.006 -5"><span class='ocrx_word' id='word_1_448' title='bbox 839 2563 916 2596; x_wconf 90' lang='lat' dir='ltr'><strong>dem</strong></span> <span class='ocrx_word' id='word_1_449' title='bbox 939 2562 1151 2596; x_wconf 87' lang='lat' dir='ltr'><strong>occasionem</strong></span> <span class='ocrx_word' id='word_1_450' title='bbox 1173 2572 1239 2594; x_wconf 91' lang='lat' dir='ltr'><strong>non</strong></span> <span class='ocrx_word' id='word_1_451' title='bbox 1262 2559 1424 2601; x_wconf 87' lang='lat' dir='ltr'><strong>librariis,</strong></span> <span class='ocrx_word' id='word_1_452' title='bbox 1447 2559 1510 2593; x_wconf 89' lang='lat' dir='ltr'><strong>sed</strong></span> 
     </span>
     <span class='ocr_line' id='line_1_90' title="bbox 839 2606 1510 2653; baseline -0.007 -10"><span class='ocrx_word' id='word_1_453' title='bbox 839 2608 1000 2653; x_wconf 86' lang='lat' dir='ltr'><strong>scriptori</strong></span> <span class='ocrx_word' id='word_1_454' title='bbox 1024 2608 1190 2642; x_wconf 85' lang='lat' dir='ltr'><strong>dederint.</strong></span> <span class='ocrx_word' id='word_1_455' title='bbox 1237 2606 1307 2647; x_wconf 78' lang='lat' dir='ltr'><strong>Qui</strong></span> <span class='ocrx_word' id='word_1_456' title='bbox 1342 2606 1372 2640; x_wconf 86' lang='lat' dir='ltr'><strong>si</strong></span> <span class='ocrx_word' id='word_1_457' title='bbox 1406 2606 1510 2639; x_wconf 88' lang='lat' dir='ltr'><strong>etiam</strong></span> 
     </span>
     <span class='ocr_line' id='line_1_91' title="bbox 837 2653 1510 2699; baseline -0.004 -10"><span class='ocrx_word' id='word_1_458' title='bbox 837 2654 1018 2699; x_wconf 84' lang='grc' dir='ltr'><strong><em>ψέγοντες</em></strong></span> <span class='ocrx_word' id='word_1_459' title='bbox 1054 2653 1248 2699; x_wconf 86' lang='lat' dir='ltr'><strong>posuisset,</strong></span> <span class='ocrx_word' id='word_1_460' title='bbox 1288 2664 1334 2686; x_wconf 89' lang='lat' dir='ltr'><strong>ne</strong></span> <span class='ocrx_word' id='word_1_461' title='bbox 1365 2663 1510 2686; x_wconf 85' lang='lat' dir='ltr'><strong>excusa-</strong></span> 
     </span>
     <span class='ocr_line' id='line_1_92' title="bbox 839 2696 1509 2756; baseline -0.005 -21"><span class='ocrx_word' id='word_1_462' title='bbox 839 2702 933 2735; x_wconf 87' lang='lat' dir='ltr'><strong>tione</strong></span> <span class='ocrx_word' id='word_1_463' title='bbox 949 2701 1085 2746; x_wconf 87' lang='lat' dir='ltr'><strong>quidem</strong></span> <span class='ocrx_word' id='word_1_464' title='bbox 1105 2703 1240 2756; x_wconf 83' lang='lat' dir='ltr'><strong>egeret:</strong></span> <span class='ocrx_word' id='word_1_465' title='bbox 1266 2710 1355 2732; x_wconf 90' lang='lat' dir='ltr'><strong>nunc</strong></span> <span class='ocrx_word' id='word_1_466' title='bbox 1372 2696 1509 2742; x_wconf 80' lang='grc' dir='ltr'><strong><em>ψέγον-</em></strong></span> 
     </span>
     <span class='ocr_line' id='line_1_93' title="bbox 838 2743 1508 2800; baseline -0.007 -19"><span class='ocrx_word' id='word_1_467' title='bbox 838 2759 907 2787; x_wconf 80' lang='grc' dir='ltr'><strong>τας</strong></span> <span class='ocrx_word' id='word_1_468' title='bbox 930 2751 1082 2800; x_wconf 87' lang='lat' dir='ltr'><strong>propter</strong></span> <span class='ocrx_word' id='word_1_469' title='bbox 1107 2743 1358 2784; x_wconf 79' lang='grc' dir='ltr'><strong><em>ἐπαινοῦντας</em></strong></span> <span class='ocrx_word' id='word_1_470' title='bbox 1382 2744 1508 2786; x_wconf 86' lang='lat' dir='ltr'><strong>tenuit,</strong></span> 
     </span>
     <span class='ocr_line' id='line_1_94' title="bbox 837 2790 1507 2838; baseline -0.006 -11"><span class='ocrx_word' id='word_1_471' title='bbox 837 2805 915 2827; x_wconf 87' lang='lat' dir='ltr'><strong>mox</strong></span> <span class='ocrx_word' id='word_1_472' title='bbox 947 2793 1042 2827; x_wconf 82' lang='lat' dir='ltr'><strong>velut</strong></span> <span class='ocrx_word' id='word_1_473' title='bbox 1072 2792 1251 2838; x_wconf 86' lang='lat' dir='ltr'><strong>impatiens</strong></span> <span class='ocrx_word' id='word_1_474' title='bbox 1283 2791 1412 2825; x_wconf 86' lang='lat' dir='ltr'><strong>tenoris</strong></span> <span class='ocrx_word' id='word_1_475' title='bbox 1448 2790 1507 2823; x_wconf 86' lang='lat' dir='ltr'><strong>diu</strong></span> 
     </span>
     <span class='ocr_line' id='line_1_95' title="bbox 838 2836 1507 2885; baseline -0.008 -10"><span class='ocrx_word' id='word_1_476' title='bbox 838 2839 966 2875; x_wconf 80' lang='lat' dir='ltr'><strong>servati</strong></span> <span class='ocrx_word' id='word_1_477' title='bbox 989 2838 1175 2885; x_wconf 84' lang='lat' dir='ltr'><strong>paullisper</strong></span> <span class='ocrx_word' id='word_1_478' title='bbox 1197 2838 1242 2873; x_wconf 89' lang='lat' dir='ltr'><strong>de</strong></span> <span class='ocrx_word' id='word_1_479' title='bbox 1276 2837 1333 2873; x_wconf 80' lang='lat' dir='ltr'><strong>via</strong></span> <span class='ocrx_word' id='word_1_480' title='bbox 1355 2836 1507 2872; x_wconf 85' lang='lat' dir='ltr'><strong>deflexit.</strong></span> 
     </span>
    </p>
   </div>
  </div>
 </body>
</html>
