1807 3219
448 141 581 187 CIV
599 142 620 187 1
638 143 788 219 T.A>S
832 145 954 191 LIB.
976 145 1069 191 vn.
1100 151 1168 188 517

114 255 182 302 cisi.
213 253 454 314 δεσμώταις
485 256 689 310 ἐκείνοις,
732 258 778 302 ἓν
816 253 852 317 ᾧ
890 257 1186 315 ἀμβλυώττει,
1223 259 1330 315 πρὶν
1365 276 1500 305 κατα-
1524 272 1592 309 517

1414 150 1501 194 259

112 330 270 383 στῆναι
299 324 354 370 τοὶ
384 324 577 382 ὄμματα,
619 321 750 377 οὗτος
781 326 825 370 δ’
858 326 882 371 ὁ
909 326 1073 383 χρόνος
1109 327 1168 384 μὴ
1204 328 1324 372 πάνυ
1355 326 1502 385 ὀλίγος

113 396 179 451 εἴη
210 399 287 452 τῆς
317 396 576 450 συνηθείας,
609 388 674 450 ἆρ’
708 394 762 440 οὐ
792 395 938 452 γέλωτ’
972 395 1028 439 ἄν
1056 394 1299 452 παράσχοι,
1330 398 1404 440 καὶ
1430 397 1500 441 λε’-

108 480 233 520 γοιτο
276 461 333 507 ἂν
370 464 467 518 περὶ
507 463 679 515 αὐτοῦ,
728 462 788 515 ὥς
832 463 1000 521 ἀναβὰς
1037 464 1129 508 ἄνω
1171 464 1499 521 διεφθαρμένος

107 531 204 589 ἥκει
232 531 286 576 τοὶ
314 530 511 588 ὄμματα,
541 532 615 576 καὶ
646 531 714 576 ὅτι
744 531 827 577 οὐκ
857 532 981 585 ἄξιον
1011 531 1117 577 οὐδὲ
1146 537 1383 587 πειρᾶσθαι
1406 528 1517 577 ἄνα).

108 600 245 654 ἰέναι,
297 601 370 644 καὶ
407 599 486 644 τὸν
526 601 829 657 ἐπιχειροῦντα
867 601 990 645 λύειν
1026 619 1071 646 τε
1107 603 1183 647 καὶ
1225 600 1431 658 ἀνάγειν,
1462 603 1502 646 εἴ

106 685 202 722 πως
244 668 293 713 ἐν
340 673 436 722 ταῖς
482 670 604 726 χερσὶ
642 669 851 715 δύναιντο
902 674 1055 728 λαβεῖν
1098 671 1172 715 καὶ
1209 668 1497 723 ἀποκτείνειν,

152 835 255 894 ἔφη]
281 852 347 874 om.
370 839 493 875 Iambl.

149 883 292 930 πάλιν]
318 899 383 920 om.
408 886 508 919 Vind.
531 886 577 921 Ε.
600 885 677 921 Fic.

151 930 460 976 γνωματεύοντα]
486 932 541 967 [ta
575 944 689 967 omnes
713 944 771 967 co-

106 978 202 1012 dices
226 983 329 1024 atque
352 979 540 1021 editiones,
573 991 637 1014 nec
669 979 771 1014 aliter

106 1024 235 1070 legisse
257 1025 390 1059 videtur
413 1025 597 1067 Timaeus,
623 1026 718 1060 cuius
735 1026 770 1060 in

103 1071 213 1105 lexico
269 1071 433 1116 scriptum
486 1069 771 1115 γνωμονεύοντα

103 1117 327 1151 Ruhnkenius
350 1129 382 1162 p.
397 1119 452 1152 72.
478 1130 498 1151 e
521 1118 629 1153 Suida
652 1123 688 1151 et
708 1119 772 1152 hoc

103 1164 180 1208 ipso
206 1163 355 1198 Platonis
387 1165 484 1206 loco,
517 1176 616 1209 quem
640 1164 769 1198 lexico-

103 1210 236 1263 grapho
257 1210 476 1243 obversatum
497 1221 573 1243 esse
591 1211 771 1255 probabile

106 1259 184 1297 est,
226 1256 261 1290 in
293 1254 579 1302 γνωματεύοντα
613 1257 770 1292 mutavit.

103 1302 269 1336 Timaeus
292 1302 530 1360 explicationis
555 1313 676 1336 caussa
689 1303 769 1336 δια-

101 1348 281 1402 κρίνοντα
305 1347 369 1382 καὶ
390 1345 684 1392 διαγινώσκοντα
707 1350 769 1382 ad-

102 1394 254 1439 scripsit.
303 1395 341 1428 In
367 1395 503 1429 scholiis
537 1398 590 1428 est
624 1394 766 1438 διακρί-

100 1452 238 1483 νοντα,
274 1438 567 1485 διαγινώσκοντα
592 1437 766 1486 οἷκριβῶς.

101 1487 332 1521 Schneiderus
364 1487 400 1521 in
432 1487 541 1521 lexico
572 1489 767 1522 umbrarum

101 1534 273 1568 mentione
290 1533 455 1578 deceptus
472 1534 637 1567 umbras
627 1546 663 1568 ιιι
681 1546 767 1578 gno-

101 1589 201 1612 mone
229 1583 437 1613 scrutantem
452 1579 601 1634 proprie
622 1592 768 1624 γνισμα·

101 1623 226 1659 τεύειν
258 1625 325 1659 dici
357 1625 498 1668 statuit,
544 1626 768 1681 Etymologus

100 1682 186 1706 vero
211 1671 325 1726 plane
356 1672 481 1716 ineptit
523 1684 542 1706 e
573 1670 698 1727 φνεόμη
733 1678 770 1707 et

101 1714 251 1761 ματεύω
311 1717 504 1771 *conflatum
558 1719 766 1753 existimans.

102 1764 217 1805 Quum
252 1763 380 1808 γνῶμα
412 1764 571 1798 indicium
605 1769 640 1798 et
664 1765 769 1798 docu-

101 1814 250 1844 mentum
281 1810 474 1856 significet,
520 1809 769 1855 γνωματεύειν

47 1857 55 1863 ”
102 1857 178 1891 fere
207 1856 314 1899 idem,
355 1857 447 1910 quod
480 1858 668 1901 ’γνωρίζειν
692 1869 769 1892 esse

102 1901 325 1947 intelligitur,
360 1902 393 1936 in
426 1904 620 1948 quaerendo
643 1903 768 1958 indicio

102 1949 257 1990 versari,
284 1960 499 2004 cognoscere.

150 1991 392 2040 ἀμβλυώττει]
409 1992 664 2050 ἄμβλυεόττειν
672 1995 766 2030 Μοιι.

103 2039 148 2076 C.
172 2045 251 2075 ante
273 2053 363 2075 corr.
409 2038 628 2087 οἷμβλυωπεῖ
648 2043 768 2077 Iambl.

102 2087 202 2121 codd.
236 2086 310 2122 Ciz.
345 2092 380 2121 et
413 2088 522 2123 Paris.
554 2089 608 2122 ed.
642 2089 768 2123 Kiessl.

104 2130 339 2177 αμβλυῶττοι
378 2133 470 2168 Μοιι.
502 2135 544 2168 Β.
592 2135 685 2169 Flor.
721 2134 768 2170 U.

101 2179 300 2222 Bekkerus‚
331 2181 405 2214 Ast.
429 2183 508 2213 tert.
534 2185 570 2214 et
592 2181 770 2215 Stalibau-

102 2225 216 2266 mius,
240 2227 312 2261 sine
336 2227 552 2260 necessitate.
588 2226 685 2260 Illum
705 2227 767 2261 ali-

102 2251 305 2317 quant'isper
336 2272 506 2306 caecutire
538 2284 678 2306 necesse
702 2277 767 2308 est.

102 2316 216 2351 Procli
262 2318 369 2351 locmn
418 2318 504 2355 haec
549 2319 767 2363 respicientis

102 2374 209 2416 supra
231 2364 274 2397 ad
299 2364 340 2397 Α.
365 2363 523 2399 indicavi.
570 2365 624 2398 De
660 2366 766 2399 verbo

101 2408 176 2462 ipso
201 2411 245 2443 cf.
269 2409 311 2443 L.
338 2410 397 2445 VI.
421 2421 455 2454 p.
482 2411 559 2445 508.
586 2411 628 2445 D.
674 2411 767 2445 Inci-

101 2455 231 2490 sionem
254 2456 356 2500 vulgo
381 2455 537 2491 omissam
561 2468 637 2492 cum
659 2457 767 2499 Stall-

100 2500 269 2536 baumio'
259 2514 295 2537 ιιι
319 2514 388 2536 sec.
411 2502 490 2536 feci.

33 2545 104 2582 517
149 2560 196 2582 τα
219 2543 379 2593 ομματα]
397 2560 438 2582 το
465 2543 610 2591 ὅμμαῩ
613 2548 678 2582 ind.
689 2548 767 2584 BE.

101 2592 195 2628 Mon.
217 2595 258 2628 C.
284 2595 360 2627 Vat.
385 2595 431 2629 H.
455 2594 550 2628 Flor.
575 2594 718 2629 AC'l'.V

148 2637 190 2675 δ’
199 2641 212 2685 ]
248 2639 288 2674 δὲ
311 2640 430 2674 Iambl.
477 2640 570 2674 Male
593 2641 708 2675 Astius
730 2641 767 2675 in

98 2688 182 2722 tert.
203 2689 311 2721 verba
335 2686 447 2726 οὖτος
466 2683 554 2721 δ’-
564 2687 767 2731 συνηθείας

99 2733 345 2778 parentheseos
386 2733 493 2777 signis
533 2733 767 2776 circumdedit,

96 2789 204 2824 quem
233 2779 481 2814 staubaumius
508 2779 692 2814 secundum
713 2792 766 2822 ea,

101 2835 191 2870 quae
224 2825 266 2860 ad
306 2837 340 2871 p.
374 2826 458 2860 515.
487 2824 531 2861 C.
567 2825 767 2871 adscripsit,

828 841 926 886 sequi
961 841 1123 875 debebat.
1191 840 1246 885 Op
1249 841 1392 875 tativum
1439 842 1496 887 εἴη

827 887 878 922 ita
901 891 939 920 ut
963 884 1044 921 δέοι
1067 887 1111 920 ab
1137 885 1173 921 εἰ
1202 888 1356 932 pendere
1386 889 1497 934 parti-

828 933 903 968 cula
923 932 975 989 μὴ
1003 933 1115 966 docet.

873 979 921 1022 ἀρ
923 976 955 1023 ’]
983 975 1058 1035 α’ρα
1081 978 1182 1014 vind.
1207 979 1248 1014 F.

870 1022 995 1080 γέλωτ’
1008 1026 1020 1069 ]
1045 1023 1186 1069 γέλωτα
1209 1025 1303 1060 Mon.
1326 1026 1401 1060 BC.

870 1069 1084 1116 παράσχοι]
1132 1070 1306 1116 παράσχῃ
1347 1084 1424 1106 cuin
1457 1084 1494 1108 οι

826 1129 931 1199 {uper
954 1130 976 1162 η
983 1117 1190 1197 1110ιῖοὼ
1207 1119 1367 1163 πράσχοι
1391 1120 1492 1154 Vind.

892 1177 946 1198 πα
973 1176 987 1198 ε
1013 1176 1049 1197 οι
1090 1175 1140 1197 am

872 1209 923 1244 λε’
915 1176 1038 1254 οῗτξ]
1066 1207 1196 1253 λέγόιτ
1221 1209 1309 1245 Lob.
1334 1212 1414 1248 V.at
1440 1211 1492 1246 M.

825 1256 906 1292 Par.
930 1258 973 1291 Κ.
998 1269 1067 1290 sec.
1091 1257 1169 1300 Bip

826 1300 1033 1383 σαναβὸἰὶς]
1055 1297 1246 1356 αναβολας
1261 1302 1382 1338 Iambl.
1393 1303 1491 1345 codd.

859 1361 900 1382 1z.
928 1356 961 1382 et
1016 1359 1095 1382 aras.

822 1441 854 1477 Β
869 1391 994 1477 ἰιι
998 1389 1398 1477 ἥιὲίιῑέιέιῇῑι,
1411 1395 1492 1475 ¹²33·

822 1499 876 1534 pr.
901 1492 937 1521 et
959 1487 1086 1521 Kiessl.
1119 1488 1212 1531 (non
1235 1488 1354 1532 (odd.)
1391 1488 1492 1523 editi-

823 1546 894 1589 que
914 1539 994 1569 ante
1018 1533 1222 1568 Bekkerum.

872 1576 1058 1636 ὅμματα,]
1084 1575 1256 1635 ὅμματα;
1278 1579 1399 1624 steph.

870 1623 949 1661 ἄνω
975 1625 1095 1670 ἰέναι]
1136 1622 1284 1659 α’νιέναι
1316 1625 1491 1660 laiublich.

823 1673 921 1708 codd.
948 1673 1020 1707 Ciz.
1046 1678 1082 1706 et
1105 1672 1216 1707 Paris.
1242 1672 1294 1706 ed.
1319 1672 1446 1706 Kiessl.

869 1718 909 1753 εί
923 1719 1024 1763 πως]
1052 1714 1154 1757 ὅπως
1181 1718 1266 1754 Lob.
1291 1719 1323 1752 V
1326 1724 1372 1752 at.
1396 1718 1447 1754 M.

870 1763 1074 1809 δύναιντο]
1123 1761 1281 1800 δύναιτο
1316 1764 1417 1800 Vind.
1449 1764 1492 1799 Ε.

823 1811 903 1846 vat.
928 1812 974 1845 H.
999 1812 1094 1846 Flor.
1118 1810 1193 1845 Ac.

869 1856 932 1891 καὶ
955 1855 1201 1900 αποκτείνειν,
1223 1851 1492 1890 ἀποκτιννύναι

823 1916 896 1945 αν,
917 1904 1007 1948 Σφ.]
1033 1915 1096 1938 και
1121 1915 1184 1937 om
1212 1902 1306 1938 Mon.
1333 1902 1373 1936 C.
1422 1903 1492 1937 Pro

824 1947 1057 1984 ἀποκτείνειν
1087 1949 1176 1983 idem
1209 1953 1246 1982 et
1279 1948 1379 1983 Vind.
1412 1948 1491 1985 BE.

823 1995 905 2030 vat.
937 1997 981 2030 H.
1024 1996 1121 2031 Flor
1154 1995 1296 2029 ACTV.
1331 1995 1493 2039 (signum

823 2041 920 2077 Flor.
942 2043 988 2077 T.
1023 2042 1056 2076 in
1090 2040 1308 2076 Stallbaumii
1333 2052 1386 2086 pr.
1411 2052 1492 2086 per-

823 2099 941 2133 peram
972 2088 1131 2122 omisstun
1163 2087 1304 2130 eiusque
1326 2087 1400 2121 loco
1424 2087 1493 2120 ite-

823 2145 898 2169 mm
941 2135 1037 2169 Flor.
1070 2135 1112 2168 A.
1151 2134 1363 2188 significatus
1404 2134 1489 2188 est.)

823 2178 1061 2222 ἀποκτενεῖν,
1094 2181 1178 2213 Ven.
1201 2181 1243 2214 B.
1269 2176 1492 2215 οἷποκτιννυ-

824 2237 900 2269 ειν,
926 2227 1010 2262 editi
1035 2229 1114 2262 ante
1138 2226 1334 2260 Βεῌιειιιιιι
1355 2232 1389 2259 et
1400 2226 1490 2260 Iam-

822 2273 924 2306 blich.
960 2273 1012 2307 ed.
1037 2285 1090 2318 pr.
1124 2269 1395 2306 ἀποκτιννύναι
1429 2283 1490 2306 ex-

823 2318 951 2354 hibent.
972 2319 1040 2353 Pro
1061 2314 1358 2356 ἇποκτιννύναι·
1350 2330 1382 2351 ιιι
1401 2317 1489 2352 Lob.

823 2365 917 2399 Mon.
949 2365 992 2400 Β.
1035 2366 1113 2399 Par.
1149 2365 1194 2401 K.
1237 2376 1305 2398 sec.
1339 2365 1418 2408 Bip.
1456 2370 1491 2397 et

821 2407 1490 2465 Iamb1.c0d.cimanonmvfivou,

821 2456 857 2491 in
880 2457 982 2492 Vind.
1004 2458 1050 2492 F.
1083 2458 1170 2513 Anqg.
1194 2457 1236 2491 Β.
1272 2453 1491 2490 αποκτεινῦ-

822 2515 908 2547 ναι,
957 2507 992 2537 et
1027 2515 1090 2548 pro
1124 2499 1172 2537 ἂν
1203 2502 1238 2536 in
1283 2502 1379 2536 Vind.
1413 2503 1490 2538 BE.

824 2550 904 2583 Vat.
932 2550 977 2583 H.
1008 2550 1105 2584 Flor.
1127 2548 1232 2582 ACV.
1269 2547 1318 2581 αύ
1352 2548 1490 2593 legitur.

824 2596 988 2629 Ceterum
1021 2595 1102 2630 editi
1135 2600 1214 2629 ante
1237 2594 1431 2628 Bekkerum
1456 2600 1493 2629 et

822 2641 1000 2676 Iamblichi
1033 2641 1198 2676 editiones
1226 2640 1301 2674 ,alia
1323 2652 1490 2685 persona-

822 2699 897 2722 rum
920 2688 1139 2724 distinctione
1162 2690 1304 2720 utuntur
1331 2691 1367 2720 et
1379 2687 1488 2721 Glau—

823 2734 900 2769 coni
931 2731 1208 2770 Ἀποκτιννύναι
1241 2727 1291 2766 cii-v
1328 2742 1390 2776 σφ.
1424 2732 1489 2766 tri-

822 2780 950 2820 buunt,
1000 2780 1054 2814 cui
1092 2779 1272 2814 Bekkerus
1301 2778 1488 2812 secundum

825 2826 907 2861 Ven.
932 2827 974 2862 Β.
1000 2825 1102 2861 vind.
1126 2827 1167 2860 B.
1192 2824 1272 2858 Par.
1288 2824 1333 2859 D.
1358 2824 1402 2858 nil
1421 2823 1486 2869 nisi

1216 2881 1296 2924 Re
