1807 3219
485 157 823 201 CIVITAS
868 157 1105 201 LlB.V]].
1135 159 1204 198 540

1454 161 1540 201 349

150 272 378 317 τεκαίδεκα
407 269 502 324 ἔτη,
533 263 595 325 ἦν.
620 266 664 312 δ’
689 267 784 324 ἐγώ.
814 270 1063 326 γενομένων
1083 270 1130 315 δὲ
1148 273 1539 326 πεντηκοντουτῶν

151 341 259 392 τούς
300 337 601 388 διασωθέντας
642 338 717 380 καὶ
758 336 1101 392 ἀριστεύσαντας
1134 337 1279 382 πάντα
1319 337 1541 395 πάννη,έν

151 409 295 466 ε’ργοις
332 418 377 451 τε
412 404 486 451 καὶ
522 403 778 461 ἐπιστήμαις
826 405 941 461 πρὸς
989 406 1109 459 τέλος
1143 406 1228 464 ἤδη
1271 403 1428 454 ἀκτέον
1467 407 1541 450 καὶ

152 475 455 533 ἀναγκαστέον
505 470 825 525 ἀνακλίναντας
863 475 943 531 τὴν
984 479 1062 532 τῆς
1106 479 1248 531 ψυχῆς
1298 473 1441 532 αὐγήν
1480 477 1544 557 εἰς

152 544 261 590 αὐτὸ
293 542 539 597 ἀποβλέψαι
568 540 616 584 τὸ
659 544 768 584 πᾶσι
798 545 894 596 φώς
922 544 1136 599 παρέχον,
1177 543 1253 587 καὶ
1284 543 1479 595 ἰδόντας
1489 542 1542 588 τὰ

151 612 328 669 ἀγαθὸν
358 609 487 662 αὐτὸ,
520 611 839 664 παραδείγματι
869 610 1122 666 χρωμένους
1152 612 1327 670 ἐκείνῳ,
1357 613 1431 656 καὶ
1457 610 1543 656 πό·-

151 689 222 726 λιν
251 681 325 726 καὶ
355 675 532 730 ἰδιώτας
561 678 635 721 καὶ
665 677 852 730 ἑαυτούς
880 685 1062 735 κοσμεῖν
1091 680 1169 723 τὸν
1186 680 1415 725 ἐπίλοιπον
1436 682 1537 737 βίον
1565 689 1602 730 Β

152 750 199 794 ἐν
228 748 350 805 μέρει
390 747 620 799 ἑκάστους,
651 746 700 790 τὰ
731 746 812 803 μὲν
840 747 954 791 πολὺ
989 748 1102 805 πρὸς
1131 751 1543 806 φιλοσοφίανδια-

150 896 294 947 αὖγὴν]
326 900 392 934 Pro
424 899 492 943 τῆς
520 898 642 942 ψυχῆς
674 898 710 932 in
732 898 813 933 Par.

152 948 195 980 K.
220 958 289 981 sec.
317 946 391 991 Bip.
423 945 569 1001 ‘llfflfflvy
607 957 675 979 sec.
700 945 813 979 Bekk.

150 993 295 1049 ψυχῆς,
320 1004 381 1037 pro
407 990 478 1036 affy
481 990 529 1036 ὴν
548 992 583 1025 in
605 992 722 1025 eodem
747 988 814 1025 αὕ-

149 1037 219 1083 τήν
245 1043 280 1073 et
302 1039 338 1072 in
372 1039 460 1073 Lob.
497 1039 574 1071 Vat.
598 1038 647 1072 Μ.
675 1037 727 1076 εἰς
745 1033 814 1072 αὐ-

149 1085 221 1130 γὴν
244 1086 419 1130 scriptum,
443 1085 477 1118 in
501 1084 600 1119 Vind.
621 1084 666 1118 F.
692 1082 814 1128 αὐγὴν

148 1131 328 1173 οιιιί55ιιιιι,
363 1131 511 1176 denique
543 1130 578 1164 in
609 1130 710 1168 editis
734 1137 814 1164 ante

149 1178 343 1212 Bekkerum
376 1178 451 1212 eius
483 1177 555 1210 loco
591 1173 725 1210 ἀκτῖνα
749 1189 813 1221 po-

148 1224 250 1259 situm
270 1228 349 1267 est,
381 1223 473 1269 quod
507 1220 646 1261 Ficinus
677 1234 813 1276 quoque

146 1270 333 1306 invenisse
347 1270 384 1304 in
416 1281 479 1304 suo
513 1269 632 1302 codice
654 1268 810 1302 videtur.

148 1318 259 1352 animi
281 1317 422 1351 radium
440 1317 489 1352 ad
507 1326 634 1360 supera
652 1316 814 1361 dirigen-

148 1368 211 1398 tes.
258 1363 309 1396 Ac
341 1365 478 1407 poterat
510 1361 547 1396 id
571 1372 637 1395 non
660 1362 813 1406 ineptum

146 1408 289 1451 haberi,
322 1413 377 1450 et,
411 1407 691 1453 quemadmodum
721 1410 813 1441 teste

145 1455 367 1500 grammatico
377 1454 530 1489 Bekkeri
547 1454 665 1488 anecd.
673 1465 719 1509 p.
730 1454 812 1495 336,

143 1502 201 1557 23.
226 1504 325 1535 erant
348 1500 408 1545 qui
436 1496 629 1544 ἀμαρυγοὶς
657 1496 812 1538 ἀκτῖνας

147 1543 273 1591 ὄψεως
292 1547 632 1601 interpretarentur,
634 1546 682 1580 ita
704 1542 811 1579 ἀκτὶν

144 1593 269 1650 ψυχῆς
301 1594 491 1631 luminosus
522 1593 632 1627 animi
663 1593 811 1633 obtutus,

147 1637 357 1674 ἀνακλίνειν
382 1646 514 1680 autem,
538 1642 576 1672 ut
599 1635 752 1694 ἐρείδειν
777 1641 812 1671 et

145 1682 412 1740 ἀπερείδεσθαι
445 1681 546 1728 ὄμμα
570 1688 605 1718 et
636 1680 749 1728 ὄψιν
758 1683 812 1723 εἴς

145 1745 194 1776 τι,
219 1731 359 1777 propria
383 1730 631 1776 significatione
653 1731 813 1774 intelligi,

146 1780 316 1814 reclinam
344 1789 404 1811 seu
430 1779 605 1824 defigere3
639 1782 675 1811 et
699 1777 727 1811 si
751 1788 813 1832 per

147 1837 185 1861 se
209 1824 407 1858 aestimetur
431 1828 583 1879 utraque
605 1823 718 1863 lectio,
744 1820 813 1856 αὐ-

146 1868 216 1916 γήν
239 1870 369 1914 magis,
392 1881 493 1915 quam
521 1866 654 1907 ἀκτῖνα
677 1869 812 1923 ἕίο55ο-

147 1917 230 1955 mati
251 1917 359 1951 simile
383 1926 534 1951 censeas.
566 1916 680 1950 Nihilo
704 1916 813 1948 minus

148 1964 308 2003 codicum
320 1963 413 2001 ratio
434 1962 539 2019 cogit,
562 1966 601 1995 ut
620 1962 718 1996 aliter
732 1973 812 1996 sen-

147 2010 270 2050 tiamus
297 2013 334 2043 et
364 2007 483 2053 αυγὴν
517 2021 538 2042 a
562 2008 746 2065 scriptore
753 2020 811 2042 se-

147 2056 292 2094 cundum
338 2059 477 2100 poetas
512 2066 574 2098 pro
609 2051 811 2109 ὀφθαλμὸν

145 2103 290 2159 positum
315 2109 362 2144 et,
385 2107 424 2136 ut
445 2101 481 2135 in
503 2102 583 2135 Pa1.
603 2101 661 2143 K„

145 2147 216 2193 τὴν
248 2152 442 2202 corruptum
474 2150 595 2193 postea
628 2147 697 2181 leni
729 2159 811 2181 sane

147 2198 183 2230 et
204 2194 480 2250 pronuntiatione
511 2194 626 2228 adiuta
651 2194 810 2227 emenda-

145 2241 238 2275 tione
261 2238 295 2274 in
321 2237 437 2274 ἀκτῖν’
464 2243 500 2273 et
533 2238 667 2274 ἀκτῖνα
700 2243 810 2274 muta-

147 2290 240 2328 tum,
278 2283 487 2324 ἀνακλίνειν
518 2290 632 2320 autem
664 2288 720 2319 vel
755 2298 809 2327 ea,

147 2344 247 2378 quam
270 2333 391 2367 Astius
415 2345 510 2374 vere,
535 2333 595 2366 sed
616 2332 659 2366 ad
680 2330 812 2366 ἀκτῖνα

146 2390 279 2424 parum
315 2383 395 2423 apte
443 2379 476 2412 ei
507 2379 620 2412 inesse
652 2380 813 2420 ostendit,

147 2425 397 2469 significatione
433 2426 630 2469 aperiendi,
664 2427 720 2458 vel
752 2437 813 2458 ea—

147 2472 305 2512 dearilla,
329 2483 430 2515 quam
446 2471 606 2516 propriae
625 2471 813 2515 proximam

147 2517 239 2558 dixi,
265 2519 444 2562 defigendi
466 2517 657 2562 praeditum
681 2521 812 2551 statua-

147 2575 231 2597 mus.
280 2564 331 2596 Ad
364 2564 498 2596 codices
535 2563 668 2596 accedit
699 2564 812 2597 Procli

149 2614 185 2643 et
208 2609 378 2645 Βειιιιειειίἰ
399 2609 641 2650 testimonium,
660 2609 719 2654 qui
737 2615 810 2653 ψυ-

147 2656 214 2700 χῆς
241 2652 363 2698 αὐγὴν
387 2655 566 2700 aliquoties
589 2655 666 2688 hinc
692 2655 810 2711 citant,

148 2702 290 2736 Proclus
315 2702 348 2735 in
375 2701 449 2734 Civ.
475 2713 508 2746 p.
530 2700 610 2736 428.
636 2704 722 2734 extr.
742 2700 809 2745 μό-

149 2759 194 2793 νῃ
216 2743 292 2804 ἄρα
312 2744 476 2790 γνωστὸν
495 2748 560 2790 (sc.
572 2745 615 2782 τό
638 2736 808 2800 ἀγαθὸν)

149 2794 194 2838 τῇ
215 2791 333 2839 ἐνθέῳ
358 2792 546 2849 προσβολῇ
568 2794 619 2849 τῇ
644 2793 712 2827 τοῦ
738 2796 809 2830 νοῦ

149 2828 343 2883 κρείττονι,
364 2835 414 2883 ἣν
436 2835 551 2880 αυτὸς
571 2836 691 2884 αὗγὴν
708 2843 814 2877 καλεῖ

686 2113 721 2135 ln
744 2113 817 2134 avr

870 899 937 944 τῆς
955 900 1100 956 ψυχῆς,
1128 895 1177 944 ἣν
1198 897 1452 935 ἀνακλίναντοὶ
1469 912 1540 944 φη-

872 957 929 979 σιν
948 944 1072 992 ἐκείνῳ
1092 947 1171 980 δεῖν
1190 948 1241 1003 (V.
1254 946 1369 990 φασιν
1390 959 1438 981 εκ.
1460 948 1539 991 δεῖ)

870 982 1128 1049 προσβάλλειν
1137 991 1200 1026 δια
1219 994 1287 1037 τῆς
1305 991 1540 1037 ἀφαιρέσεως

870 1039 948 1072 τῶν
972 1050 1039 1083 μετ
1079 1036 1173 1074 αὐτὸ
1194 1038 1358 1073 πάντων.
1384 1039 1448 1074 καὶ
1466 1038 1540 1084 γὰρ

870 1085 983 1119 τοῦτο
1015 1086 1147 1129 σαφῶς
1175 1082 1276 1120 εἶπεν
1300 1082 1437 1142 αὐτὸς,
1463 1086 1540 1129 (su-

870 1143 934 1187 pra
958 1143 991 1186 p.
1017 1133 1095 1168 534.
1122 1132 1182 1175 B.)
1213 1129 1291 1166 ὅτι
1301 1129 1453 1175 ἀφελεῖν
1482 1132 1543 1166 δεῖ

869 1176 938 1221 τὴν
960 1174 1111 1232 ἀγαθοῦ
1138 1176 1244 1212 ἰδέαν
1267 1176 1344 1213 ἀπὸ
1371 1176 1539 1222 πάντων,

869 1222 932 1258 καὶ
969 1220 1090 1264 ου’τως
1121 1221 1178 1258 ἐπ’.
1207 1222 1311 1281 αυτῷ
1343 1222 1543 1259 ἀνακλῖναι

869 1282 939 1314 την
956 1270 1024 1314 τῆς
1031 1271 1169 1326 ψυχῆς
1190 1268 1322 1328 αυγήν,
1342 1271 1445 1312 εἴπερ
1454 1268 1538 1326 μέλ-

870 1318 928 1350 λοι
945 1329 1001 1355 τις
1026 1313 1194 1361 ὄψεσθαι
1218 1315 1340 1362 αὐτὴν
1355 1315 1443 1351 καθ’
1470 1329 1537 1351 αυ-

869 1360 947 1406 τήν.
974 1363 1097 1396 Idem'
1087 1375 1123 1396 ιιι
1146 1363 1258 1397 Parm.
1284 1365 1329 1398 'L
1343 1364 1384 1398 V.
1405 1376 1437 1408 p.
1451 1366 1536 1399 277·

869 1409 922 1455 τῷ
944 1406 989 1442 δι’
1008 1405 1156 1464 ’ἡλικίαν
1175 1406 1361 1454 νεωτέραν
1380 1408 1538 1466 δυναμέ-

869 1467 921 1510 νῳ
937 1453 984 1488 τὰ
1004 1453 1205 1499 πράγματα
1223 1456 1398 1509 καθορᾶν
1413 1455 1476 1490 καὶ
1492 1454 1535 1490 τὸ

871 1513 922 1540 ως
951 1498 1103 1545 ἀληθῶς
1136 1502 1259 1536 αἰτιον
1281 1503 1368 1545 τῶν
1383 1500 1539 1536 πάντων

870 1544 1111 1581 ἀνακλίναντι
1138 1547 1211 1605 τὴν
1238 1549 1306 1592 τῆς
1326 1549 1450 1593 ψυχῆς
1472 1545 1539 1582 αὕ-

869 1591 952 1637 γὴν,
978 1591 1030 1633 (ὃς
1055 1591 1174 1634 αὐτὸς
1194 1592 1233 1628 ἐν
1253 1596 1429 1629 Πολιτεία
1446 1592 1544 1637 εἷπε,-

868 1641 1303 1683 θεωρεῖν.1)ιιιιιε5οἰιι5
1336 1653 1448 1697 απορ.
1475 1641 1544 1675 καὶ-

870 1684 948 1719 λύσ.
982 1697 1018 1742 p.
1045 1687 1102 1722 62.
1123 1686 1242 1742 Kopp.
1274 1683 1350 1731 ἤδη
1374 1685 1420 1722 ,δέ
1447 1699 1539 1722 ποτε

870 1731 933 1765 καὶ
968 1730 1074 1776 ἡμεῖς
1116 1730 1384 1790 ἐπιβαλουμεν
1388 1760 1398 1777 ,
1433 1730 1538 1776 ὅταν,

871 1776 923 1818 ὥς
954 1789 1067 1823 φησι,
1101 1792 1171 1823 την
1202 1776 1323 1824 αὐγὴν
1362 1781 1429 1824 (in
1463 1781 1538 1815 cod.

869 1826 964 1859 Mon.
990 1838 1010 1858 τ
1035 1836 1138 1881 super
1162 1838 1182 1869 γ
1202 1838 1222 1859 a
1237 1838 1281 1860 ιιι.
1300 1827 1536 1871 s.script1un.)

868 1872 935 1927 τῆς
965 1871 1090 1927 ψυχῆς
1112 1869 1383 1927 ἀνακλίνωμεν.
1387 1885 1449 1927 ,ΣΡ
1469 1874 1538 1907 95:

870 1915 954 1960 ου’χὶ
975 1915 1015 1951 δε
1033 1916 1096 1952 καὶ
1116 1915 1136 1953 6
1163 1916 1327 1952 Πλάτων
1338 1916 1466 1975 αὐτῆς
1487 1915 1536 1954 εἷ-

867 1964 932 1998 ναί
952 1974 1044 2008 φησι
1051 1964 1134 2020 τῆς
1155 1965 1279 2009 ψυχῆς
1297 1962 1420 2009 αὐγήν
1437 1977 1536 2008 τινα,

868 2005 917 2054 ἣν
947 2011 1003 2044 δεῖ
1036 2007 1308 2050 ἀνακλίναντας
1345 2012 1399 2058 τῷ
1419 2012 1538 2055 -φωτὶ

867 2046 1401 2115 συναφθῆναιτῆςάληθείαςς
1412 2070 1444 2103 p.
1457 2060 1537 2093 111:

867 2099 890 2147 ἦ
913 2104 982 2137 ου’ν
1001 2101 1095 2147 αὐγὴ
1110 2104 1184 2158 τῆς
1209 2105 1334 2161 ψυχῆς
1352 2105 1389 2138 τί
1407 2102 1536 2158 βούλε-

867 2161 929 2183 ται
954 2149 1007 2195 τῷ
1035 2147 1232 2192 Πλατωνι,·
1273 2148 1297 2195 ἢ
1337 2149 1536 2185 συνάπτειν

867 2201 934 2229 etc.

912 2238 1045 2286 πόλιν]
1071 2241 1184 2276 πάλιν
1210 2244 1308 2278 Vind.
1333 2237 1374 2278 F.

914 2290 1084 2334 κοσμεῖν]
1111 2290 1167 2323 Ita
1191 2290 1272 2325 Par.
1284 2293 1326 2325 A.
1351 2290 1452 2325 Vind.
1462 2290 1535 2324 BF.
1561 2281 1597 2323 B

868 2335 961 2368 Mon.
988 2335 1029 2370 C.
1056 2336 1139 2369 Ven.
1163 2337 1204 2369 Β.
1230 2338 1316 2380 Aug.
1329 2337 1369 2370 Β.
1396 2337 1535 2372 Vat.H.

868 2381 962 2415 Flor.
972 2382 1144 2416 ACRTV.
1172 2386 1343 2426 σκοσμεῖν
1357 2397 1360 2401 ’
1372 2383 1467 2416 Vind.
1491 2384 1535 2417 E.

867 2431 1113 2471 κατασκομεῖν
1130 2429 1211 2462 Bas.
1228 2430 1261 2462 b.
1286 2431 1536 2472 κατακοσμεῖν

868 2474 989 2519 reliqui
1022 2474 1155 2508 codices
1189 2478 1225 2508 et
1259 2476 1352 2509 editi.
1403 2477 1537 2510 Ornare

869 2520 969 2554 etiam
995 2521 1111 2564 aptius
1136 2522 1168 2554 h
1194 2522 1215 2555 l.
1241 2522 1397 2564 videtur,
1435 2533 1537 2566 quam

868 2567 904 2600 in
926 2568 1081 2600 ordinem
1101 2568 1271 2625 redigere
1300 2568 1355 2601 Cf.
1376 2568 1416 2601 L.
1436 2568 1536 2602 VIII.

867 2624 901 2656 p
927 2613 1006 2648 560.
1031 2614 1070 2646 A.
1097 2613 1160 2647 καὶ
1177 2612 1441 2658 κατεκοσμήθη
1463 2611 1534 2647 πά-

868 2660 935 2693 λιν.
960 2663 995 2692 et
1018 2659 1118 2693 Polit.
1148 2672 1181 2714 pr.
1207 2662 1285 2696 273.
1312 2661 1361 2694 A:
1386 2671 1479 2703 μετα
1494 2659 1535 2694 δὲ

867 2705 988 2738 ταῦτα
1009 2717 1098 2759 προ
1087 2703 1264 2745 λθόντος
1296 2706 1430 2740 ικανοῦ
1449 2704 1536 2762 χρό-

866 2762 935 2785 νον
955 2749 1135 2806 θορύβων
1153 2763 1192 2785 τε
1215 2751 1278 2786 καὶ
1287 2750 1534 2796 ταραχῆςὴδη

866 2795 1081 2840 παυόμενος
1109 2798 1184 2842 (sc.
1218 2795 1238 2832 6
1259 2797 1433 2854 κόσμος)
1470 2798 1534 2832 καὶ

867 2843 959 2878 τῶν
972 2843 1154 2888 σεισμῶν,
1177 2842 1336 2890 γαλήνης
1362 2841 1534 2890 ἐπιλαβό-
