1807 3219
173 463 239 498 461

261 204 316 244 52
705 194 1183 240 PLATONIS

261 316 315 370 τῇ
353 311 478 356 πόλει
501 343 514 364 ,
574 309 704 363 ἀνδρὶ
748 308 794 352 δὲ
821 341 833 360 ,
890 306 1066 352 ἐπειδὰν
1105 304 1185 362 τὴν
1218 302 1430 359 ὀξυτάτην
1473 303 1645 358 δρόμου

265 379 408 436 ἀκμὴν
443 382 588 434 παρῇ,
645 377 694 422 τό
736 375 824 420 ἀπὸ
866 375 1029 419 τούτου
1066 377 1225 431 γεννᾷν
1267 377 1322 429 τῇ
1362 370 1486 414 πόλει
1523 371 1646 426 μέχρι

265 443 873 502 πεντεκαιπεντηκονταέτους.

264 514 378 571 ἀκμὴ
410 513 610 570 σώματός
639 529 683 556 τε
713 512 785 556 καὶ
818 511 1086 567 φρονήσεως.

929 442 1207 498 Ἀμφοτέρων
1227 446 1362 497 γοῦν,
1395 439 1502 496 ἔφη,
1534 438 1644 496 αὕτη

1151 507 1332 553 Οὐκοῦν
1362 508 1437 551 ἐάν
1467 524 1511 551 τε
1540 523 1647 562 πρε-

265 583 476 640 σβύτερος
513 580 686 626 τούτων
727 577 804 622 ἐάν
845 596 890 623 τε
936 579 1146 632 νεώτερος
1182 581 1271 620 τῶν
1312 578 1372 628 εἷς
1407 574 1456 620 τὸ
1495 575 1652 620 κοινόν

264 650 511 707 γεννήσεων
541 648 727 705 ἅψηται,
761 646 861 692 οὔτε
892 646 1018 692 ὅσιον
1048 646 1149 690 οὔτε
1181 647 1353 688 δίκαιον
1377 643 1577 700 φήσομεν
1599 642 1650 687 τό

264 801 463 845 Astiumque
496 799 530 833 in
560 797 664 832 tertia
699 796 753 832 ed.
792 800 930 831 tenaces

264 847 358 880 fecit.

311 889 415 935 μέχρι
442 885 848 934 τετταρακονταέτιδος]
865 901 931 922 om.

264 939 352 972 Lob.
387 937 486 971 Vind.
510 937 551 970 Β.
592 937 671 970 vat.
704 935 753 969 M.
798 935 930 968 Theod.

263 985 299 1017 in
323 995 388 1028 quo
412 986 527 1016 tamen
551 983 594 1015 ab
618 980 744 1014 Ursino
775 981 932 1025 suppleta

265 1034 355 1064 sunt.
404 1030 588 1062 Accentum
612 1026 753 1060 nominis
776 1029 876 1070 vulgo
896 1027 931 1059 in

265 1074 450 1121 penultima
474 1073 622 1118 positum
645 1055 930 1105 secund1un⁰par.

265 1123 307 1156 A.
330 1121 430 1155 Vind.
454 1120 498 1153 F.
522 1120 600 1153 Vat.
624 1119 665 1151 Β.
698 1119 783 1162 Ang.
808 1119 849 1151 B.
874 1117 933 1161 qui

265 1161 656 1217 τετταρακοντοέτιδος
675 1164 789 1203 habet,
809 1168 844 1196 et
861 1164 932 1196 Eu-

267 1213 399 1247 sebium
424 1210 563 1244 retraxi.
588 1223 630 1243 ττ
658 1221 719 1253 pro
740 1219 782 1242 σσ
798 1210 833 1242 in
855 1210 932 1243 Par.

267 1260 308 1293 A.
348 1257 448 1292 Vind.
481 1256 590 1290 DEF.
630 1257 708 1289 Vat.
734 1256 810 1289 BH.
846 1256 932 1289 Ven.

266 1304 340 1338 BC.
374 1307 462 1346 Ang.
486 1303 528 1337 B.
564 1301 660 1335 Flor.
684 1301 824 1335 ACRV.
849 1301 933 1334 scri-

268 1354 364 1395 ptum
414 1353 449 1381 et
493 1360 513 1381 a
547 1347 707 1380 Bekkero
739 1348 932 1380 restitutum

268 1399 334 1430 est.
383 1394 496 1428 Astius
525 1393 558 1426 in
583 1404 652 1426 sec.
679 1392 732 1426 ed.
757 1403 931 1435 τεσσαρα-

267 1439 510 1478 κοντούτιδος
533 1439 740 1483 scripserat,
772 1439 807 1472 in
831 1438 934 1472 tertia

268 1487 426 1520 Bekkero
452 1484 712 1528 obtemperavit.

316 1530 384 1586 δε]
409 1528 599 1566 3⁹¹1he0d.

316 1576 481 1622 δρόμου]
509 1574 650 1619 δρόμον
674 1575 757 1609 Ε115.
782 1576 861 1609 Bas.
881 1576 934 1609 ab.

271 1623 414 1668 δρόμην
451 1619 937 1665 8101).00(1.Α.δραμόντι

270 1670 384 1705 Ursini
414 1670 521 1703 codex
546 1668 679 1701 Theod.

316 1714 358 1750 τὸ
380 1713 454 1749 απὸ
481 1711 633 1757 τούτου]
659 1713 812 1746 Haecin
835 1724 937 1745 unum

272 1762 480 1796 contrahunt
514 1760 616 1795 Vind.
651 1759 758 1794 BDE.
792 1759 827 1792 in
871 1759 937 1792 duo

270 1808 364 1842 Mon.
388 1808 429 1841 B.

319 1847 842 1894 πεντεκαιπεντηκονταέτους]
870 1849 939 1883 Co-

273 1899 366 1933 dices
390 1898 454 1932 mei
480 1901 515 1932 et
547 1898 711 1931 editiones
745 1901 823 1929 ante
846 1897 939 1929 Bek-

273 1946 391 1979 keium
415 1945 478 1977 hoc
511 1943 544 1976 in
577 1944 675 1988 plura
706 1942 846 1976 divisum
878 1943 939 1975 ha—

273 1992 367 2032 bent‚
393 1990 484 2025 Mon
494 1989 535 2023 B.
556 2000 631 2022 cum
654 1989 748 2022 Flor.
760 1989 804 2021 U.
830 1985 938 2021 πέντε

275 2035 337 2070 καὶ
380 2035 633 2079 πεντηκοστοῦ
680 2032 803 2076 ἔτους,
853 2034 937 2068 Lob.

274 2081 374 2118 Vind.
399 2082 472 2115 BD.
508 2081 591 2114 Eus.
617 2083 651 2113 et
681 2080 870 2113 tacentibus
895 2080 938 2113 de

273 2129 352 2162 Par.
377 2127 421 2161 K.
446 2126 639 2171 Bipontinis
663 2126 828 2159 editiones
851 2123 936 2159 πέν-

275 2185 316 2208 τε
346 2185 409 2207 και
441 2170 777 2229 πεντηκονταέτους
821 2172 938 2214 (Astii

275 2232 344 2254 sec.
363 2216 471 2252 πέντε
494 2218 557 2251 καὶ
577 2215 936 2262 πεντηκοντούτους)

275 2265 376 2300 Vind.
402 2265 477 2298 EF.
502 2265 599 2298 Stob.
624 2265 698 2298 cod.
722 2265 762 2298 Β.
796 2268 831 2297 et
852 2275 938 2296 unus

274 2311 393 2345 Ursini
426 2310 533 2343 codex
565 2310 697 2344 Theod.
728 2307 837 2343 πέντε
874 2308 936 2342 καὶ

276 2367 630 2400 πεντηκονταετους.
678 2356 717 2388 Ι11
743 2358 850 2389 31ῐειο
866 2356 938 2388 Ur-

277 2402 342 2436 sini
367 2402 482 2435 codice
513 2405 590 2435 erat
619 2398 730 2435 πέντε
760 2400 822 2435 καὶ
854 2412 938 2435 πεν-

277 2445 538 2500 τηκονταέτου.
592 2447 770 2480 Bekkerus
803 2451 941 2492 praeter

278 2505 383 2539 supia
425 2493 566 2538 positam
610 2493 825 2526 Monacensis
864 2493 941 2526 libri

278 2539 543 2583 discrepantiam
567 2538 646 2571 nihil
669 2539 733 2572 nisi
754 2549 939 2572 πεντεκαι-

279 2584 620 2628 πεντηκονταετοῦς
646 2595 687 2617 ex
711 2586 790 2618 V.at
816 2585 863 2619 Μ.
888 2585 942 2617 af·-

280 2632 371 2671 fert‚
408 2631 497 2675 quod
531 2631 641 2675 ipsum
663 2630 696 2663 in
725 2630 940 2664 Theodoreto

280 2676 453 2720 vulgatum
485 2679 547 2709 est.
614 2675 737 2719 Neque
769 2677 942 2710 Stallbau—

278 2721 364 2754 mius
409 2721 614 2767 reliquorum
667 2722 943 2756 Florentinorum

279 2766 480 2800 mentionem
515 2768 617 2808 facit,
663 2771 702 2800 ut
742 2768 775 2801 hi
808 2779 942 2812 quoque

279 2812 475 2847 divisionem
514 2812 602 2846 haud
640 2811 743 2848 dubie
784 2814 942 2848 vitiosam

281 2859 408 2893 habere
428 2858 618 2893 videantur.

1032 792 1286 839 Ἄαφοτέρων]
1329 793 1472 827 Ficinus
1505 793 1547 827 ad
1584 790 1653 826 σώ-
1640 794 1721 830 -461

988 853 1103 884 ματος
1146 846 1181 874 et
1231 838 1449 884 φρονήσεως
1494 839 1652 872 retulisse

987 888 1130 931 ideoque
1164 898 1229 920 11011
1263 887 1471 930 expressisse
1494 885 1649 918 videtur·

989 935 1150 975 Profecto
1183 934 1219 966 in
1260 934 1303 965 iis
1337 934 1510 965 aetatibus
1547 933 1650 975 vigor

989 981 1096 1013 animi
1122 990 1339 1031 corporisque
1362 978 1528 1010 consistit.

1034 1024 1156 1068 γοῦν]
1205 1023 1273 1057 miv
1317 1023 1402 1057 Lob.
1447 1022 1546 1058 Vind.
1576 1022 1650 1057 BD.

987 1071 1067 1106 Vat.
1091 1070 1171 1103 ΒΜ

1035 1113 1149 1159 ακμὴ]
1176 1111 1199 1158 ἡ
1233 1111 1331 1157 οἷκμὴ
1356 1113 1441 1150 Iob.
1465 1115 1564 1149 Vind.
1576 1115 1650 1149 BD.

1034 1162 1110 1195 τῶν
1137 1160 1188 1200 εἰς
1211 1158 1253 1194 τὸ
1280 1158 1410 1194 κοινὸν
1413 1159 1650 1216 γεννήσεων]

989 1207 1041 1246 εἰς
1073 1205 1117 1240 τὸ
1152 1204 1280 1240 κοινὸν
1313 1204 1513 1250 γεννήσεως
1547 1208 1650 1242 vind.

988 1255 1061 1287 BD.
1098 1254 1178 1286 Vat.
1204 1253 1252 1286 M.
1285 1257 1321 1284 et
1351 1264 1371 1285 a
1402 1264 1446 1286 111.
1480 1265 1532 1297 pr.
1565 1254 1651 1287 Lob.

990 1299 1041 1338 εἰς
1066 1297 1110 1332 τὸ
1137 1296 1267 1332 κοινὸν
1286 1296 1507 1353 γεννήσεων
1520 1312 1539 1332 e
1564 1310 1653 1333 cori.

990 1342 1250 1398 generationem
1280 1346 1315 1377 in
1341 1347 1507 1378 communi
1529 1345 1605 1378 Fic.

1036 1388 1232 1434 φήσομεν]
1275 1388 1441 1433 θήσομεν
1479 1391 1577 1425 Vind.
1608 1390 1652 1424 Ε.

990 1438 1070 1471 Vat.
1094 1437 1138 1470 H.
1177 1437 1272 1470 Flo..
1298 1411 1438 1472 ACl'V.
1487 1435 1657 1480 φήσομεν

991 1495 1065 1516 cnm
1088 1483 1141 1526 θη
1167 1494 1268 1526 super
1292 1479 1344 1525 φή
1371 1482 1469 1517 Vind.
1493 1484 1536 1518 D.
1571 1485 1658 1518 Ven.

990 1530 1031 1563 B.
1082 1528 1136 1562 Cf.
1163 1529 1204 1560 ad
1230 1529 1272 1562 B.

1039 1572 1263 1618 φιτύοντος]
1313 1573 1523 1628 φυτίοντος
1556 1574 1657 1610 Vind.

992 1621 1035 1655 E.
1062 1619 1262 1673 φιτρόντος
1285 1621 1366 1655 Vat.
1391 1621 1435 1654 H.
1470 1617 1658 1663 φύνοντος

992 1667 1092 1701 Vind.
1117 1667 1160 1700 F.
1195 1663 1361 1708 φύοντος
1386 1667 1471 1710 Ang.
1496 1667 1537 1700 B.
1560 1666 1657 1701 Flor.

993 1714 1037 1747 T.
1084 1713 1123 1745 In
1149 1712 1246 1745 Vind.
1271 1712 1313 1746 D.
1339 1725 1359 1745 a
1389 1724 1433 1746 111.
1457 1724 1510 1757 pr.
1535 1713 1657 1766 vulga-

993 1762 1065 1791 tum
1089 1762 1185 1798 erat,
1220 1758 1279 1791 sed
1305 1770 1324 1790 a
1348 1769 1392 1792 111.
1418 1770 1445 1792 s.
1474 1756 1656 1802 φυτεύον-

993 1817 1057 1843 τος
1081 1804 1241 1848 scriptum
1267 1807 1336 1845 est,
1371 1804 1460 1848 quod
1484 1804 1599 1838 Astius
1622 1804 1657 1837 in

995 1863 1047 1896 pr.
1073 1851 1126 1884 ed.
1152 1850 1322 1890 exhibuit,
1365 1849 1399 1883 in
1434 1850 1536 1883 tentia
1565 1850 1658 1892 item,

995 1897 1059 1930 nisi
1084 1896 1204 1936 fallor,
1231 1896 1390 1929 exhibere
1413 1897 1529 1929 volens
1553 1899 1658 1940 typo-

995 1944 1111 1975 thetae
1148 1921 1246 1984 cul’pa
1291 1939 1516 1985 φυτεύοντες
1550 1941 1656 1984 dedit,

994 1990 1140 2022 fortasse
1175 1987 1324 2021 offensus
1362 1989 1466 2021 verbo
1508 1987 1656 2032 poetico,

995 2035 1084 2077 quod
1108 2038 1220 2066 tamen
1244 2033 1328 2076 Leg.
1349 2033 1389 2067 L.
1400 2034 1511 2067 VIIII.
1531 2046 1564 2078 p.
1575 2035 1653 2068 879.

994 2080 1035 2114 D.
1062 2079 1234 2122 (φιτῦσαι
1257 2077 1319 2112 καὶ
1338 2081 1472 2121 τεκεῖν)
1493 2079 1564 2112 sine
1573 2083 1655 2114 nota.

992 2126 1154 2159 intactum
1158 2125 1323 2179 reliquit.
1367 2125 1548 2159 Genitivus
1569 2137 1654 2170 pen-

993 2172 1052 2204 det
1076 2172 1118 2204 ab
1142 2168 1353 2213 ἁμάρτημα.

1041 2213 1106 2261 ὃς]
1132 2217 1220 2249 Huic
1244 2221 1277 2250 in
1302 2218 1380 2252 Vat.
1404 2217 1445 2250 Β.
1471 2228 1492 2251 a
1513 2228 1558 2258 m.
1584 2228 1654 2253 sec.

994 2260 1026 2297 δ’
1052 2263 1209 2297 additum,

1039 2304 1107 2352 ἂν]
1134 2306 1199 2342 ἐὰν
1222 2308 1321 2342 Vind.
1347 2309 1388 2343 E.

1040 2353 1159 2399 λάθῃ]
1187 2354 1278 2388 Μοη.
1303 2356 1344 2389 Β.
1368 2367 1386 2387 a
1408 2365 1452 2388 m.
1476 2365 1503 2389 S.
1529 2366 1549 2396 ρ
1567 2353 1655 2388 inter

994 2401 1143 2434 ultimam
1174 2404 1208 2433 et
1252 2401 1468 2445 penultimam
1507 2400 1655 2434 litteram

996 2446 1262 2500 supersmiptum
1289 2447 1402 2480 habet.

1042 2490 1272 2535 γεννήσεται]
1308 2493 1360 2526 Ita
1385 2493 1464 2525 Par
1488 2490 1528 2525 A.
1552 2489 1653 2525 vind.

996 2538 1073 2573 DF.
1104 2540 1183 2572 vat.
1207 2539 1282 2573 BH.
1328 2539 1409 2572 Ven.
1439 2537 1511 2571 BC.
1555 2536 1654 2571 Flor.

996 2584 1169 2617 ACRTV.
1204 2585 1313 2628 Vulgo
1339 2581 1540 2628 γενήσεται,
1564 2583 1656 2627 quod

997 2641 1098 2674 quum
1129 2629 1179 2663 ita
1213 2630 1345 2662 demum
1376 2633 1491 2674 apttun
1526 2628 1592 2669 sit,
1626 2628 1657 2661 si

998 2676 1155 2709 nascendi
1189 2676 1433 2719 significatione
1458 2673 1656 2718 accipiatur,

998 2722 1138 2754 alteiam
1160 2721 1338 2755 lectionem
1361 2733 1381 2755 a
1401 2720 1571 2754 codicibus
1594 2719 1657 2752 fir-

997 2767 1156 2810 miorem,
1205 2780 1294 2811 quae
1338 2767 1429 2800 idem
1473 2765 1656 2810 significat,

997 2813 1152 2857 praetuli.
1200 2813 1238 2846 Si
1273 2824 1338 2846 non
1376 2812 1514 2846 latuerit
1544 2812 1656 2844 foetus

998 2862 1133 2902 praeter
1165 2859 1274 2903 legem
1303 2862 1508 2904 susceptus,
1548 2868 1591 2891 ne
1621 2856 1656 2890 in
