1807 3219
366 132 451 174 246

824 128 1303 174 PLATONIS

300 245 334 288 E
364 238 607 297 γιγνόμενα
633 238 759 294 λαβὲ,
788 240 947 299 νόησιν
976 242 1057 299 μὲν
1086 244 1154 288 ἐπὶ
1182 248 1245 303 τῷ
1274 241 1506 293 ἀνωτάτω,
1544 239 1748 284 διάνοιαν

361 308 408 353 δὲ
439 308 508 352 ἐπὶ
537 310 599 364 τῷ
630 307 841 366 δευτέρῳ,
884 315 947 367 τῷ
976 314 1108 371 τρίτῳ
1137 314 1183 360 δὲ
1212 313 1358 355 πίστιν
1388 309 1552 361 οέπόδος
1581 310 1655 353 καὶ
1684 312 1746 369 τῷ

359 376 592 434 τελευταίῳ
623 378 846 431 εἰκασίαν,
883 380 960 423 καὶ
987 381 1119 434 τάξον
1147 380 1260 426 αὐτὰ
1283 373 1376 423 dvo}
1404 378 1559 434 λόγον,
1602 377 1747 433 ὥσπερ

361 443 427 502 ἐφ’
460 442 527 496 οἷς
558 444 675 488 ἐστὶν
705 443 914 502 ἀληθείας
939 450 1152 506 μετέχειν,
1192 449 1309 494 οὕτω
1338 450 1477 491 ταῦτα
1507 449 1748 504 σαφηνείας

407 591 510 639 λαβὲ]
538 590 630 639 λάβε
655 593 790 628 codices
815 595 879 629 mei
898 600 933 630 et
957 597 1031 631 edi·
1087 597 1254 644 sequioris
1277 596 1352 632 aevi
1384 608 1482 631 usum
1506 595 1550 630 ad
1571 595 1748 630 Platonem

358 639 467 674 tiones
493 645 573 674 ante
596 641 802 676 Bekkernm.
841 643 883 676 V.
906 643 982 677 Vol.
1002 645 1029 679 Ι.

358 698 393 731 Ρ.
417 688 509 728 389,
531 687 566 721 b.
597 706 642 712 —-
673 687 814 721 Proclus
849 688 883 722 in
921 690 1029 725 Alcib.

358 733 403 766 T.
418 733 462 765 II.
484 743 518 772 1).
531 734 588 768 57.
612 733 716 768 Cous,
738 733 791 789 (p.
803 735 859 768 21.
880 735 1026 789 Creuz.)

358 775 436 812 ἄλλ’
467 776 591 822 ὥσπερ
616 776 735 818 αὐτὸς
767 792 786 814 ο
822 779 1028 836 Σωκράτης

358 822 398 858 ἐν
431 825 607 877 Πολιτείᾳ
648 823 804 868 διέκρινε
824 851 834 870 ,
884 829 928 873 τῇ
959 825 1027 870 μὲν

359 867 459 924 ἁπλῇ
489 869 551 904 καὶ
587 872 778 925 μονοειδεῖ
814 871 877 906 καὶ
913 874 1028 928 νοερᾷ

358 914 490 960 γνώσει
512 915 559 950 τὰ
582 914 702 973 νοητοὶ
718 916 844 952 πάντα
865 909 1028 963 συζύγως

358 964 531 1006 θεωρεῖν,
551 964 597 1008 τῇ
623 960 663 998 δε
686 960 945 1021 ἐπιστημονικῇ
964 964 1028 999 καὶ

360 1009 578 1066 διανοητικῇ
609 1010 686 1043 τῶν
727 1010 837 1044 εἰδῶν
872 1008 936 1045 οένε
940 1011 1029 1053 λίξει

360 1053 424 1088 καὶ
454 1053 626 1089 συνθέσει
658 1053 748 1095 τοὺς
790 1054 926 1099 μέσους
952 1058 1028 1091 τῶν

362 1097 483 1135 ὄντων
542 1099 677 1156 λόγους
727 1099 1026 1157 ἐπισκοπεῖσθαι,

360 1147 463 1191 τρίτῃ
492 1144 533 1181 δὲ
558 1144 636 1182 οὲπὸ
666 1148 733 1191 τῆς
765 1145 945 1206 ἀληθείας
976 1149 1025 1193 τῇ

360 1190 536 1236 αἰσθήσει
557 1190 604 1226 δι’
625 1192 795 1238 ὀργανων
812 1193 1025 1239 ἐφαπτομέ-

359 1250 405 1283 νῃ
425 1239 502 1272 τῶν
530 1239 675 1273 οἰκείων
703 1242 877 1284 γνωστῶν
899 1240 948 1275 τὰ
968 1241 1023 1275 αι’-

360 1281 484 1328 σθητοὶ
520 1283 646 1319 πάντα
681 1286 882 1330 διακρίνειν
920 1285 1025 1322 δεόν-

360 1342 450 1373 τως,
476 1331 521 1375 τῇ
540 1328 580 1365 δε
609 1332 795 1388 εἰκαστικῇ
818 1331 862 1368 τὸ
891 1331 1027 1368 λοιπὸν

361 1375 518 1419 δυνάμει
545 1389 594 1411 τα
619 1377 770 1412 εἰκαστόι
793 1380 870 1413 τῶν
893 1379 1026 1434 αἰσθη-

359 1423 438 1457 ‘miv
470 1423 606 1457 εἴδωλα
642 1423 874 1469 τυγχάνοντα
899 1423 1026 1470 γιγνώ-

360 1479 469 1503 σκειν.
518 1470 614 1503 Idem
646 1470 679 1503 in
718 1471 792 1506 Civ.
828 1483 908 1517 pag.
933 1473 1025 1528 4229.

361 1512 579 1571 σαφέστατα
609 1517 679 1550 τοῦ
711 1515 916 1557 Πλατωνος
950 1515 1027 1551 ἐπι-

360 1559 501 1606 στήμην
517 1573 593 1606 μεν
619 1559 680 1596 ἐπὶ
704 1563 773 1597 τοῦ
805 1559 916 1604 ὄντος
941 1561 1029 1597 τάτ-

360 1619 512 1651 τοντος,
547 1608 671 1642 πίστιν
706 1607 747 1643 δε
780 1607 842 1644 ἐπὶ
873 1610 925 1656 τῷ
966 1610 1028 1644 δο-

359 1654 493 1688 κουντί
526 1666 605 1693 πως
632 1651 728 1689 εἶναι
755 1655 819 1690 καὶ
841 1645 1028 1702 αἰσθητῷ,

361 1697 537 1735 διάνοιαν
562 1698 601 1734 δὲ
632 1698 692 1735 ἐπὶ
711 1704 791 1741 τοῖς
815 1691 1029 1746 διανοητοῐς

361 1745 425 1780 καὶ
455 1746 622 1780 εἰκασίαν
650 1744 711 1781 ε’πι
731 1750 811 1787 τοῖς
832 1748 1028 1791 εἰκαστοῖς,

363 1790 479 1833 δόξαν
501 1790 540 1826 δε
565 1789 626 1826 επὶ
642 1796 722 1833 τοῖς
744 1794 943 1850 αἰσθητοῖς
965 1793 1030 1828 καὶ

364 1838 549 1878 εἰκαστοῖς
576 1837 638 1872 καὶ
665 1838 793 1883 νόησιν
822 1838 933 1884 [μεν]
969 1837 1031 1873 επὶ

362 1887 444 1924 τοῖς
462 1887 614 1928 νοητοῖς
631 1884 694 1919 καὶ
716 1886 929 1939 ᾷιανοητοῖς
954 1884 1032 1930 [και

365 1930 577 1987 elnam-0213}
600 1931 734 1988 3Idem
725 1944 760 1965 ιιι
787 1933 879 1966 Tim.
904 1945 938 1977 p.
963 1933 1029 1968 75.

364 1977 478 2011 τοῦτο
501 1975 546 2032 δὴ
567 1976 637 2010 οὖν
666 1975 766 2011 ἐστὶν
788 1974 807 2012 ὁ
826 1975 936 2034 λόγος
950 2004 959 2021 ,
984 1976 1028 2032 τὸ

363 2023 481 2057 νοοῦν
506 2019 614 2079 ἡμῶν
642 2022 691 2057 τὰ
721 2022 865 2068 νοητὰ,
889 2023 953 2058 καὶ
986 2036 1031 2058 ον

365 2070 410 2124 (f.
430 2063 500 2114 οὗ)
527 2082 546 2103 ο
568 2066 608 2103 ἐν
630 2070 807 2126 Πολιτείᾳ
828 2067 1032 2126 Σωκρατης

363 2113 494 2159 νόησιν
520 2111 598 2149 εἷπε
623 2114 707 2169 τὴν,ν
729 2105 937 2171 ἐνέργειαν,
979 2114 1032 2155 ιὸς

366 2160 542 2196 διάνοιαν
559 2159 629 2205 τὴν
655 2161 732 2195 τῶν
751 2160 874 2205 μέσων
895 2162 1030 2206 γνῶσιν

363 2207 511 2252 νοητῶν
537 2207 601 2241 καὶ
630 2207 834 2249 δοξαστῶν.
891 2209 947 2242 Cf.
980 2209 1028 2244 ib.

365 2266 400 2300 p.
427 2255 502 2295 105,
527 2256 584 2288 21.
609 2257 644 2287 et
666 2255 701 2288 in
721 2254 796 2290 Civ.
822 2268 854 2298 p.
878 2255 972 2297 431,
995 2257 1029 2289 2.

411 2296 616 2354 ἀνωτάτω]
655 2297 827 2334 οἷνοτατω
862 2301 961 2336 Vind.
986 2301 1030 2335 Ε.

364 2358 563 2380 ανωτατωι
587 2346 672 2380 Lob.
720 2347 831 2381 Erant
862 2347 948 2380 enim
973 2346 1030 2392 qui

364 2394 450 2427 haec
482 2392 645 2426 adverbia
677 2403 752 2426 cum
787 2405 801 2427 ι
832 2393 1032 2436 scriberent,

364 2442 402 2472 ut
436 2450 480 2472 ex
513 2439 751 2482 Etymologico
793 2439 932 2483 collegit
972 2438 1030 2472 Fi-

363 2484 502 2518 scherus
528 2488 627 2517 anim.
657 2486 700 2518 ad
712 2484 815 2520 well.
836 2485 880 2520 ΙΙ.
901 2497 936 2530 p.
953 2485 1030 2519 114.

364 2531 453 2564 Hinc
492 2541 557 2564 non
589 2530 694 2564 solum
727 2528 905 2577 ἐγγυτέρῳ
937 2531 979 2564 L.
1001 2531 1030 2564 Ι.

365 2588 398 2621 p.
423 2577 503 2612 330.
537 2576 579 2609 Ε.
618 2577 651 2609 in
674 2577 750 2611 Ald.
784 2578 865 2610 Bas.
883 2566 945 2611 ab.
970 2577 1031 2610 sed

367 2621 472 2656 etiam
499 2618 699 2665 ε’γγυτατωι
735 2626 771 2656 et
811 2621 1034 2667 περαιτέρωι

367 2669 472 2714 Soph.
496 2680 530 2712 p.
555 2670 635 2704 265.
660 2671 700 2702 A.
727 2674 761 2703 et
785 2669 856 2704 Alc.
880 2669 925 2702 ΙΙ.
952 2670 1031 2704 149.

366 2715 407 2747 Β.
435 2715 471 2748 in
507 2714 690 2748 Clarkiano
729 2715 845 2749 codice
868 2715 1033 2762 scriptum

367 2766 432 2793 est.
459 2760 671 2804 Quamquam
695 2765 811 2795 nostro
834 2759 908 2795 loco
932 2761 1033 2795 etiam

367 2807 441 2850 ipse
464 2806 600 2840 dativus
625 2807 733 2841 videri
758 2806 870 2852 potuit
894 2807 1033 2842 librario

1087 645 1318 679 transferenti.
1331 644 1386 678 Cf.
1398 643 1595 676 Buttmanni
1607 653 1749 685 gramm.

1086 691 1115 725 Ι.
1151 703 1185 736 p.
1210 693 1289 725 277.
1334 690 1379 723 ΙΙ.
1412 701 1444 734 p.
1470 690 1548 725 411.
1596 689 1654 722 Sic
1677 688 1746 721 τοῦ

1086 734 1283 770 ανωτοὶτου
1299 733 1410 779 αέρος
1428 735 1581 779 Definp
1586 734 1685 770 .411.
1706 734 1748 767 C.

1083 783 1227 827 legitur,
1252 782 1342 827 quod
1366 782 1543 814 Bekkerus
1566 780 1751 814 secundum

1083 840 1185 862 unuln
1208 828 1294 864 Xen
1320 828 1361 861 D.
1398 827 1432 860 in
1465 823 1643 860 α’νωτάτω
1675 838 1747 858 ιιιιι-

1086 876 1224 908 tandum
1247 873 1391 919 putavit.
1441 873 1542 912 Quod
1574 873 1607 906 in
1642 870 1751 905 Stall-

1084 922 1209 954 baumii
1234 932 1302 954 sec.
1328 920 1382 953 hic
1405 919 1488 952 item
1513 922 1626 951 exstat
1652 914 1747 951 οἷνω·

1083 965 1211 1013 τοίτῳ,
1234 967 1268 999 id
1292 965 1368 1010 ipso
1393 969 1529 998 tacente
1548 964 1750 1009 typothetae

1084 1015 1205 1068 culpae
1228 1011 1443 1045 tribuendum
1466 1023 1496 1043 v
1489 1011 1611 1044 2.detur

1130 1056 1194 1103 δε]
1222 1055 1253 1091 δ’
1280 1057 1381 1090 Vind.
1406 1058 1445 1090 F.
1469 1057 1555 1100 Ang.
1580 1057 1622 1090 Β.

1129 1105 1182 1151 τῷ
1215 1103 1351 1149 τρίτῳ]
1393 1103 1444 1148 τῷ
1479 1115 1545 1136 om.
1580 1102 1675 1137 Mon.
1705 1103 1747 1137 Β.

1082 1140 1166 1185 Par.
1178 1151 1264 1184 D.K
1291 1150 1383 1183 F.lor
1407 1149 1453 1182 U.

1127 1194 1272 1250 ταξον]
1288 1192 1396 1237 ταξιν
1420 1193 1521 1230 Vind.
1548 1193 1623 1228 EF.

1129 1241 1202 1276 οἷνὰ
1231 1239 1364 1286 λόγον]
1400 1238 1590 1283 α’ναλογον
1615 1239 1751 1274 codices

1083 1289 1147 1323 mei
1173 1294 1209 1322 et
1232 1288 1397 1322 editiones
1423 1292 1502 1320 ante
1527 1285 1612 1319 Astii
1635 1298 1703 1320 sec.

1129 1332 1187 1391 ἐφ’
1209 1333 1287 1378 οἱς]
1314 1331 1423 1377 ἐφοῖς
1447 1333 1548 1367 Vind.
1573 1332 1614 1366 F.

1088 1412 1091 1414 .
1132 1378 1253 1425 ἐστιν]
1292 1379 1388 1414 ἔστιν
1413 1379 1612 1420 Bekken1S‚
1637 1378 1755 1413 Astius

1083 1428 1118 1461 in
1146 1431 1228 1460 ter-t
1263 1431 1298 1460 et
1333 1424 1591 1460 Stallbaumius.
1648 1425 1750 1459 Conf.

1082 1473 1228 1508 LVII.
1265 1471 1404 1527 Ρ.534.
1438 1472 1491 1504 Α.
1529 1468 1671 1527 τὴνδ’
1696 1468 1753 1514 ἐφ’

1086 1517 1142 1558 οἷς
1169 1518 1293 1552 ταῦτα
1323 1515 1538 1561 ἀναλογίαν.
1572 1517 1629 1550 ubi
1655 1514 1755 1551 ἐστὶν

1086 1566 1244 1600 omissum
1269 1567 1333 1598 est.

1132 1609 1340 1654 αληθείας]
1368 1606 1503 1653 αληθει
1528 1608 1625 1644 Vind.
1650 1609 1694 1644 Ε.

1130 1655 1334 1701 μετέχειν,]
1358 1655 1413 1689 Ita
1437 1667 1512 1689 cum
1536 1655 1677 1700 reliquis
1695 1667 1753 1689 co-

1087 1703 1220 1737 dicibus
1255 1704 1348 1736 Mon.
1385 1702 1426 1736 B.
1457 1701 1517 1735 sed
1551 1701 1754 1746 subscriptis

1086 1754 1258 1783 extremae
1281 1749 1418 1782 litterae
1450 1748 1585 1792 punctis
1610 1748 1753 1790 duobus,

1086 1808 1174 1841 quae
1213 1794 1365 1828 Bekkeri
1400 1794 1507 1828 aciem
1544 1794 1752 1838 effugerunt,

1086 1843 1210 1886 quibus
1241 1840 1402 1875 librarius
1434 1836 1578 1883 μετέχει
1602 1839 1752 1874 scriben-

1086 1889 1165 1921 dum
1207 1899 1284 1921 esse
1325 1887 1600 1928 demonstrabat3
1649 1886 1754 1931 idque

1086 1945 1292 1979 magnopere
1314 1933 1436 1967 vellem
1467 1932 1502 1967 in
1526 1933 1613 1966 bono
1638 1932 1754 1977 aliquo

1086 1980 1175 2015 libro
1199 1982 1385 2025 repertum.
1410 1977 1501 2012 Nam
1526 1990 1592 2023 qua
1616 1978 1751 2012 ratione

1087 2031 1237 2071 quatuor
1269 2025 1348 2059 illae
1384 2036 1498 2058 rerum
1522 2024 1674 2068 species,
1708 2023 1753 2058 ad

1088 2084 1174 2117 quas
1219 2072 1320 2105 animi
1356 2070 1558 2104 affectiones
1605 2076 1753 2115 quatuor

1087 2119 1185 2152 modo
1211 2117 1324 2151 dictae
1356 2116 1549 2161 pertinent,
1593 2116 1753 2150 veritatis

1087 2164 1271 2209 participes
1305 2166 1439 2204 essent,
1491 2164 1653 2196 Socrates
1692 2173 1757 2208 pro

1088 2213 1182 2244 certo
1211 2214 1246 2243 et
1271 2221 1312 2243 ex
1345 2208 1579 2253 superioribus
1602 2208 1670 2242 iam
1695 2220 1751 2242 sa—

1086 2256 1132 2289 tis
1155 2256 1291 2300 cognito
1315 2267 1466 2300 ponere,
1490 2266 1557 2288 non
1582 2254 1756 2288 Glauconi

1087 2301 1345 2336 existimandum
1369 2301 1562 2345 relinquere
1596 2301 1758 2343 debebat,

1087 2347 1367 2394 quemadmodum
1383 2349 1567 2380 secundum
1584 2347 1758 2391 vulgatam

1087 2394 1266 2428 lectionem
1291 2394 1406 2426 facere
1429 2393 1587 2434 videtur,
1621 2393 1650 2426 si
1677 2392 1756 2437 qui-

1089 2441 1166 2474 dem
1197 2440 1240 2473 ad
1272 2437 1435 2494 μετέχειν
1469 2450 1512 2472 ex
1535 2439 1758 2483 sequentibus

1089 2485 1313 2531 supplendum
1335 2488 1388 2519 est
1410 2481 1496 2530 ἡγῇ.
1536 2485 1651 2530 Atque
1671 2485 1757 2518 haec

1088 2532 1166 2577 ipsa
1199 2531 1422 2577 supplementi
1458 2542 1500 2564 ex
1532 2530 1757 2575 sequentibus

1088 2578 1229 2632 petendi
1253 2578 1439 2611 necessitas
1471 2577 1619 2610 nonnihil
1645 2577 1757 2611 offen-

1089 2624 1192 2659 sionis
1216 2624 1339 2664 habet,
1373 2635 1476 2667 quum
1500 2625 1573 2657 fere
1595 2623 1631 2656 in
1655 2627 1756 2656 ante-

1091 2669 1287 2704 cedentibus
1317 2670 1458 2703 verbum
1491 2669 1622 2703 finitum
1662 2669 1754 2703 rela-

1090 2717 1160 2750 tivo
1207 2716 1435 2750 necessarium
1481 2716 1593 2750 inesse
1633 2715 1755 2749 soleat.

1091 2763 1151 2796 Sic
1184 2762 1356 2796 Phaedon.
1387 2772 1422 2817 p.
1446 2763 1503 2797 72.
1530 2762 1576 2794 A:
1614 2760 1755 2795 τούτου

1092 2806 1132 2843 δε
1155 2804 1266 2848 ὄντος
1297 2805 1430 2842 ἱκανόν
1452 2818 1529 2842 πον
1554 2804 1676 2842 ἐδόκει
1697 2818 1753 2841 τε-
