1807 3219
46 1449 83 1490 B

43 2573 341 2654 *Theon-qlcp.

445 196 782 240 CIVITAS
830 194 1065 237 LIB.VII.
1090 199 1158 234 526

1404 200 1483 240 291

103 308 232 352 παντὶ
271 308 346 352 καὶ
389 308 495 354 οὐδὲ
533 310 721 367 σμικρόν
760 307 976 364 διαφέρον
1014 305 1178 362 μόριόν
1215 322 1260 351 τε
1298 307 1398 364 ἔχον
1440 309 1488 352 ἐν

101 374 243 436 ἐαυτῷ
274 374 425 426 onmia,-
460 378 502 420 τί
533 375 703 422 ἆνοῖει
734 375 900 428 αὐτούς
938 373 1266 431 ἀποκρίνασθαι
1275 395 1290 427 ,·

1344 380 1486 422 Τοῦτο

101 445 256 501 ἔγωγε,
297 444 363 489 ὅτι
392 446 492 500 περὶ
521 444 694 490 τούτων
722 447 946 501 λέγουσιν,
989 446 1054 489 ὠν
1083 446 1378 502 διανοηθῆναι
1407 444 1490 502 μό·

99 513 182 558 νον
212 514 410 570 ἐγχωρεῖ,
443 511 596 566 ἄλλως
617 514 672 558 δ’
704 515 910 570 οὐδαμῶς
951 515 1321 570 μεταχειρίζεσθαι
1349 515 1486 557 δυνα-

99 581 191 626 θόν.

239 578 379 641 Ὁρᾷς
424 577 509 626 οὖν
533 614 544 632 ,
592 577 649 639 ἦν
688 580 731 627 δ’
776 581 889 638 ἐγω,

943 584 978 626 ὠ
1011 584 1138 638 φίλε,
1179 581 1249 626 ὅτι
1289 585 1350 639 τῷ
1390 580 1488 627 ὄντι

100 649 348 707 ἀναγκαῖον
383 650 488 708 ἡμῖν’
525 650 775 697 κινδυνεύει
817 648 930 694 εἶναι
971 648 1022 693 τὸ
1064 648 1248 705 μάθημα
1271 681 1285 702 ,
1341 650 1488 709 ἐπειδὴ

25 759 35 772 l
99 709 387 774 φαίνεταῗγε
435 719 801 777 προσαναγκάζον
843 716 954 775 αὐτῇ
994 722 1048 775 τῇ
1088 717 1241 775 νοήσει
1290 722 1483 776 χρῆσθαι
1507 727 1544 769 Β

97 785 356 844 τῆν’ψυχήν
384 786 448 831 ἐπ’
478 787 617 844 αὐτὴν
655 789 735 845 τὴν
775 785 1008 842 ἀλήθειαν,·
1052 787 1138 829 Καὶ
1162 786 1242 841 μὲν
1272 787 1345 844 δή,
1386 787 1485 845 ἔφη,

97 853 272 911 σφόδρα
300 871 348 910 γε
378 861 497 899 ποιεῖ
526 855 648 900 αὐτό.

712 858 764 900 Τί
794 857 862 906 65,-
902 854 1000 899 τόδε
1030 853 1114 911 ἤδη
1146 854 1390 907 ἐπεσκέψω,
1424 855 1485 908 (ὃς

99 924 148 966 οἵ
167 939 213 967 τε
243 923 378 980 φύσει
405 926 645 980 λογιστικοὶ
673 927 733 976 εἰς
760 925 906 969 πάντα
935 922 988 966 τοὶ
1019 922 1260 979 μαθήματα
1291 923 1350 974 ὠς
1380 925 1485 977 ἔπος

96 992 233 1036 εἰπεῖν
263 990 372 1046 ὀξεῖς
399 992 616 1049 φύονται,
656 995 703 1038 οἵ
726 1009 770 1038 τε
801 994 1003 1050 βραδεῖς,
1044 990 1100 1035 ἂν
1130 992 1177 1036 ἐν
1205 990 1350 1050 τούτῳ
1380 1009 1482 1037 παι-

95 1061 290 1105 δευθῶσι
308 1061 382 1106 καὶ
400 1061 733 1119 γυμνάσωνται,
764 1061 847 1106 κᾶν
874 1059 1011 1117 μηδὲν
1034 1058 1142 1104 ἄλλο
1171 1057 1480 1118 ὠφεληθῶσιν,

138 1204 225 1266 vJvL
238 1223 302 1245 om.
327 1211 427 1247 Vind.
451 1211 494 1246 F.
520 1195 614 1246 Flor.
636 1211 709 1246 Ac.

138 1257 191 1314 τῷ
213 1252 318 1302 ὄντι]
342 1256 477 1293 τωόντι
501 1258 601 1292 Vind.
627 1259 670 1292 E.

139 1291 345 1360 ἀναγκαῖον
364 1301 455 1348 ἡμῖν
478 1302 684 1338 κινδυνεύει
708 1300 756 1338 εἴ·

91 1350 178 1406 ναι]
202 1361 236 1384 κ.
256 1362 283 1384 ε.
303 1347 338 1383 οἱ.
359 1348 400 1395 ἡ.
428 1350 516 1386 Lob.
542 1351 621 1386 vat.
644 1351 693 1386 M.

91 1407 128 1440 η.
149 1408 185 1430 α.
209 1407 236 1430 ε.
263 1396 356 1430 Flor.
359 1363 421 1431 ”T-

139 1442 202 1486 γε]
235 1454 276 1476 τε
298 1443 393 1477 Flor.
417 1443 460 1477 V.

91 1534 112 1576 ζ
139 1486 467 1569 πρίσαναγκαζον]
492 1487 756 1534 προσαναγκάυ

111 1546 162 1569 ων
217 1536 260 1569 ob

137 1578 237 1626 αὐτῇ
265 1580 337 1627 τῇ]
372 1580 419 1626 τῇ
447 1593 514 1615 om.
547 1581 628 1615 Par.
655 1581 695 1615 A.
720 1584 757 1614 et

91 1629 186 1661 certe
224 1639 289 1661 non
319 1627 549 1661 necessarium
582 1630 644 1661 est.
694 1627 755 1661 Sic

89 1674 131 1707 L.
153 1673 387 1717 1111.p.437.
413 1674 456 1707 E.
482 1670 601 1708 αὐτοῦ
624 1670 754 1729 πώμα-

89 1728 177 1762 τος,
212 1720 311 1754 huius
342 1720 422 1753 libri
453 1731 486 1764 p.
513 1721 592 1755 517.
617 1719 660 1753 Ε.
686 1716 754 1753 αύ-

89 1763 160 1810 τὴν
189 1763 431 1809 δικαιοσύνην
471 1766 625 1809 legimus.
683 1766 754 1799 Sed

89 1824 191 1857 quum
226 1812 262 1846 in
285 1812 428 1857 reliquis
452 1812 623 1845 codicibus
647 1812 755 1845 omni-

89 1859 153 1892 bus
177 1863 291 1892 exstet
313 1862 350 1892 et
375 1862 457 1903 post
477 1854 575 1903 αὐτῇ
594 1858 755 1892 facillime

87 1904 316 1958 praetermitti
347 1915 368 1937 a
406 1904 547 1938 librario
591 1904 755 1949 potuerit,

87 1961 155 1996 pro
165 1950 322 2008 genuino
342 1950 534 1984 habendum
554 1952 700 1984 videtur.

88 1993 453 2099 vfflwffissssssgss.
458 1996 561 2040 mxv?
587 1997 688 2031 ‘'¹¹¹‘'
712 1997 753 2031 F

133 2086 189 2123 ἐπ’
211 2086 355 2144 αὐτὴν]
381 2086 489 2123 ἐπαυ.
514 2087 616 2122 vind.
639 2088 684 2122 E.

87 2132 234 2215 R'leffVJ.
246 2147 372 2225 )bg⁷c]¹:²fi
391 2135 474 2215 {lige
496 2134 751 2215 &gitkerilff-or

137 2249 184 2284 Τί
204 2247 291 2293 δὲς]
328 2249 374 2284 Τι’
394 2249 458 2284 δαί
469 2262 482 2291 ;
505 2250 752 2284 Stallbaumius

86 2297 122 2330 in
145 2307 216 2330 sec.
248 2308 324 2338 cum
358 2296 438 2331 Par.
462 2297 504 2330 A.
534 2295 588 2329 cui
619 2296 654 2330 in
685 2296 750 2330 hoc

84 2341 249 2376 vocabulo
294 2341 376 2376 nihil
422 2342 641 2376 tribuendum
673 2354 752 2388 esse

86 2389 350 2433 saepetexperti
374 2399 499 2423 sumus,
525 2388 649 2433 Neque
665 2400 750 2422 vero

85 2434 174 2476 hoc,
223 2434 313 2480 quod
344 2435 500 2479 sequitur
517 2460 528 2477 ,
577 2434 665 2468 tanti
706 2435 750 2468 ad

84 2491 248 2521 summam
266 2480 477 2526 quaestionis
499 2481 659 2515 momenti
683 2485 747 2515 est.

129 2544 227 2593 ἤδη]
264 2561 329 2583 om.
362 2549 442 2582 Par.
468 2549 511 2583 Κ.
561 2550 749 2594 Sequentia

364 2596 397 2630 9.
421 2595 457 2628 in
491 2596 576 2630 haec
611 2599 748 2629 contra-

83 2640 153 2675 xit:
180 2638 234 2675 ἔτι
259 2640 297 2675 οι
324 2641 522 2685 λογιστικοὶ
554 2641 605 2681 εἰς
622 2639 747 2676 πάντα

83 2682 279 2743 (απαντα
292 2688 365 2721 cod.
376 2688 513 2742 Scal.)
545 2685 592 2722 τοὶ
621 2686 747 2732 μαθή-

81 2744 182 2776 ματα
208 2730 309 2775 ὀξεῖς
331 2730 516 2789 φύονται,
542 2733 584 2767 σι’
599 2745 638 2767 τε
657 2734 747 2779 βρα·

83 2778 163 2819 δεῖς
188 2780 241 2819 εἰς
267 2777 311 2815 τὸ
342 2759 516 2835 ὀξύτεροι
540 2776 747 2824 (ὀξύτερον

84 2825 158 2859 cod.
182 2826 335 2870 Thuan.)
361 2822 472 2860 miz-02
497 2826 550 2870 (id
563 2826 629 2860 duo
649 2827 746 2860 codd.

82 2870 192 2905 Paris.
203 2872 393 2916 omittunt.)
415 2868 545 2905 αυτῶν
560 2871 748 2916 γενέσθαι.

861 1209 1084 1255 λογιστικοὶ]
1116 1209 1257 1255 λογικοὶ
1288 1210 1375 1245 Lob.
1400 1211 1480 1246 vat.

863 1300 1058 1347 φύονται]
1101 1302 1155 1336 Ita
1187 1302 1266 1336 Par.
1301 1303 1341 1336 A.
1377 1301 1480 1337 vind.

812 1349 890 1383 EF.
926 1350 1011 1382 V.en
1048 1349 1089 1382 C.
1128 1349 1214 1392 Ang.
1249 1349 1290 1382 Β.
1325 1350 1405 1385 Vat.
1429 1350 1481 1384 M.

812 1395 906 1429 Flor.
929 1395 1069 1429 ACRT.
1103 1398 1139 1428 et
1169 1360 1480 1438 Τ1ιεο.φαίνον-

814 1453 894 1485 ται,
921 1453 994 1486 sup.
1019 1437 1116 1484 ύον,
1142 1441 1229 1475 Lob.
1278 1441 1481 1484 φαίνονται

812 1488 935 1532 reliqui
959 1490 1091 1532 septem
1116 1498 1194 1520 cum
1218 1488 1329 1521 editis.
1357 1490 1480 1522 viden-

812 1540 871 1569 tur
895 1534 971 1567 Fic.
1020 1534 1222 1577 φαίνονται
1254 1545 1321 1567 ιιοιι
1356 1535 1480 1568 mahun

813 1585 867 1614 est
891 1583 926 1613 et
949 1580 1035 1613 ferri
1058 1580 1226 1621 debebat,
1261 1580 1370 1613 donec
1393 1581 1481 1615 late-

810 1627 873 1661 bat
903 1626 1046 1659 melius.
1091 1626 1212 1659 melius
1237 1630 1291 1660 est
1315 1623 1480 1670 φύονται

811 1676 1017 1718 propterea,
1041 1672 1131 1717 quod
1156 1683 1296 1706 acumen
1319 1673 1400 1706 illud
1425 1677 1477 1706 at-

812 1731 878 1764 que
903 1719 1029 1762 ingenii
1056 1718 1261 1759 sollertiam,
1300 1731 1389 1764 quae
1414 1731 1477 1753 na-

809 1765 915 1799 turali
938 1764 1167 1798 arithmetices
1191 1765 1357 1799 facultate
1374 1776 1478 1809 prae-

811 1811 890 1844 ditis
915 1812 959 1845 ad
982 1822 1113 1844 omnem
1144 1810 1322 1844 scientiam
1355 1811 1477 1845 adesse

810 1858 938 1899 soleat,
968 1857 1050 1890 item
1075 1857 1284 1899 naturalem,
1310 1869 1376 1891 non
1400 1863 1478 1892 arte

811 1908 871 1937 aut
916 1903 1160 1937 exercitatione
1204 1907 1361 1948 paratam
1401 1916 1477 1938 esse

811 1950 939 1983 certius
974 1953 1009 1983 et
1040 1949 1112 1983 sine
1145 1949 1216 1983 ulla
1252 1949 1476 1994 ambiguitate

811 1995 985 2040 significat
1001 2021 1011 2038 ‚
1060 2008 1102 2029 ex
1149 2007 1216 2040 quo
1257 1998 1475 2038 facultatum

811 2043 854 2076 ab
875 2041 951 2086 ipsa
975 2045 1100 2075 natura
1121 2041 1277 2075 instituto
1302 2042 1474 2076 consortio

810 2089 973 2122 Socrates
996 2089 1148 2121 futurum
1172 2087 1329 2130 coniicit,
1353 2092 1392 2121 ut
1415 2088 1472 2133 qui

808 2134 1041 2168 arithmeticen
1063 2133 1129 2167 rite
1147 2134 1347 2178 doceantur,
1372 2134 1473 2168 iidem

806 2181 975 2225 reliquam
1008 2180 1186 2214 scientiam
1211 2179 1338 2224 optime
1356 2182 1472 2225 perci-

802 2228 922 2272 piant
969 2226 1094 2272 Neque
1124 2226 1371 2281 repugnantiae
1393 2238 1472 2284 spe-

808 2273 898 2315 cies,
923 2284 1025 2318 quum
1057 2270 1094 2306 οἱ
1123 2271 1237 2316 φύσει
1262 2271 1470 2316 λογιστικοὶ,

807 2330 894 2364 quos
927 2323 1059 2352 tamen
1070 2322 1167 2352 natos
1203 2329 1278 2352 esse
1293 2322 1472 2373 oporteat,

804 2365 1004 2420 priusquam
1027 2364 1114 2399 tales
1137 2364 1302 2398 nominari
1325 2365 1472 2409 possint,

803 2412 928 2446 iterum
964 2407 1061 2453 ὀξεῖς
1099 2408 1267 2455 φύεσθαι
1304 2411 1473 2453 dicantur,
1500 2425 1526 2454 s,

1281 2456 1348 2490 Est
1382 2457 1471 2490 euim
1517 2455 1521 2459 ’

805 2457 982 2491 deterrere
1014 2468 1074 2491 nos
1109 2458 1222 2491 debet.

803 2503 971 2558 prolepsis
995 2503 1181 2548 quaedam,
1213 2514 1281 2548 qua
1311 2502 1354 2536 ad
1388 2504 1470 2537 sub-

802 2551 882 2583 iecti
918 2549 1181 2594 descriptionem
1211 2549 1384 2582 interdum
1414 2560 1472 2584 res

802 2595 1000 2641 praedicato
1044 2607 1110 2629 non
1154 2594 1342 2629 anteriores
1384 2599 1472 2628 tem·
1534 2609 1540 2614 ·

802 2654 899 2686 pore,
924 2642 984 2675 sed
1007 2641 1220 2698 posteriores
1243 2640 1471 2674 adhibentur·

805 2687 842 2721 οι
868 2684 979 2731 φύσει
1002 2686 1221 2731 λογιστικοὶ,
1255 2687 1315 2731 qui
1338 2687 1475 2732 quidem

802 2735 1017 2790 postmodum
1051 2733 1139 2767 tales
1163 2732 1356 2777 apparituri
1380 2736 1472 2774 sunt,

805 2777 903 2822 ὀξεῖς
932 2777 1097 2834 φύονται
1120 2790 1159 2813 eo
1182 2778 1317 2812 scilicet
1338 2782 1473 2823 tempo-

803 2838 864 2868 re,
879 2838 955 2881 quo
979 2823 1089 2869 φύσει
1109 2823 1309 2869 λογιστικοὶ
1326 2825 1473 2859 nondum

804 2871 890 2905 facti
922 2876 1012 2906 sunt.
1068 2872 1200 2906 Eodem
1231 2871 1331 2905 modo
1363 2870 1471 2915 expli-

1199 2927 1279 2968 ΤΞ
