1807 3219
294 199 378 239 156

747 194 1223 237 PLATONIS

291 305 541 362 ἐπιμέλειαν
577 311 805 351 ποιεῖσθαι
842 307 1050 350 ἐνιαυτοῦ
1090 306 1163 350 καὶ
1204 301 1334 359 ὦρῶν
1371 305 1446 348 καὶ
1480 305 1679 361 οὐρανοῦ

291 376 366 418 καὶ
398 374 571 428 ἄστρων
601 377 674 419 καὶ
709 374 971 431 πνευμάτων
1009 379 1083 418 καὶ
1122 373 1301 418 πάντων
1333 377 1423 416 τῶν
1462 378 1515 431 τῇ
1552 375 1679 433 τέχνῃ

292 442 634 499 προσηκόντων,
675 446 711 487 εἰ
740 444 884 499 μέλλει
924 447 986 502 τῷ
1016 441 1111 486 ὄντι
1139 441 1250 493 νεώς
1281 440 1460 497 ἀρχικός
1491 443 1680 497 ἔσεσθαι,

227 516 262 556 Ε
294 510 412 562 ὅπως
459 513 506 555 δὲ
556 512 840 568 κυβερνήσει,
890 510 966 555 ἐάν
1001 513 1046 555 τέ
1084 528 1198 562 τινες
1234 509 1484 567 βούλωνται
1520 510 1598 553 ἐάν
1634 528 1680 555 τε

289 579 368 635 μὴ,
399 579 503 636 μήτε
533 580 686 636 τέχνην
714 580 876 624 τούτου
906 579 1012 636 μήτε
1050 579 1230 636 μελέτην
1262 578 1455 636 οἰόμενοι
1486 580 1679 623 δυνατόν

288 645 402 691 εἶναι
440 651 592 704 λαβεῖν
632 647 721 705 ἅμα
758 649 832 692 καὶ
870 648 952 704 τὴν
988 647 1319 705 κυβερνητικήν.

1372 646 1585 691 τοιούτων
1623 648 1678 704 δή

288 717 389 772 περὶ
417 717 496 768 τοὶς
525 720 636 768 ναῦς
663 717 934 773 γιγνομένων
962 716 1041 760 τὸν
1071 715 1130 768 ὥς
1160 715 1334 773 ἀληθῶς
1363 716 1679 772 κυβερνητικὸν

290 783 372 841 οὐχ
401 783 486 843 ἡγῇ
518 784 573 828 ἂν
609 789 671 844 τῷ
711 784 806 829 ὄντι
843 784 1207 841 μετεωροσκόπον
1243 801 1289 828 τε
1327 785 1401 828 καὶ
1439 784 1680 841 ἀδολέσχην

196 860 266 897 489
289 855 364 898 καὶ
397 852 616 910 ἄχρηστόν
659 863 787 909 σφισι
825 857 1054 897 καλεῖσθαι
1091 851 1182 898 ὑπὸ
1218 856 1309 896 τῶν
1343 852 1390 896 ἐν
1428 858 1523 903 ταῖς
1561 852 1678 896 οὕτω

288 921 708 978 κατεσκευασμέναις
750 922 884 965 ναυσὶ
928 920 1191 978 πλωτήρων;
1244 921 1328 964 Καὶ
1363 920 1501 976 μάλα,
1539 920 1622 977 ἔφη
1652 919 1678 965 ὁ

286 989 576 1047 Ἀδείμαντος.

337 1160 473 1209 ώρῶν]
509 1161 611 1207 ὁρῶν
641 1162 742 1197 Vind.
766 1162 811 1197 F.
859 1157 956 1207 (ὅραι

288 1211 366 1245 anni
411 1213 634 1254 tempestates
667 1213 765 1251 sunt,
813 1221 956 1254 quarum

286 1268 384 1291 suum
408 1256 530 1301 cuique
553 1255 724 1300 ingenium
748 1259 812 1298 est,
837 1268 956 1300 quem-

286 1302 465 1336 admodum
491 1306 526 1335 et
559 1314 644 1335 anno
668 1302 754 1346 ipsi,
790 1302 848 1346 qui
872 1314 956 1346 pro-

285 1352 408 1404 pterea
425 1350 467 1382 ab
487 1349 534 1382 eis
552 1348 794 1391 distinguitur3
819 1360 862 1381 ne
879 1348 954 1392 quis

287 1391 398 1437 ωρῶν
430 1406 493 1439 per
526 1394 767 1428 abundantiam
801 1398 861 1427 aut
891 1405 955 1446 per

283 1438 327 1475 ἓν
347 1439 410 1475 διὰ
431 1442 539 1474 δυοῖν
560 1440 728 1474 adiectum
748 1444 807 1473 aut
823 1439 865 1473 de
884 1441 952 1473 sin-

285 1487 440 1531 gulorum
487 1487 616 1520 dierum
670 1486 829 1531 partibus
877 1497 952 1518 cum

284 1533 599 1566 Schleierlnachero
648 1539 684 1566 et
724 1531 951 1566 Stallbaumio

285 1579 413 1613 dictum
436 1583 545 1624 putet.

329 1625 392 1670 τῇ]
419 1638 484 1659 om.
505 1624 606 1661 Vind.
630 1625 672 1658 F.
696 1626 785 1668 Ang.
798 1624 837 1658 B.
855 1624 950 1657 Flor.

330 1714 474 1761 μέλλει]
498 1714 622 1761 μέλλοι
646 1717 746 1754 Vind.
761 1717 837 1751 BE.
860 1718 952 1751 Flor.

330 1809 382 1855 τῷ
412 1804 494 1843 ὄντι
525 1807 650 1854 νειὸς]
691 1807 828 1844 τωόντι
861 1805 953 1849 νέως

283 1856 383 1893 Vind.
409 1856 451 1888 Ε.

331 1898 396 1946 δὲ]
423 1913 462 1935 τε
486 1901 572 1937 Lob.
595 1901 751 1937 Vind.}3.
776 1902 950 1935 Vat.BM.

284 1949 374 1982 Ven.
400 1948 438 1982 B.
465 1953 500 1981 et
534 1948 568 1981 in
601 1959 671 1982 sec.
697 1949 749 1983 ed.
774 1948 951 1982 Stallbau-

283 1994 371 2028 mins
403 1994 491 2028 Astii
522 1994 752 2028 coniecturam
786 1993 823 2027 in
865 1997 947 2028 tert.

284 2040 495 2086 propositam
519 2047 676 2082 secutus,
703 2052 768 2073 non
794 2040 948 2074 animad-

286 2090 422 2119 vertens
447 2087 531 2128 hoc,
562 2086 658 2142 quod
692 2086 809 2120 verbis
844 2082 948 2125 ὅπως

282 2130 519 2188 κυβερνήσει,
555 2129 620 2166 ε’άν
648 2129 690 2166 τέ
728 2144 825 2171 τινες
857 2131 947 2177 βού-

284 2180 421 2212 λωνται
441 2176 507 2212 ἐάν
528 2190 566 2212 τε
587 2175 637 2221 μή
661 2179 864 2220 continetur,
883 2179 949 2211 mi-

284 2236 348 2258 nus
391 2226 492 2258 etiam
525 2225 608 2258 artis
649 2224 948 2258 exercitationisve

282 2283 355 2305 rem
379 2276 481 2316 atque
504 2271 615 2315 ipsum
644 2270 748 2312 illud,
788 2282 855 2316 quo
891 2282 947 2305 ars

283 2317 527 2359 gubernatoria
552 2320 703 2357 constet,
729 2317 804 2350 istis
828 2317 948 2359 videri,

283 2375 385 2408 quam
416 2375 504 2408 quae
528 2362 563 2396 in
596 2363 756 2407 proximis
781 2373 860 2397 vero
884 2374 948 2408 gu-

282 2410 461 2442 bernatori
486 2409 678 2443 necessaria
701 2421 777 2442 esse
810 2409 948 2442 demon-

283 2459 428 2489 stratum
455 2459 528 2496 est,
551 2455 698 2499 ideoque
722 2459 829 2496 recte,
852 2459 948 2500 post-

279 2513 382 2546 quam
417 2514 459 2535 ne
494 2481 555 2534 ilia
589 2501 721 2546 quidem
752 2501 949 2535 necessaria

279 2547 470 2591 intelligere
505 2547 588 2580 dicti
621 2552 722 2589 sunt,
751 2548 803 2581 ita
838 2547 947 2580 conti-

278 2593 378 2626 nuari
401 2594 605 2627 orationem:
639 2599 679 2628 ut
705 2606 786 2627 vero
820 2595 946 2639 gnber-

279 2644 359 2681 πει,
383 2651 441 2673 seu
463 2641 520 2684 qui
539 2641 648 2674 velint
676 2652 734 2674 seu
752 2641 883 2680 nolint,
908 2641 947 2674 id

281 2696 388 2729 neque
433 2691 509 2719 arte
554 2697 660 2730 neque
704 2686 948 2720 exercitatione

282 2732 379 2774 effici
393 2736 542 2776 putant,
571 2743 714 2775 quarum
735 2733 792 2776 qui
813 2744 948 2775 compos

276 2779 400 2820 factus
434 2778 497 2818 sit,
532 2778 633 2810 simul
664 2779 948 2823 gubernatoriam

284 2828 396 2857 artem
427 2828 555 2858 teneat.
618 2823 668 2857 Et
701 2827 815 2857 tamen
855 2824 948 2857 nulla

284 2872 337 2902 est
361 2869 502 2914 regendi
526 2880 601 2911 ars,
626 2869 706 2914 quin
725 2872 947 2915 regendorum

641 987 707 1035 Οὐ
737 990 817 1047 δή,
857 984 916 1047 ἦν
943 988 985 1035 δ’
1015 990 1123 1048 ἐγώ,
1162 988 1287 1047 οἶμαι
1315 989 1488 1034 δεῖσθαί
1517 1000 1564 1033 σε
1593 989 1679 1042 ἐξε-

1011 1168 1185 1199 assensum
1230 1162 1540 1206 dissensionemque
1594 1160 1680 1195 nihil

1011 1222 1135 1244 curans
1167 1210 1204 1242 id
1236 1209 1337 1243 unice
1370 1208 1555 1252 respiciat,
1587 1207 1679 1252 quod

1012 1257 1062 1290 eis
1087 1255 1297 1290 commodum
1322 1259 1358 1288 et
1380 1255 1464 1287 utile
1487 1257 1552 1287 est.
1577 1254 1678 1293 Quae

1010 1303 1163 1337 Platonis
1190 1301 1356 1335 sententia
1390 1300 1544 1345 pluribus
1568 1300 1679 1344 expli-

1011 1354 1091 1382 cata
1113 1348 1241 1392 legitur
1264 1347 1368 1380 Polit.
1395 1359 1427 1391 p.
1442 1348 1523 1381 293.
1547 1346 1607 1391 qui
1626 1346 1678 1378 lo-

1011 1406 1071 1428 cus
1110 1399 1291 1435 nostrum,
1337 1392 1524 1447 praecipue
1569 1392 1679 1425 veiba

1011 1438 1077 1475 ἐάν
1102 1438 1144 1474 τέ
1173 1451 1269 1478 τινες
1307 1436 1519 1484 βούλωνται
1544 1435 1609 1471 ἐαν
1637 1448 1677 1471 τε

1007 1484 1082 1530 μή,
1118 1485 1258 1530 egregie
1289 1486 1464 1518 illustrans
1498 1485 1540 1517 ab
1570 1484 1678 1517 inter-

1007 1533 1160 1578 pretibus
1185 1531 1315 1576 negligi
1337 1543 1403 1564 non
1424 1531 1585 1564 debebat.

1053 1598 1291 1647 κυβερνήσει]
1341 1597 1549 1645 κυβερνήση
1589 1598 1676 1632 Lob.

1009 1649 1112 1682 Vind.
1146 1647 1252 1681 BEF.
1286 1647 1380 1681 Mon.
1417 1647 1457 1681 Β.
1491 1646 1571 1679 Par.
1595 1645 1675 1679 DK-

1009 1707 1078 1729 sec.
1113 1694 1222 1727 Bekk.
1270 1694 1358 1737 Ang.
1394 1693 1435 1726 B.
1483 1693 1563 1725 Vat.
1590 1691 1674 1725 HM.

1008 1741 1103 1775 Flor.
1126 1739 1335 1773 ACRTUV.
1381 1739 1516 1773 Tantus
1535 1749 1675 1771 consen-

1009 1798 1067 1821 sus
1093 1785 1338 1819 dubitationem
1361 1785 1404 1818 de
1428 1784 1568 1829 reliquis
1587 1795 1673 1828 qua-

1009 1836 1087 1866 tuor
1134 1832 1305 1865 codicibus
1360 1831 1510 1864 Bekkeri
1555 1829 1681 1864 iniicit..

1007 1879 1124 1913 Nihilo
1167 1878 1276 1912 minus
1318 1877 1548 1911 coniunctivus
1587 1875 1675 1909 ferri

1008 1925 1145 1970 nequit,
1191 1936 1293 1969 quum
1327 1920 1430 1962 ὅπως
1461 1923 1504 1957 ad
1534 1919 1673 1956 τούτου

1007 1976 1167 2016 spectans
1192 1971 1324 2003 modum
1348 1974 1384 2003 et
1416 1969 1586 2003 rationem
1609 1980 1672 2012 po-

1003 2018 1092 2059 tius,
1126 2028 1226 2062 quam
1250 2017 1353 2050 finem
1386 2015 1565 2060 significet.
1614 2014 1670 2047 Cf.

1003 2064 1081 2097 Vol.
1106 2063 1135 2096 Ι.
1160 2075 1195 2108 p.
1220 2063 1300 2104 274,
1325 2074 1355 2095 a.

1051 2107 1284 2154 βούλωνται]
1317 2104 1570 2153 βουλεύωνται
1588 2106 1668 2140 Par.
1679 2104 1715 2145 E

1003 2155 1081 2191 DK.
1105 2168 1175 2189 sec.
1199 2155 1310 2188 Bekk.

1052 2221 1242 2267 οἰόμενοι]
1267 2224 1321 2257 Ita
1344 2223 1425 2258 Bas.
1448 2223 1483 2257 b.
1508 2222 1582 2255 Ast.
1600 2233 1669 2256 sec.

1004 2270 1128 2306 Stallb.
1152 2282 1204 2314 pr.
1230 2272 1265 2303 et
1289 2281 1402 2303 omnes
1427 2268 1574 2303 codices.
1611 2268 1669 2303 cf.

1003 2328 1093 2362 quae
1125 2328 1230 2361 supra
1269 2315 1313 2348 ad
1355 2313 1548 2353 ἐπαΐοντες
1579 2314 1670 2348 dicta

1003 2366 1093 2397 sunt.
1151 2360 1346 2405 οἰομένους
1391 2362 1469 2396 Α1(1.
1517 2362 1598 2395 Bas.
1635 2372 1666 2393 a.

1003 2409 1125 2453 steph.
1150 2409 1224 2442 Ast.
1249 2419 1303 2454 pr.
1322 2411 1403 2442 tert.
1428 2407 1539 2443 Bekk.
1563 2405 1669 2440 Stall-

1002 2455 1115 2489 baum.
1144 2466 1213 2488 sec.

1049 2498 1270 2558 τοιούτων]
1294 2499 1472 2534 τοιοῦτον
1497 2498 1599 2533 Vind.
1621 2498 1667 2533 F.

1051 2545 1096 2590 δὴ
1119 2559 1205 2590 περι
1229 2544 1298 2585 τὰς
1317 2547 1410 2586 ναῦς
1430 2542 1667 2599 γιγνομένων]

1004 2605 1069 2628 om.
1093 2595 1181 2637 Ang.
1205 2594 1246 2627 B.
1272 2590 1317 2637 δὴ
1337 2603 1376 2628 π.
1400 2604 1431 2626 τ.
1452 2603 1485 2626 ν.
1502 2588 1666 2635 γιγνόμε-

1003 2650 1070 2673 νον
1096 2639 1193 2673 Vind.
1217 2639 1260 2672 F.

1050 2682 1122 2729 ὥς]
1159 2697 1224 2719 om.
1256 2683 1355 2718 Vind.
1378 2684 1423 2719 E.
1458 2683 1539 2717 Vat.
1562 2683 1608 2717 H.
1633 2683 1668 2716 et

1003 2743 1025 2766 a
1048 2743 1090 2765 m.
1115 2742 1165 2775 pr.
1191 2731 1277 2765 V.en
1301 2731 1342 2764 B.

1048 2773 1144 2821 ἡγῇ]
1180 2772 1285 2820 ἡγοῖ’
1319 2779 1405 2819 Ang.
1429 2776 1470 2809 B.
1503 2774 1595 2808 Flor.
1620 2774 1664 2808 R.

1003 2819 1104 2866 ἡγεῖ,
1130 2834 1203 2867 sup.
1227 2823 1275 2866 ἡ,
1299 2823 1400 2857 Vind.
1417 2822 1459 2856 F.
1483 2817 1569 2865 ἡγεῖ
1589 2820 1664 2854 Ast.

1002 2882 1071 2903 sec.
1097 2872 1177 2903 tert.
1201 2869 1312 2904 Bekk.
1336 2868 1459 2903 Stallb.
