1807 3219
325 108 407 147 184

786 98 1261 145 PLATONIS

325 214 414 258 Καὶ
443 213 585 270 μάλα,
616 213 714 271 ἔφη.
777 217 936 264 Δοκεῖς
966 205 1048 256 οὗν
1084 227 1147 263 τι,
1186 204 1242 266 ἦν
1271 209 1314 255 δ’
1347 209 1452 267 ἐγώ,
1484 214 1707 271 διαφέρειν

326 280 491 332 αὐτούς
528 283 637 325 ἰδεῖν
679 281 895 338 ἀργύριον
932 279 1205 336 κτησαμένου
1244 280 1436 335 χαλκέως
1475 287 1707 338 φαλακροῦ

325 350 400 393 καὶ
430 354 647 405 σμικροῦ,
679 350 832 393 νεωστὶ
861 351 940 405 μὲν
975 349 1022 392 ἐκ
1059 350 1230 403 δεσμῶν
1258 348 1521 404 λελυμένου,
1553 351 1598 393 ἐν
1626 354 1707 408 βα-

326 419 486 472 λανείῳ
518 418 564 462 δὲ
604 417 900 474 λελουμένου,
943 415 1157 472 νεουργὸν
1194 416 1370 471 ἱμάτιον
1414 416 1612 472 ἔχοντος,
1652 418 1712 470 ai'g

327 487 528 541 νυμφίου
561 486 1000 542 παρεσκευασμένου,
1031 483 1103 528 διὰ
1133 485 1287 527 πενίαν
1319 485 1392 528 καὶ
1420 484 1604 542 ερημίαν
1631 492 1712 531 τοῦ

235 563 303 598 495
328 552 543 597 δεσπότου
580 571 660 610 την
698 553 924 609 θυγατέρα
962 553 1196 609 μέλλοντος
1234 558 1411 608 γαμεῖν;

1475 553 1539 598 Οὐ
1579 554 1711 608 πάνυ,

327 622 430 678 ἔφη,
464 621 676 679 διαφέρει.
718 622 826 666 Ποῖ’
856 622 961 665 ἅττα
992 616 1076 665 οὖν
1105 619 1220 671 εἰκὸς
1250 623 1410 680 γεννᾷν
1434 623 1538 674 τούς
1567 623 1713 668 τοιού-

326 707 451 745 τουςς
482 689 538 734 οὐ
569 688 686 734 νόθα
714 689 788 734 καὶ
820 694 988 746 φαῦλα5
1021 689 1166 746 Πολλὴ
1197 686 1379 746 ἀνάγκη.
1414 692 1465 734 Τί
1497 689 1567 744 δὲς
1597 690 1782 743 τούς474

370 840 599 896 βαναυσίας]
624 840 806 896 βανασίας
830 839 928 873 Vind.
950 841 991 874 B.

371 885 629 931 τυγχάνουσιν]
642 897 882 931 τυγχανοντες
898 886 990 920 Μοιι.

323 933 366 967 Β.
394 934 485 967 Flor.
510 933 554 967 U

371 974 420 1035 ἢ]
444 979 467 1024 η’
497 979 584 1015 Lob.

325 1071 357 1105 E
373 1023 443 1060 οὐκ
465 1022 630 1071 αναγκη]
655 1022 872 1069 ου’καναγκη
891 1023 991 1059 Vind.

373 1109 467 1161 οῦν]
493 1129 557 1151 om.
581 1116 655 1151 Fic.

371 1163 571 1207 φαλακροῦ
589 1161 652 1197 καὶ
671 1161 853 1219 σμικροῦ]
875 1172 989 1206 parvo

327 1211 491 1253 caltaque
502 1210 600 1243 idem
613 1211 699 1252 φαλ.
711 1208 915 1252 καὶμικρου
903 1206 995 1241 nal·

325 1255 460 1298 μικροῦ
475 1255 576 1288 Vind.
589 1256 632 1289 Ε.
644 1256 743 1288 Hunc
755 1255 864 1287 locum
874 1265 992 1298 resped

324 1302 378 1335 xit.
388 1300 598 1335 Themistius
616 1302 659 1335 ab
674 1304 749 1334 Ast.
763 1300 919 1334 laudatus
939 1311 990 1334 or.

325 1347 368 1381 V.
378 1359 428 1404 p.
454 1347 509 1382 64.
536 1347 584 1380 C:
610 1345 701 1386 τοὺς
722 1344 991 1402 φαλακροὺςδὲ

324 1391 389 1427 καὶ
411 1391 503 1433 τοὺς
519 1391 674 1437 χαλκέας
687 1419 696 1436 ,
721 1391 813 1432 τοὺς
832 1390 993 1426 ἐπιτιθε-

325 1437 463 1494 μένους
481 1439 526 1495 τῇ
551 1440 727 1493 δεσποίνῃ
745 1436 994 1482 ὄρφανευθεί-

325 1495 389 1540 σῃ,
411 1482 482 1519 ov’n
506 1483 624 1519 ἐποίει
642 1483 801 1519 Πλάτων
820 1485 994 1528 δημιουρ-

325 1529 417 1576 γοὺς
438 1528 682 1575 ανθρωπίνης
707 1529 992 1586 μακαριότητος.

326 1583 364 1611 et
388 1589 438 1612 or.
463 1577 558 1611 XXI.
605 1589 638 1633 p.
661 1579 743 1612 216.
768 1578 818 1610 D:
857 1576 893 1610 τί
922 1574 994 1620 γὰρ

327 1619 418 1657 ἄλλο
439 1619 534 1666 ἐστὶ,
560 1621 656 1666 πρὸς
674 1620 787 1665 Διὸς,
813 1618 837 1667 ἢ
860 1623 924 1678 (id
935 1623 996 1656 de-

326 1670 461 1703 lendum
486 1670 646 1713 videtur)
681 1667 700 1703 ὁ
730 1667 883 1713 χαλκεὺς
907 1666 994 1703 εκεῖ·

327 1727 414 1771 νος,
450 1712 471 1750 ὁ
501 1713 695 1759 φαλακρὸς
732 1715 795 1749 καὶ
830 1713 993 1769 σμικρὸς,

330 1758 350 1796 ὁ
370 1760 499 1795 νεωστὶ
526 1761 604 1795 τῶν
625 1761 769 1804 δεσμων
789 1758 995 1804 λελυμένος,

330 1804 350 1842 ὁ
383 1805 427 1842 τὸ
458 1805 592 1849 σεμνὸν
621 1806 769 1850 ιμοὶτιον
801 1805 996 1850 περιθέμε-

327 1865 420 1897 νος,
454 1851 595 1896 μέλλων
633 1851 829 1899 ἐπιχειρεῖν
859 1853 903 1898 τῇ
939 1853 996 1887 δε-

329 1900 487 1956 σποίνῃ;

376 1943 417 1980 ἐν
455 1945 639 1992 βαλανείῳ
673 1942 713 1980 δὲ
755 1943 996 1989 λελουμένου]

331 2004 398 2026 om.
425 1992 523 2026 Vind.
549 1992 588 2026 B.
626 1992 707 2026 Vat.
731 1992 781 2027 M.
828 1992 896 2025 Pro
930 1991 997 2036 βα-

331 2036 464 2083 λανείῳ
499 2038 598 2073 vind.
622 2038 665 2071 Ε.
699 2042 780 2072 ante
815 2049 905 2072 corr.
929 2037 996 2083 βα-

331 2073 448 2129 λανίφ
467 2084 627 2118 habebat.

377 2118 571 2184 νεουργὸν]
597 2129 757 2164 Timaeus
777 2130 843 2164 lex.
861 2141 895 2174 p.
911 2130 997 2164 185:

331 2174 531 2221 νεουργόν·
576 2175 707 2210 νεωστὶ
748 2174 999 2220 εἰργασμένον.

332 2218 488 2256 Emdem‘
520 2222 672 2266 glossam
705 2222 846 2256 Photius
880 2223 999 2266 (Pors.

331 2280 366 2312 p.
390 2270 480 2309 295,
503 2269 581 2311 21.)
619 2273 655 2301 et
688 2268 813 2302 Suidas
837 2280 858 2302 a
881 2268 1000 2319 Ruhn-

332 2315 434 2347 kenio
460 2314 558 2348 citati
582 2314 756 2348 exhibent.

355 2357 552 2405 ἱματιον]
579 2357 715 2415 ἱματον
738 2359 814 2393 Ald.

355 2402 755 2462 παρεσκευασμένου]
789 2415 1000 2450 παρασκεν

334 2450 508 2507 ασμένου
521 2453 603 2486 Bas.
628 2463 660 2485 a.

339 2506 341 2508 '
378 2495 580 2541 μέλλοντος
591 2499 735 2542 γαμεῖν]
757 2498 860 2543 (qui)
874 2500 911 2532 in
924 2511 1001 2533 ma-

333 2546 532 2579 trimonium
552 2545 617 2578 sibi
640 2545 814 2578 coniunxit
831 2545 861 2578 F
864 2545 906 2578 ic.

243 2589 312 2625 496
380 2587 575 2634 διαφέρει]
615 2588 808 2638 διαφέρειν
841 2591 925 2624 Ven.
960 2591 999 2626 B.

334 2636 436 2670 Vind.
462 2635 503 2668 Ε.
541 2634 619 2669 Vat.
651 2637 696 2670 H.
733 2637 826 2670 Flor.
859 2637 999 2671 ACTV.

333 2680 478 2736 differre
494 2681 651 2715 existimo
668 2682 746 2715 Fic.

378 2723 472 2761 Hoz'
480 2722 631 2782 ἰ’ἱττα]
655 2724 741 2762 ποι’
772 2722 868 2761 α’ττα
901 2727 1001 2763 Vind.

336 2773 378 2807 E.
405 2770 488 2807 ποῖ’
511 2768 604 2806 ἅττα
623 2770 716 2808 nulla
732 2772 1003 2819 interpunctione

1048 839 1276 894 praecedente
1298 839 1374 874 Ald.
1413 842 1492 874 Ποῖ
1512 851 1608 873 αττα
1630 841 1711 875 Bas.

1049 887 1103 920 ab.
1138 884 1303 920 ποῖοί-ιτα
1326 887 1412 920 Lob.
1437 886 1537 921 Vind.
1562 887 1603 921 B.
1627 889 1711 920 ποῖ-

1051 931 1146 965 ἇττα
1171 932 1269 966 Vind.
1293 933 1334 966 F.

1096 972 1189 1021 ου’ν]
1216 991 1279 1012 om.
1305 980 1385 1014 vat.
1408 976 1457 1012 Η
1476 977 1551 1032 Fic.

1096 1021 1341 1069 τοιούτουςς]
1388 1021 1586 1064 τοιούτους
1633 1024 1713 1061 Ald.

1049 1070 1130 1104 Bas.
1155 1071 1211 1105 ab.

1047 1113 1162 1196 Αὸἳέ]
1189 1114 1253 1151 δαὶ
1276 1116 1356 1151 Par.
1379 1117 1421 1151 A.
1447 1116 1526 1152 Vat.
1550 1117 1596 1151 H.
1617 1116 1712 1151 Flor.

1056 1227 1059 1228 ν
1095 1205 1219 1253 αὐτῇ]
1260 1204 1371 1242 αὐτοὶ
1402 1208 1483 1243 Par.
1515 1209 1593 1244 ΒΚ.
1624 1211 1712 1253 Aug.

1048 1255 1091 1289 B.
1118 1255 1197 1288 Vat.
1223 1255 1267 1288 H.
1291 1254 1384 1288 Flor.
1401 1254 1507 1290 ACR.
1532 1255 1609 1290 Ald.
1634 1256 1714 1290 Bas.

1048 1302 1102 1335 ab.
1128 1305 1164 1334 et
1194 1313 1268 1335 cum
1301 1300 1406 1334 litura
1438 1301 1538 1336 vind.
1564 1302 1604 1335 F.
1647 1299 1714 1336 αῦ-

1048 1349 1128 1386 τοῖς
1152 1347 1253 1382 Vind.
1279 1347 1321 1380 E.

1094 1390 1175 1449 μὴ]
1197 1406 1261 1427 om.
1288 1392 1389 1426 Vind.
1415 1393 1457 1427 E.
1487 1393 1581 1429 Flor.
1606 1394 1714 1428 ACT.

1095 1436 1175 1473 κατ’
1213 1436 1350 1484 ἀξίαν]
1396 1439 1577 1482 καταξίαν
1618 1441 1715 1475 vind.

1050 1485 1125 1519 EF.

1052 1526 1345 1613 νπέιῖ’Βὲἕιτῷτα-Β]
1393 1535 1463 1611 utb
1477 1543 1584 1577 supra
1632 1532 1718 1566 Lob.

1084 1589 1117 1611 ιιι
1339 1588 1387 1610 as.
1408 1590 1428 1611 a

1100 1621 1351 1680 διανοήματα]
1373 1622 1549 1657 PolluxL.
1569 1622 1616 1656 II.
1633 1625 1718 1658 228:

1052 1669 1116 1704 καὶ
1139 1667 1351 1723 διανόησις,
1379 1666 1431 1710 ὥς
1461 1666 1631 1703 Πλάτων.
1657 1670 1720 1704 καὶ

1053 1713 1300 1759 διανοήματα.
1349 1715 1406 1750 Cf.
1441 1727 1520 1761 pag.
1555 1716 1637 1751 504.
1673 1717 1716 1750 Ε.
1758 1714 1761 1717 ’

1052 1763 1143 1797 Tim.
1156 1773 1200 1818 p.
1224 1764 1280 1797 71.
1306 1761 1345 1796 Β.

1100 1808 1148 1850 ἄρ
1156 1805 1190 1851 ]
1218 1804 1284 1850 ἄρ
1309 1807 1411 1841 Vind.
1436 1807 1512 1843 EF.

1101 1852 1169 1910 οὐχ
1188 1851 1260 1898 ὥς]
1294 1849 1414 1893 οὕτως
1437 1854 1538 1889 Vind.
1563 1854 1603 1889 F.

1101 1897 1189 1934 ου’δε
1193 1902 1236 1945 ν]
1287 1897 1376 1934 ουδε
1419 1900 1497 1934 Vat.
1531 1901 1578 1935 H.
1623 1901 1716 1936 Flor.

1101 1971 1190 2027 οὐδε
1215 1990 1430 2047 φρονήσεως
1454 1987 1560 2034 αξιον
1586 1989 1716 2048 ἀληθι-

1053 2039 1124 2095 νῆς
1141 2036 1328 2095 εχόμενον]
1350 2035 1438 2072 ουδὲ
1458 2051 1519 2082 φρ.
1540 2035 1646 2094 αξιρν
1666 2051 1718 2079 ως

1055 2082 1112 2118 αλ.
1134 2096 1180 2128 εχ.
1215 2085 1299 2117 Ven.
1322 2084 1361 2118 C.
1395 2081 1483 2118 οὐδὲ
1505 2097 1568 2129 φρ.
1588 2082 1645 2119 αλ.
1666 2097 1718 2124 ως

1055 2127 1165 2172 ἄξιον
1187 2127 1234 2174 ἐχ.
1260 2131 1359 2166 Vind.
1383 2130 1424 2164 F.
1448 2131 1539 2164 Flor.
1558 2131 1601 2164 R.
1627 2128 1718 2164 οὐδὲ

1056 2188 1119 2221 φρ.
1143 2173 1201 2211 αλ.
1230 2173 1337 2219 αξιον
1365 2173 1412 2220 ἐχ.
1436 2177 1522 2221 Ang.
1547 2178 1588 2211 B.
1630 2178 1718 2211 nihil

1055 2225 1224 2269 dignum,
1267 2224 1354 2256 nihil
1379 2225 1589 2266 prudentiae
1616 2235 1720 2257 verae

1057 2270 1258 2303 conveniens
1274 2269 1350 2302 Fic.
1376 2269 1490 2304 Ficini
1513 2270 1719 2303 auctoritate

1056 2316 1252 2370 Stephanus
1296 2315 1332 2348 in
1367 2327 1410 2348 m.
1443 2315 1588 2349 coniecit
1629 2312 1718 2349 οὐδὲ

1058 2356 1167 2402 ἄξιον
1188 2358 1275 2395 ου’δε
1296 2359 1512 2405 φρονήσεως
1535 2358 1718 2405 ἀληθινῆς

1057 2405 1253 2451 ἐχόμενον,
1281 2407 1418 2461 quibus
1449 2408 1564 2441 Astius
1595 2407 1630 2441 in
1663 2419 1717 2452 pl.

1057 2454 1111 2487 ed.
1138 2455 1248 2487 locum
1280 2452 1314 2486 in
1347 2459 1507 2487 contextu
1540 2453 1716 2487 concessit.

1056 2499 1150 2532 Idem
1172 2500 1207 2533 in
1232 2511 1300 2533 sec.
1325 2502 1361 2532 et
1391 2504 1471 2534 tert.
1493 2503 1644 2533 veterem
1667 2499 1719 2532 le·-

1057 2545 1201 2592 ctionem
1232 2544 1406 2587 restituit,
1445 2545 1506 2578 sed
1538 2541 1646 2586 ἀξιον
1680 2545 1716 2579 in

1058 2603 1128 2626 see.
1160 2597 1201 2625 ut
1232 2591 1413 2625 insiticium
1444 2591 1538 2625 uncis
1569 2591 1718 2632 inclusit,

1057 2636 1148 2682 quod
1189 2638 1434 2670 Stallbaumius
1464 2637 1617 2671 imitatus
1654 2642 1718 2677 est

1057 2683 1092 2716 in
1116 2688 1170 2716 tei
1172 2687 1197 2716 t.
1221 2689 1415 2728 suspectum
1439 2683 1504 2716 sibi
1525 2683 1632 2717 videri
1655 2684 1719 2717 sub

1059 2735 1222 2763 contextu
1245 2730 1500 2763 demonstravit.
1531 2730 1645 2769 Quum
1660 2741 1720 2762 ve-

1059 2787 1098 2809 ra
1131 2775 1298 2810 sententia
1328 2775 1461 2821 pariter
1496 2777 1609 2822 digna
1639 2786 1721 2810 vera
