1807 3219
344 172 429 215 142

796 172 1266 217 PLATONIS

279 289 320 330 D
345 282 565 338 θεώμενοι
593 281 654 335 ὧς
683 281 780 329 οἷόν
811 301 857 329 τε
885 283 1192 342 ἀκριβέστατα,
1238 282 1355 329 οὕτω
1384 283 1437 341 δὴ
1467 284 1543 328 καὶ
1570 284 1624 328 τὰ
1653 284 1722 329 ἐν-

339 349 455 393 θάδε
497 350 662 408 νόμιμα
700 356 850 397 καλῶν
888 366 933 397 τε
970 351 1071 406 πέρι
1111 353 1184 397 καὶ
1222 354 1404 397 δικαίων
1433 354 1508 396 καὶ
1537 352 1722 410 ἀγαθῶν

340 419 546 462 τίθεσθαί
573 435 638 471 τε,
682 419 760 463 ἐάν
790 419 866 478 δέῃ
895 423 1118 472 τίθεσθαι,
1163 422 1235 467 καὶ
1270 421 1324 466 τὰ
1351 423 1526 477 κείμενα
1555 421 1725 478 φυλάτ-

340 499 491 537 τοντες
531 486 710 542 σώζεινς
761 488 827 533 Οὐ
866 489 928 543 μά
955 489 1035 533 τὸν
1065 491 1177 542 Δία,
1216 485 1247 546 ἦ
1278 488 1324 534 δ’
1356 489 1427 543 ὃς,
1459 488 1514 532 οὐ
1543 488 1656 533 πολύ
1684 505 1726 532 τι

340 554 549 610 διαφέρει.

613 555 809 607 Τούτους
839 553 923 602 οὖν
951 561 1117 614 μᾶλλον
1155 557 1358 613 φύλακας
1399 556 1669 614 στησόμεθα,
1697 556 1728 614 ἢ

340 622 447 674 τούς
476 623 721 679 ἐγνωκότας
750 623 830 680 μὲν
859 625 1046 670 ἕκαστον
1075 625 1127 670 τὸ
1158 625 1231 679 ὂν,
1273 627 1473 682 ἐμπειρίᾳ
1514 625 1561 669 δὲ
1591 625 1726 682 μηδὲν

341 691 522 735 ἐκείνων
562 693 837 745 ἐλλείποντας
874 694 980 752 μηδ’
1009 695 1058 739 ἐν
1087 694 1203 750 ἄλλῳ
1234 695 1388 751 μηδενὶ
1416 695 1536 750 μέρει
1570 692 1728 749 ἀρετῆς

337 757 657 816 ὑστεροῦνταςς
687 759 877 806 ’Ἄτοπον
905 762 1020 818 μέντ’
1049 763 1125 815 ἂν,
1157 763 1262 819 ἔφη,
1305 764 1372 819 εἴη
1401 761 1562 814 ἄλλους
1591 764 1727 817 αἱρεῖ-

340 832 470 879 σθαι,
515 829 556 872 εἴ
590 845 639 885 γε
677 825 813 874 τᾶλλα
847 830 907 889 μή
946 831 1235 876 {antinoma-

1292 829 1436 888 τούτῳ
1473 830 1560 887 γάρ
1604 830 1724 888 αὐτῷ

247 908 315 944 485
342 894 500 952 σχεδόν
526 913 568 941 τι
604 902 666 956 τῷ
698 901 883 957 μεγίστῳ
914 899 970 944 ἂν
997 899 1237 956 προέχοιεν.
1298 897 1478 943 Οὐκοῦν
1505 903 1639 942 τοῦτο
1669 899 1722 956 δή

277 1046 317 1088 D

244 2488 314 2524 485

387 1042 495 1090 πέρι]
519 1043 604 1104 περὶ
626 1046 725 1082 Vind.
740 1047 784 1084 E.

338 1092 487 1173 ΗΙίἷία]
514 1090 569 1127 δί’
595 1093 681 1129 Lob.
705 1094 806 1131 Vind.
824 1094 900 1130 ΒΕ.
923 1095 1002 1131 V.at

384 1181 579 1229 διαφέρει]
615 1182 809 1230 διαφέρειν
842 1185 937 1222 Μοη.
961 1187 1002 1220 Β.

337 1229 434 1266 Flor.
468 1229 548 1265 TU.
585 1231 783 1274 Bekkerus,
815 1232 933 1266 Astius
968 1232 1004 1266 in

337 1280 418 1312 tert.
459 1279 494 1309 et
531 1277 786 1313 Stallbaumius.
834 1275 1004 1322 διαφέρει

339 1323 567 1368 impersonale
590 1327 665 1365 est,
689 1327 728 1357 ut
750 1335 830 1369 pag.
855 1326 936 1360 496.
959 1327 1000 1360 A.

339 1369 399 1403 ubi
436 1368 539 1402 etiam
573 1369 729 1403 meliores
762 1370 841 1404 libri
869 1368 1002 1414 διαφέ-

339 1426 416 1459 ρειν
450 1416 629 1457 exhibent,
663 1426 781 1450 errore
815 1416 900 1450 satis
930 1418 1001 1451 fre·

339 1462 469 1506 quenti.
517 1461 596 1496 Vid.
633 1461 673 1495 L.
705 1462 748 1497 V.
783 1474 817 1507 p.
842 1463 922 1498 467.
959 1463 1000 1496 C.

338 1508 418 1543 469.
446 1508 486 1542 C.
536 1507 606 1541 Sed
636 1511 753 1541 nostro
786 1509 860 1542 loco
886 1520 907 1542 a
930 1520 1002 1542 ma-

336 1566 382 1589 nu
407 1553 625 1587 emendatum
657 1553 784 1588 illatum
808 1555 942 1589 videtur
965 1555 1002 1589 in

338 1601 432 1636 Mon.
455 1601 496 1633 Β.
522 1603 557 1633 et
578 1599 674 1634 Fior.
701 1599 745 1635 U.

384 1640 476 1703 0‘13‘11145]¹
502 1657 568 1680 orn.
596 1645 673 1680 Fic.

382 1706 426 1727 το
456 1693 570 1737 ov1q
572 1693 640 1725 uod
659 1703 739 1726 vere
759 1697 810 1727 est
832 1692 909 1727 Fie.

383 1737 448 1782 δε]
465 1750 601 1795 quoquc
623 1737 722 1771 idem.

338 1782 474 1864 ..ιέῖὲζῗο
493 1782 667 1864 ῗο].ἔῑῖι’ἑῗε
681 1780 849 1875 3313?ss
871 1784 1001 1875 Ῑῖίὲῗ

338 1873 377 1911 ἐν
403 1876 502 1912 vind.
525 1876 570 1912 F.

382 1921 536 1968 μηδενὶ]
576 1922 692 1966 μηδαι
724 1921 818 1956 Mon.
841 1922 883 1956 Β.
914 1933 935 1957 a
958 1934 1003 1957 m.

363 1979 391 2006 ro

337 1980 360 2015 p
383 2008 513 2058 τᾶλλα]
539 2011 588 2047 τὰ
612 2008 706 2047 ἄλλα
729 2012 829 2048 vind.
849 2013 892 2048 Ε.
916 2009 1002 2048 τᾶλ-

338 2062 383 2095 λα
407 2061 508 2095 Vind.
531 2060 573 2094 Β.
598 2066 632 2094 et
656 2071 678 2094 a
700 2071 744 2094 m.
768 2071 822 2105 pr.
839 2060 883 2095 F.
908 2060 1002 2094 Mon.

337 2108 379 2143 Β.
405 2106 525 2161 steph.

378 2151 505 2209 τούτῳ
536 2148 607 2196 γὰρ
636 2147 760 2197 αὐτῷ]
792 2151 907 2186 τοῦτο
932 2149 1002 2196 γὰρ

337 2195 434 2234 αντό
461 2187 564 2233 Vind.
591 2198 635 2232 F.
660 2199 747 2242 Ang.
771 2198 812 2233 Β.
843 2196 916 2242 γὰρ
939 2199 1003 2232 Fi-

337 2245 434 2280 cinus
459 2245 581 2279 omisit.

337 2337 375 2372 Μ
384 2289 608 2372 προὲχοιεν]
630 2287 869 2368 Βσζὲοσξχοιεν
916 2290 1002 2371 ΙὲοΒ.

335 2349 432 2419 Dgn
440 2395 509 2417 see.
524 2338 643 2416 ‘Baetkk
664 2337 764 2417 fio).
769 2348 835 2418 eU.
848 2337 894 2417 ἵε
918 2349 1002 2418 ιζ.

338 2441 391 2476 pr.
413 2429 514 2464 Vind.
538 2429 580 2463 B.

387 2473 566 2519 λέγωμεν]
606 2471 756 2517 λέγομεν
796 2473 884 2508 Lob.
921 2474 1000 2508 Vat.

339 2520 704 2556 BH.F10r.ACTV.

384 2564 744 2624 {sothLgsdpsstoe
767 2565 845 2600 Par.
869 2566 913 2601 K.

381 2612 755 2703 ᾗξὶἔρἓνῖἷῗᾝᾞ]
772 2669 806 2700 p.
831 2657 909 2693 474.
934 2659 976 2694 B.

381 2705 462 2749 δεῖ]
496 2706 563 2739 Pro
588 2716 629 2739 eo
653 2705 731 2738 δεῖν
764 2704 943 2738 Bekkerus
965 2705 1000 2739 in

335 2751 414 2786 Par.
441 2751 512 2785 AD.
547 2753 626 2786 Vae.
652 2751 693 2785 B.
734 2751 820 2785 Ven.
857 2751 928 2785 Bc,
964 2754 999 2785 et

335 2797 435 2832 Vind.
469 2798 511 2832 B.
558 2796 800 2831 Stallbaumius
832 2796 868 2830 in
900 2797 996 2832 Flor.

335 2843 379 2878 Τ.
415 2843 468 2878 cui
501 2843 538 2877 in
571 2854 640 2877 sec.
676 2843 729 2877 ed.
763 2842 898 2878 codices
922 2843 994 2878 Ac.

1061 1046 1175 1089 addit,
1223 1046 1387 1092 scriptum
1421 1058 1497 1081 esse
1538 1049 1720 1090 testantur,

1061 1093 1338 1146 quemadmodqm
1353 1093 1503 1137 legitur‘
1493 1105 1526 1127 m
1543 1093 1618 1128 Ald.
1637 1094 1719 1128 Bas.

1061 1140 1115 1174 ab.
1164 1139 1234 1173 Sed
1264 1138 1366 1174 vind.
1399 1140 1440 1174 Β.
1476 1151 1552 1173 cum
1582 1139 1721 1185 reliquis

1060 1189 1219 1238 quatuor
1239 1196 1261 1218 a
1293 1196 1348 1218 me
1380 1185 1512 1220 collatis
1545 1186 1605 1220 δεῖ
1625 1186 1720 1220 exhi-

1059 1233 1142 1273 bet,
1168 1230 1220 1264 cui
1243 1235 1385 1276 propte-r
1407 1231 1536 1265 finitam
1560 1236 1638 1277 post
1653 1243 1719 1265 κα·-

1058 1278 1246 1321 ταμαθεῖν
1292 1277 1498 1321 periodum,
1548 1283 1585 1312 et
1631 1278 1723 1323 qnod

1058 1324 1099 1358 L.
1126 1323 1213 1359 V‚1.
1237 1335 1267 1358 c.
1291 1323 1355 1356 hoc
1387 1325 1537 1368 primum
1567 1324 1724 1358 conside-

1056 1369 1198 1404 randum
1233 1380 1309 1403 esse
1342 1369 1466 1403 dictum
1502 1381 1568 1403 non
1599 1371 1724 1413 suerat,

1059 1415 1243 1450 accedente
1282 1416 1440 1449 nonnulla
1487 1416 1530 1449 de
1575 1416 1724 1461 quinque

1058 1461 1231 1496 codicibus
1278 1461 1358 1495 istis
1404 1461 1596 1507 suspicione
1643 1462 1724 1496 δεῖν

1058 1509 1234 1552 praeferre
1280 1519 1346 1541 non
1391 1508 1546 1543 sustinul
1608 1507 1723 1542 Etiam

1058 1554 1300 1588 Stallbaumius
1325 1554 1472 1588 sensisse
1491 1553 1724 1589 huiuscemodi

1058 1600 1103 1634 ali
1129 1599 1185 1633 uid
1208 1600 1353 1634 videtur.

1105 1611 1194 1690 ἓὰν]
1241 1642 1301 1680 ὅτι
1334 1643 1401 1679 ἐὰν
1444 1645 1549 1681 Vind.
1583 1645 1626 1681 Ε.
1659 1656 1726 1679 non

1057 1692 1155 1726 male.
1192 1691 1231 1726 εἴ
1253 1704 1290 1726 τι
1319 1689 1387 1726 ἐὰν
1421 1692 1524 1728 vind.
1549 1692 1594 1726 F.
1629 1692 1723 1727 Flor.

1105 1781 1175 1818 οὐκ
1199 1779 1357 1828 ἄλλους]
1392 1781 1598 1824 οὕκοέλλους
1622 1783 1721 1818 Vind.

1110 1875 1233 1910 Τοῦτο
1271 1872 1337 1919 μὲν
1373 1874 1417 1919 δὴ
1447 1895 1494 1901 —
1533 1875 1721 1920 φθορᾶς]

1059 1922 1137 1956 Hoc
1159 1922 1233 1955 loco
1257 1933 1338 1955 usus
1370 1927 1422 1955 est
1445 1922 1652 1956 Themist‘ms
1677 1923 1721 1956 ab

1059 1968 1152 2001 Astio
1186 1968 1348 2001 laudatus
1379 1979 1429 2002 or.
1454 1968 1551 2003 XXI.
1582 1979 1616 2012 p.
1640 1969 1720 2003 250.

1058 2014 1099 2047 Β.
1133 2014 1174 2048 C.
1209 2014 1318 2047 Hard.
1364 2014 1452 2047 hunc
1494 2014 1530 2047 in
1564 2014 1719 2048 modum·

1063 2057 1120 2093 Τὰ
1143 2058 1182 2093 δὲ
1209 2058 1321 2093 λοιπὰ
1350 2057 1524 2114 ζητητέον
1551 2057 1721 2115 σύμβολά

1059 2117 1099 2139 τε
1124 2105 1187 2140 καὶ
1218 2105 1473 2160 γνωρίσματα,
1500 2101 1524 2139 ὁὶ
1548 2106 1653 2140 πᾶσα
1678 2118 1721 2139 α-

1059 2149 1175 2196 νάγκη
1203 2151 1272 2185 τοῦ
1295 2149 1509 2195 φιλοσόφου
1528 2149 1721 2196 ἒγκεχαρᾶ-

1058 2199 1150 2241 χθαι
1173 2197 1218 2243 τῇ
1240 2197 1392 2255 διανοίᾳ
1411 2198 1550 2254 μᾶλλον
1563 2224 1573 2242 ,
1598 2196 1622 2242 ἢ
1640 2200 1722 2244 τοῖς

1059 2244 1287 2284 Πελοπίδαις
1312 2235 1381 2279 τὸν
1410 2241 1651 2300 ἐλεφάντινον
1672 2244 1714 2278 cl»

1056 2301 1140 2333 μον.
1164 2290 1201 2324 τί
1217 2287 1263 2345 δὴ
1286 2288 1378 2333 μετὰ
1399 2290 1520 2324 ταῦτα
1543 2287 1562 2325 ὁ
1580 2289 1721 2325 πάνσο-

1058 2348 1131 2380 φος
1148 2334 1308 2370 Πλάτων
1332 2334 1510 2393 ἐπίσημον
1534 2339 1638 2371 ποιεῖ
1644 2337 1720 2392 τῆς

1058 2383 1136 2416 τῶν
1157 2383 1289 2426 ’ψυχῶν
1311 2381 1516 2440 εὖγενείας,·
1540 2380 1608 2426 ἐγὼ
1630 2379 1719 2426 υμῖν

1058 2425 1324 2473 ἀναγνώσομαι
1337 2427 1472 2483 ἐφεξῆς
1491 2427 1528 2463 ἐκ
1539 2429 1617 2463 τῶν
1630 2426 1718 2463 ἐκεί-

1056 2485 1125 2508 νου
1148 2473 1344 2519 ῥημάτων,
1369 2485 1493 2518 ωσπερ
1511 2472 1549 2509 ἐν
1565 2477 1646 2515 τοῖς
1665 2475 1720 2509 δι·

1055 2522 1268 2576 καστηρίοις
1309 2501 1345 2556 οἰ
1378 2519 1532 2575 ῥήτορες
1566 2517 1605 2554 ἐκ
1642 2521 1720 2555 τῶν

1056 2567 1127 2600 τοῦ
1146 2565 1275 2623 νόμον
1286 2565 1520 2611 γραμμάτων.
1558 2567 1717 2601 Τοντο

1056 2610 1139 2656 μὲν
1165 2612 1217 2658 δὴ
1256 2610 1603 2668 ὁμολογείσθω
1634 2613 1720 2657 τῆς

1059 2657 1340 2714 φιλοσόφον
1381 2657 1567 2714 φύσεως
1605 2658 1720 2714 περὶ

1059 2702 1138 2739 ὅτι
1170 2704 1466 2763 μαθήματος
1500 2703 1604 2739 δέοι
1646 2701 1718 2739 οὔ·

1056 2763 1136 2785 τοι
1176 2750 1392 2796 παντὸς,
1442 2748 1544 2785 αλλ’
1594 2746 1615 2785 ὃ
1660 2763 1719 2784 αν

1056 2794 1253 2854 ἐκείνην
1289 2798 1436 2855 δηλοῖ
1466 2795 1554 2841 τὴν
1591 2794 1719 2831 οὖσί·

1056 2855 1135 2886 αν,
1169 2857 1254 2889 την
1279 2842 1355 2879 ἀεὶ
1380 2854 1538 2879 ουσαν
1561 2841 1716 2887 καὶμὴ
