1807 3219
224 670 260 711 E

232 2720 267 2761 E

288 144 371 185 192
742 135 1218 178 PLATONIS

284 249 478 309 Ἐῤῥήθη
506 247 617 306 γάρ,
651 247 748 304 ἔφη.
806 245 911 290 Ἀλλ’
943 247 1023 303 οὐχ
1052 249 1234 298 ἱκανῶς.
1271 245 1425 299 εἷπον,
1456 244 1672 302 ἐδηλώθη,

289 320 416 378 φόβῳ
458 314 521 362 ὧν
555 316 679 372 ὑμεῖς
718 313 1144 372 ἀντιλαμβανόμενοι
1186 313 1454 372 δεδηλώκατε
1496 314 1674 370 μακράν

287 390 362 434 καὶ
391 386 579 444 χαλεπὴν
610 383 751 428 αὐτοῦ
780 383 859 440 τὴν
889 383 1137 437 ἀπόδειξιν,
1179 384 1270 427 ἐπεὶ
1309 384 1384 428 καὶ
1420 382 1471 426 τό
1517 382 1687 442 λοιπόνέ

288 455 342 501 οὐ
372 455 545 506 πάντως
580 454 746 512 ῥᾷστον
787 455 987 496 διελθεῖν.
1050 451 1111 496 Τό
1150 457 1303 503 ποῖονς
1358 452 1468 494 Τίνα
1508 451 1677 505 τρόπον

286 521 665 580 μεταχειριζομένη
696 519 824 572 πόλις
854 523 1128 578 φιλοσοφίαν
1158 519 1212 564 οὐ
1245 522 1464 564 διολεῖται.
1505 520 1560 563 τοὶ
1589 519 1676 575 γάρ

287 593 342 650 δή
375 592 541 649 μεγαλα
571 589 716 634 πάντα
737 590 976 646 ἐπισφαλῆ,
1007 591 1100 640 καὶ,
1128 589 1177 633 τό
1198 588 1455 645 λεγόμενον,
1485 586 1539 630 τοὶ
1562 586 1675 630 καλοὶ

290 666 351 718 τῷ
383 661 478 705 ὄντι
508 658 687 716 χαλεποί.
723 656 836 701 Ἀλλ’
867 657 1007 714 ὅμως,
1038 657 1143 714 ἔφη,
1169 657 1334 714 λαβέτω
1363 656 1484 708 τέλος
1514 655 1541 713 ἡ
1566 655 1677 700 ἀπό-

289 731 420 782 δειξις
449 726 614 771 τούτου
647 729 847 782 φανεροῦ
876 727 1131 783 γενομένου.
1163 723 1227 769 Ού
1258 725 1308 768 τὸ
1334 743 1392 782 μη
1423 725 1677 780 βούλεσθαι,

288 794 345 855 ἦν
376 796 421 841 δ’
454 796 562 852 ἐγώ,
605 792 702 838 ἀλλ’
744 797 883 850 ε’ίπερ,
935 794 984 838 τὸ
1026 795 1083 852 μὴ
1124 791 1348 838 δύνασθαι
1390 793 1674 838 διακωλύσει·

290 865 447 922 παρών
487 864 534 907 δὲ
573 860 654 919 τήν
682 860 719 918 γ’
751 862 859 920 ἐμήν
897 864 1157 920 προθυμίαν
1188 865 1296 919 εἴσῃ.
1346 861 1497 906 σκόπει
1528 863 1574 906 δὲ
1603 863 1677 906 καὶ

290 937 400 985 νῦν,
445 929 505 982 ὥς
542 929 785 987 προθύμως
828 932 903 975 καὶ
941 933 1409 985 παρακινδυνευτικῶς
1437 931 1577 985 μέλλω
1606 931 1678 974 λέ-

291 1018 409 1058 γειν,
471 999 539 1043 ὅτι
575 997 864 1053 τούναντίον,
923 998 950 1056 ἢ
988 1004 1091 1047 νῦν,
1115 1002 1183 1044 δεῖ
1217 1004 1299 1045 τοῦ
1338 996 1677 1055 ἐπιτηδεύματος

292 1070 456 1115 τούτου
497 1067 630 1112 πόλιν
667 1066 896 1112 ἅπτεσθαι.
959 1072 1087 1120 Hom
1136 1071 1241 1112 Νῦν
1279 1068 1378 1124 μὲν,
1416 1063 1473 1126 ἦν
1503 1065 1546 1111 δ’
1578 1068 1676 1123 ἐγώ,

336 1192 533 1239 ἐδηλώθη]
570 1206 634 1228 om.
669 1193 763 1229 Mon.
796 1194 836 1228 Β.
873 1194 954 1229 Par.

288 1242 366 1277 DK.
393 1242 485 1275 Flor.
511 1241 554 1274 U.

335 1286 460 1331 ὑμεῖς]
499 1285 605 1331 ἡμεῖς
648 1286 733 1320 Lob.
776 1285 877 1321 Vind.
915 1287 955 1320 Β.

289 1335 367 1369 Ald.
399 1335 476 1367 Bas.
504 1335 558 1367 ab.
605 1333 699 1366 Idem
731 1332 765 1366 in
796 1333 888 1367 Mon.
913 1334 955 1366 Β.

289 1387 369 1415 ante
393 1379 638 1414 correctionem
661 1384 747 1412 erat.

336 1425 400 1461 καὶ
415 1423 600 1470 χαλεπὴν]
627 1427 707 1470 post
730 1420 850 1458 αὐτοῦ
874 1424 954 1459 Par.

339 1516 576 1561 ἄπόδειξιν,]
625 1514 831 1558 α’πόδειξιν.
880 1516 955 1550 Ald.

292 1567 373 1600 Bas.
400 1566 454 1599 ab.
481 1564 601 1608 steph.
626 1589 631 1595 .

337 1611 426 1655 καὶ]
453 1623 517 1644 om.
543 1609 617 1642 Fic.

337 1656 500 1700 πάντως]
528 1656 708 1689 Bekkerus
732 1652 884 1689 πάντων
901 1666 959 1688 re-

292 1705 408 1750 quirit.
444 1704 576 1736 Contra
599 1702 841 1735 Staubaumius
863 1698 958 1734 πάν-

293 1763 365 1789 τως
389 1750 444 1783 hic
466 1748 619 1782 similiter
651 1759 727 1783 cum
749 1748 958 1791 superlativo

292 1797 443 1830 iunctum
473 1800 607 1835 monet,
641 1798 679 1827 ut
704 1791 959 1837 διαφερόντως

293 1843 384 1876 Tim.
408 1855 441 1887 p.
467 1842 524 1876 23.
552 1840 591 1873 C.
628 1843 663 1874 et
694 1837 793 1873 πάνυ
817 1840 959 1885 quibus-

292 1889 370 1922 dam
393 1886 535 1922 Luciani
559 1886 652 1920 locis.
700 1886 780 1919 Non
805 1898 888 1929 opus
907 1890 960 1919 est

292 1934 456 1979 exemplis
477 1960 487 1975 ‚
540 1938 579 1966 ut
625 1929 776 1971 πάντως
819 1931 959 1978 ῥᾷστον

293 1980 426 2016 omnino
461 1984 496 2013 et
531 1979 682 2013 omnibus
707 1978 814 2012 modis
838 1978 960 2011 facilli-

293 2039 382 2061 mum
416 2026 484 2059 dici
518 2024 673 2070 potuisse
697 2025 956 2059 demonstretur.

295 2074 373 2114 Quo
406 2072 492 2105 enim
538 2071 606 2104 alio
646 2071 745 2104 niodo
785 2070 959 2104 dicerent?

293 2120 418 2164 Neque
442 2118 525 2151 illud
547 2117 786 2157 metuendum,
819 2129 862 2150 ne
890 2128 959 2158 res,

293 2177 383 2211 quae
406 2165 536 2198 omnino
569 2163 730 2196 facillima
757 2174 833 2197 esse
855 2175 960 2204 nege-

292 2217 372 2255 tur,
401 2210 525 2256 partim
557 2221 633 2243 esse
667 2209 830 2243 facillima
862 2209 959 2243 affir-

293 2258 380 2292 mari
403 2257 569 2291 videatur.
630 2255 720 2288 Nam
745 2256 863 2288 eadem
886 2267 959 2288 1110-

294 2304 471 2337 deratione
495 2298 541 2336 ov'
562 2298 712 2340 πάντως
742 2299 881 2348 ῥᾷστον
906 2301 960 2335 di-

294 2350 436 2391 cebant,
461 2360 528 2393 qua
553 2344 599 2381 ov'
620 2345 722 2381 πάνυ
743 2345 889 2394 ῥᾴδιον.

341 2394 414 2439 δὴ]
441 2407 508 2428 om.
532 2394 632 2427 Vind.
653 2394 693 2429 B.

339 2440 387 2475 τὰ
407 2439 502 2474 καλὰ
523 2441 574 2486 τῷ
597 2435 681 2474 ὅντι
709 2436 873 2484 χαλεπά]
902 2439 958 2472 cf.

297 2487 502 2522 scholiastes
527 2487 570 2520 ad
596 2487 726 2529 Cratyl.
753 2497 787 2530 p.
811 2484 892 2520 384.
916 2485 959 2519 A.

295 2533 356 2579 qui
379 2533 415 2567 in
444 2533 594 2567 civitate
625 2544 760 2577 quoque
792 2533 855 2564 hoc
879 2543 960 2576 pro-

293 2579 413 2613 verbio
437 2591 532 2613 usum
547 2579 721 2612 Platonem
747 2577 960 2611 animadver-

298 2625 352 2659 tit.
402 2626 494 2659 Usus
518 2633 572 2658 est
595 2625 660 2658 iam
685 2635 788 2669 supra
812 2623 852 2658 L.
878 2623 958 2656 1111.

296 2683 331 2717 p.
355 2670 436 2706 435.
462 2671 502 2706 C.
528 2668 775 2704 —toeo'vmffi
791 2670 891 2704 vind.
916 2670 962 2702 E.

344 2717 488 2761 εἴπερ,]
524 2717 662 2750 Comma
686 2716 801 2750 Astius
835 2719 868 2749 in
894 2727 961 2749 sec.

297 2764 491 2808 ponendum
527 2762 687 2797 ostendit.
735 2763 848 2796 Antea
883 2762 963 2796 dee-

298 2814 365 2844 rat.

1013 1241 1042 1275 B
1058 1192 1128 1240 τὸ]
1163 1176 1215 1229 τῶ
1249 1193 1349 1229 vind.
1372 1193 1413 1228 F.
1448 1192 1502 1227 τῶ
1522 1190 1565 1227 τὸ
1588 1193 1675 1237 Ang.

1060 1284 1298 1330 διακωλύσει]
1337 1283 1493 1320 κωλύσει
1516 1285 1612 1320 Mon.
1636 1285 1678 1318 Β.

1013 1333 1105 1367 Flor.
1132 1333 1176 1366 U.
1201 1334 1281 1366 Par.
1298 1333 1342 1368 K.
1367 1345 1435 1366 sec.
1461 1332 1536 1377 Bip.

1012 1426 1041 1459 B
1059 1376 1089 1423 γ’
1109 1377 1223 1459 ἐμῢὴν]
1248 1391 1287 1423 γε
1312 1377 1387 1423 μὴν
1412 1378 1512 1413 Vind.
1536 1379 1577 1412 F.
1601 1377 1679 1412 Ald.

1046 1437 1140 1459 as.<a
1168 1450 1177 1458 .

1061 1471 1163 1516 εἴσῃ]
1196 1470 1285 1504 εἴσει
1317 1469 1418 1505 Vind.
1443 1471 1485 1504 F.
1514 1471 1610 1504 Flor.
1634 1470 1678 1504 R.

1015 1523 1071 1559 et,
1103 1530 1174 1562 sup.
1203 1529 1250 1561 η,
1284 1517 1372 1561 Ang.
1397 1518 1436 1551 B.
1463 1529 1537 1551 cum
1560 1528 1681 1551 recen-

1014 1563 1171 1598 tioribus.

1062 1607 1204 1652 σκόπει]
1230 1606 1349 1653 σκόπη
1374 1609 1474 1644 Vind.
1499 1609 1543 1644 Ε.

1064 1653 1124 1700 δὲ]
1155 1667 1223 1700 age
1247 1656 1321 1690 Fic.

1060 1698 1109 1746 ἢ]
1137 1699 1185 1737 οὗ
1208 1702 1310 1737 Vind.
1336 1702 1378 1736 E.

1060 1746 1199 1790 πόλιν]
1247 1749 1301 1781 Ita
1339 1748 1420 1783 Par.
1453 1748 1560 1783 ADK.
1594 1748 1680 1782 Lob.

1017 1795 1116 1828 Vind.
1142 1795 1246 1829 BEF.
1273 1794 1352 1827 Vat.
1378 1795 1427 1829 M.
1467 1799 1504 1828 et.
1532 1796 1680 1828 fortasse

1016 1853 1037 1875 a
1071 1853 1114 1876 m.
1151 1853 1202 1886 pr.
1238 1841 1280 1874 B.
1315 1840 1399 1875 Ven.
1435 1840 1475 1874 C.
1514 1842 1599 1885 Aug.
1636 1842 1678 1873 B.

1016 1887 1108 1921 Mon.
1133 1888 1173 1921 B.
1207 1887 1301 1920 Flor.
1326 1886 1533 1921 ACRTUV.
1567 1884 1679 1920 πάλιν

1016 1934 1101 1967 Ven.
1127 1934 1167 1967 B.
1194 1934 1274 1969 Vat.
1299 1934 1343 1966 H.
1372 1933 1427 1976 (et
1451 1945 1471 1967 a
1495 1945 1537 1966 m.
1563 1945 1590 1968 s.
1614 1933 1677 1976 Β.)

1015 1979 1089 2012 Ald.
1114 1980 1194 2013 Bas.
1214 1980 1268 2013 ab.
1293 1980 1413 2024 Steph.
1437 1980 1526 2024 quod
1550 1980 1681 2012 frustra

1015 2025 1106 2060 tueri
1140 2031 1282 2059 conatus
1316 2031 1370 2059 est
1413 2027 1678 2066 Grossmannus‚

1013 2072 1192 2115 theologus
1226 2071 1440 2116 Lipsiensis,
1485 2071 1538 2105 vir
1573 2082 1678 2116 prae-

1013 2118 1262 2158 stantissimus,
1309 2117 1476 2162 epistolae
1507 2117 1550 2150 ad
1583 2117 1678 2152 Mat-

1014 2164 1163 2197 thiaeum
1177 2170 1210 2197 et
1220 2163 1478 2197 Ramshornium
1495 2163 1681 2196 Altenbur-

1014 2210 1049 2254 gi
1066 2210 1130 2243 III.
1147 2209 1225 2243 Kal.
1247 2211 1350 2244 Febr.
1361 2208 1678 2244 MDCCCXXVH.

1015 2257 1118 2290 datae
1166 2281 1174 2289 .
1196 2258 1229 2291 7.

1063 2268 1275 2347 ἅπτξσθαι]
1300 2300 1349 2346 μὴ
1369 2297 1456 2336 ἅπτ.
1479 2300 1581 2337 Vind.
1605 2300 1648 2334 B.

1064 2348 1151 2382 Νῦν
1169 2345 1258 2392 μὲν]
1286 2350 1395 2383 Porro
1413 2358 1502 2382 nunc
1524 2347 1598 2380 Fic.

1064 2393 1116 2438 οὶ]
1144 2394 1187 2428 οἵ
1202 2396 1283 2429 Bas.
1307 2395 1340 2428 b.
1368 2393 1403 2427 εἰ
1422 2396 1508 2437 Aug.
1521 2394 1561 2427 B.
1585 2392 1679 2426 Flor.

1016 2441 1058 2475 R.
1087 2440 1187 2476 vind.
1215 2441 1258 2474 E.
1285 2444 1320 2475 et
1344 2452 1364 2473 a
1386 2451 1428 2473 m.
1448 2451 1474 2473 s.
1498 2439 1540 2472 F.

1062 2485 1150 2530 καὶ]
1186 2488 1321 2525 nunctis
1344 2489 1497 2520 notatum
1527 2484 1563 2518 in
1586 2483 1679 2518 Mon.

1016 2533 1057 2567 B.
1085 2545 1148 2566 om.
1173 2533 1246 2566 Fic.

1062 2576 1105 2612 τὸ
1141 2577 1303 2623 μεταξὺ]
1351 2575 1531 2621 τομεταξὺ
1578 2575 1745 2611 Lob.498

1017 2624 1118 2658 Vind.
1150 2625 1192 2659 E.

1018 2671 1139 2715 steph.

1066 2717 1293 2761 οἰκονομίας]
1315 2714 1529 2758 οἰκονομίας
1541 2724 1579 2747 τε
1593 2715 1679 2749 ven.

1020 2762 1061 2796 B.
1086 2763 1161 2796 Ald.
1189 2764 1269 2797 Bas.
1297 2764 1350 2797 ab.
1384 2762 1504 2806 Steph.
1529 2762 1602 2794 Ast.
1626 2764 1682 2794 ta·-

1020 2809 1174 2844 centibus
1197 2809 1240 2843 de
1263 2809 1342 2844 Par.
1366 2809 1410 2842 K.
1433 2807 1511 2852 Bip.

1241 2629 1276 2659 et
1312 2637 1332 2659 a
1368 2636 1411 2658 m.
1443 2635 1470 2657 s.
1515 2623 1555 2656 B.
1601 2622 1676 2655 Ald.
