1807 3219
454 80 792 125 CIVITAS
834 77 1159 123 LIB.V1.4‹³4

269 150 292 174 fi

1412 79 1495 119 175

106 192 217 238 καλοὶ
250 195 390 238 ταῦτα
416 195 470 250 τῇ
498 191 734 251 αληθείᾳ,
747 192 832 250 ἤδη
850 187 1036 236 πώποτέ
1068 206 1155 267 του
1183 187 1382 247 ἤκουσας
1412 187 1494 232 αὐ-

104 267 195 311 miv
235 260 372 318 λόγον
410 259 611 314 διδόντος
653 261 707 306 οὐ
745 261 1131 319 καταγέλαστονς·
1126 255 1280 314 Οἶμαι
1300 259 1355 305 δέ
1388 257 1439 314 γ’,
1468 252 1496 314 ἦ

105 314 158 377 6’
181 329 251 384 ὃς,
283 329 387 375 οὐδ’
420 328 679 387 ἀκούσομαι.

743 334 894 374 Ταῦτα
923 331 1080 373 τοίνυν
1115 326 1259 372 ’πάντα
1288 327 1498 383 ἐννοήσας
1527 332 1561 372 F

102 400 257 446 ἐκεῖνο
274 398 607 463 ἀναμνήσθητι·
640 396 748 444 αὕτό
781 398 830 444 τὸ
862 398 1020 450 καλὸν,
1052 396 1163 447 ἀλλὰ
1184 414 1251 453 μη
1276 396 1329 444 τὰ
1355 394 1499 441 πολλὰ

102 469 245 522 καλοὶ,
265 468 300 526 ἢ
320 466 435 513 αὐτό
465 486 508 513 τι
536 468 722 512 ἕκαστον
765 468 839 511 καὶ
868 485 927 524 μη
956 468 1009 511 τά
1040 465 1182 511 πολλοὶ
1215 464 1376 508 ἕκαστα
1407 462 1497 507 ἐσθ’

105 539 243 594 ὅπως
246 539 426 595 πλῆθος
454 535 650 591 ἀνέξεται
680 535 708 593 ἢ
728 535 935 594 ηγήσεται
957 533 1093 586 εἷναις
1111 533 1298 580 Ἥκιστά
1321 531 1372 589 γ’,
1404 533 1500 589 εᾞφη
1525 540 1592 573 494

104 688 178 724 eius
208 686 414 731 tradiderit,
447 698 524 721 eum
557 686 656 732 quasi
676 697 730 722 ma
732 698 774 722 n·
789 684 806 704 ’·
826 700 828 703 ·

105 735 251 788 cipium
265 736 402 781 oportet
435 736 469 775 in
515 733 666 767 omnibus
702 733 773 766 eius

105 780 310 815 sententiam
340 779 448 825 sequi.
508 781 635 815 Verum
668 779 775 813 enim-

106 838 188 861 vero
237 826 496 880 quodammodo
531 837 668 867 omnes,
714 824 773 870 qui

106 884 213 919 opera
245 884 309 907 sua
340 872 395 907 vel
430 871 516 906 artis
548 872 603 907 vel
635 851 774 906 virtutis

107 919 258 981 spectari
290 921 332 952 et
357 919 510 964 publice
537 922 675 952 exstale
711 929 773 951 xo-

107 966 216 1006 lunt,
234 965 352 1018 populi
387 965 511 998 iudicio
547 976 584 998 se
609 958 776 998 subiicere

108 1010 390 1064 approbandique
414 1016 450 1044 et
486 1011 693 1056 reprobandi
718 1022 775 1044 ar-

106 1057 248 1092 bitrium
284 1056 316 1090 ei
344 1057 553 1103 permittere
587 1060 774 1100 coguntur:

108 1103 176 1150 ipsi
199 1104 347 1152 probare
379 1103 471 1147 vulgi
494 1103 776 1148 approbationem

109 1162 176 1185 non
201 1149 386 1194 coguntur3
418 1154 454 1183 et
489 1149 519 1183 si
552 1149 628 1193 quis
660 1155 777 1182 tamen

106 1197 208 1230 huius
253 1207 390 1246 quoque
435 1194 487 1228 rei
514 1194 777 1229 necessitatem

108 1243 175 1278 sibi
197 1241 360 1299 imponit,
395 1244 424 1276 is
447 1239 544 1295 πέρα
562 1241 640 1274 τῶν
664 1237 777 1283 οἰναγ-

107 1288 225 1323 καίων
235 1288 390 1344 κυρίους
410 1283 529 1322 αὑτοῦ
550 1287 671 1320 ποιῶν
686 1286 777 1326 τοὺς

107 1332 271 1374 πολλους
294 1334 361 1369 dici
383 1336 511 1389 potest.
559 1333 683 1378 Itaque
702 1345 778 1367 cum

106 1382 268 1416 Bekkero
292 1384 328 1414 et
357 1377 479 1415 αυτοῦ
504 1379 718 1414 scribendum
742 1385 778 1413 et

108 1439 258 1470 comma,
299 1427 391 1472 quod
422 1426 500 1460 Ald.
535 1426 614 1460 Bas.
652 1427 707 1461 ab.
742 1429 778 1459 et

106 1474 226 1508 Astius
249 1479 328 1519 post
351 1469 535 1516 πολλοὺς,
580 1473 777 1517 Stephanus

107 1524 144 1554 et
165 1520 202 1555 in
225 1518 566 1554 sec.Sta11baumius
590 1519 717 1553 ibidem
741 1523 778 1551 et

106 1573 187 1612 post
210 1562 424 1610 ἄναγιιαιων
446 1571 648 1611 posuerunt,
672 1565 776 1611 priori

107 1613 183 1648 loco
207 1612 393 1648 delendum
410 1612 540 1658 putavi.

156 1701 387 1751 Διομήδεια]
436 1704 492 1738 Ita
538 1702 625 1738 Lob.
672 1701 777 1737 Vind.

108 1751 217 1787 BEF.
251 1757 288 1786 et
319 1764 340 1787 a
371 1763 418 1786 m.
445 1762 478 1785 ·.s
513 1750 606 1783 Mon.
631 1749 672 1783 Β.
696 1748 778 1782 item

111 1788 190 1832 Ald.
213 1798 294 1831 Bas.
319 1798 374 1833 ab.
398 1795 604 1840 Διομηδεία
628 1795 721 1829 Μοιι.
735 1795 776 1830 Β.

112 1856 135 1879 a
165 1855 210 1878 m.
242 1855 295 1889 pr.
329 1844 450 1888 Steph.
486 1847 522 1876 et
555 1841 778 1883 recentiores,

112 1890 220 1925 tacito
245 1889 436 1935 analogiam
458 1889 633 1933 vulgarem
657 1887 777 1929 secuti,

112 1948 215 1981 quam
256 1936 322 1970 huc
362 1947 430 1970 ιιοιι
467 1934 639 1981 pertinere
681 1933 782 1967 docet

112 1982 349 2040 Aristophanis
371 1993 490 2016 versus
514 1980 778 2015 Eccles.1o29:

112 2027 188 2063 Καὶ
228 2025 333 2062 ταῦτ’
361 2025 502 2072 ἀνάγκη
539 2022 694 2070 μουστι,·
737 2028 778 2062 Β

113 2071 323 2120 Διομήδειά
347 2085 399 2119 γε.
446 2074 571 2118 Itaque
595 2073 638 2107 ad
665 2069 778 2117 ἡδυέ-

112 2132 206 2159 usca
225 2126 262 2155 et
283 2121 441 2166 reliqua,
473 2131 563 2166 quae
594 2118 779 2154 Passovius

112 2168 146 2202 in
169 2167 289 2203 tabula
321 2166 502 2213 prosodica
524 2166 573 2201 II.
596 2166 636 2199 ff.
659 2176 778 2198 recen-

114 2213 203 2256 suit,
241 2214 306 2248 hoc
336 2212 649 2252 adnumerandum,
687 2217 778 2244 cete·

112 2270 189 2294 rum
211 2259 303 2304 quod
325 2259 525 2293 scholiastes
540 2256 780 2302 Aristophanis

114 2305 158 2340 de
181 2305 356 2348 Thracum
387 2316 471 2349 rege
502 2303 664 2339 Diomede
687 2315 780 2338 oom—

113 2356 248 2386 mentus
284 2355 370 2394 est,
415 2350 509 2385 iuius
552 2349 620 2384 loci
665 2349 781 2393 gratia

113 2398 232 2432 fictum
261 2401 297 2432 et
327 2397 492 2442 magisp
469 2395 647 2442 probabile
669 2395 704 2429 id
726 2396 781 2430 vi-

115 2439 228 2486 detur,
252 2444 343 2489 quod
367 2443 400 2477 in
419 2435 549 2478 scholio
566 2442 610 2476 ad
628 2446 780 2476 nostrum

114 2489 224 2524 locum
247 2490 292 2524 de
313 2489 427 2535 Tydei
448 2489 520 2523 filio
542 2490 714 2523 narratur.

161 2578 372 2626 λεγομένη]
379 2582 466 2625 λ.η
454 2573 587 2614 Lob.
611 2579 713 2614 Vind.
737 2580 777 2615 B.

115 2626 196 2663 Vat.
217 2628 268 2662 Μ.
303 2629 341 2664 λ.
359 2627 398 2672 ῆ
408 2627 489 2669 Vat.
512 2626 555 2660 B.
579 2627 611 2661 λ.
637 2627 778 2670 7].Ven

115 2666 420 2718 c.2.⁷1‘ven..B
458 2672 782 2728 1nVind.F.post

115 2687 289 2765 λεγομένη
323 2723 360 2756 et
390 2722 470 2768 post
500 2715 645 2764 ἀνάγκη
675 2719 780 2755 litura

116 2769 183 2800 est.

865 685 1020 730 ποιεῖν]
1071 686 1173 718 ποιεῖ
1214 683 1313 719 vind.
1347 683 1387 717 F.
1425 693 1500 716 cum

832 732 935 766 litura
959 732 994 766 in
1018 731 1098 765 fine.

880 801 1027 845 ταῦτα]
1055 797 1180 833 πάντα
1206 798 1310 842 (Ven.
1331 799 1391 843 Β.)
1416 797 1500 831 editi

831 854 911 882 ante
937 848 1145 882 Bekkerum.

831 913 951 998 Μῶς]
994 915 1029 951 εἰ
1050 916 1135 952 Lob.
1159 914 1260 949 vind.
1283 914 1326 949 B.
1359 910 1396 953 ἐς
1422 914 1499 947 Vat.

879 1030 1019 1076 δὲκαὶ]
1047 1029 1109 1064 καὶ
1135 1043 1198 1065 om.
1224 1029 1321 1063 Vind.
1336 1029 1379 1065 F.
1403 1029 1499 1062 Flor.

833 1079 876 1112 R.
901 1081 936 1112 et
960 1077 1057 1112 Astii
1074 1089 1126 1122 pr.
1152 1080 1186 1110 et
1219 1088 1285 1109 sec.
1311 1075 1365 1109 ed.
1397 1080 1498 1120 t>po·

833 1125 949 1158 thetae
967 1123 1195 1182 negligentia.
1227 1123 1420 1165 Bekkerus,
1444 1121 1501 1168 qui

835 1169 875 1204 δὲ
916 1169 977 1204 καὶ
1022 1182 1095 1204 cum
1133 1169 1272 1226 reliquis
1304 1168 1430 1209 edidit,
1466 1169 1500 1203 in

836 1228 954 1251 comm.
982 1216 1056 1251 crit.
1083 1213 1122 1250 δὲ
1137 1214 1199 1250 καὶ
1222 1227 1286 1261 pro
1308 1212 1347 1249 δὲ
1369 1219 1404 1249 in
1421 1195 1501 1250 3Vat.

836 1263 919 1297 HM.
945 1262 1022 1318 legi
1055 1262 1215 1303 tradens,
1261 1262 1326 1295 nisi
1362 1262 1502 1304 erraxit,

836 1321 888 1348 ως
920 1305 960 1343 δὲ
990 1307 1054 1342 καὶ
1083 1321 1146 1342 και
1179 1309 1215 1343 in
1238 1312 1384 1355 utroque
1406 1308 1504 1342 inve-

835 1362 947 1389 nerat.

880 1421 1011 1470 ἀγαθοὶ
1032 1423 1095 1459 καὶ
1113 1420 1221 1467 καλοὶ]
1246 1421 1343 1458 καλὰ
1359 1423 1424 1458 καὶ
1461 1421 1470 1433 ’
1495 1449 1503 1458 .

832 1472 919 1553 gob.
956 1472 1057 1506 vind.
1081 1471 1157 1507 BF.
1189 1471 1269 1507 vat.
1302 1470 1383 1504 ΒΜ.
1417 1436 1521 1614 Αἰ

880 1588 974 1633 του]
1005 1600 1072 1622 om.
1095 1586 1176 1622 Par.
1200 1586 1245 1621 K.

880 1654 996 1701 657⁹]
1023 1653 1067 1691 δέ
1088 1667 1129 1700 ’γε
1154 1656 1256 1692 Vind.
1280 1654 1356 1690 EF.

842 1763 846 1766 ,
885 1725 1017 1760 Ταῦτα
1043 1725 1173 1760 τοίνυν
1198 1722 1346 1770 πάντα]
1373 1721 1501 1759 πάντα
1529 1730 1565 1772 E

835 1773 963 1807 τοίνυν
990 1772 1114 1806 ταῦτα
1146 1771 1245 1807 vind.
1270 1771 1312 1807 F.
1348 1771 1435 1817 Aug.
1459 1772 1500 1807 B.

833 1820 930 1854 Flor.
955 1819 998 1853 R.

881 1885 1022 1932 ἐκεῖνο]
1047 1893 1082 1923 et
1103 1888 1190 1922 illud
1213 1887 1287 1922 Fic.

883 1955 1148 2002 ἀναμνήσθητι
1158 1968 1166 1977 ·
1179 1959 1192 2002 ]
1227 1954 1501 2002 ἀναμνήσθητι,

836 2005 957 2050 Steph.
983 2006 1059 2039 Ast.
1083 2016 1136 2050 pr.
1161 2016 1231 2040 see.
1263 2005 1402 2041 Priores
1426 2004 1502 2038 nul-

833 2050 923 2092 lam,
971 2051 1178 2096 posteriores
1217 2051 1351 2097 plenam
1395 2051 1502 2085 inter-

834 2098 1050 2142 punctionem
1074 2097 1213 2131 habent

881 2164 1016 2222 καλός]
1051 2178 1117 2200 om.
1151 2167 1237 2201 Ven.
1262 2166 1304 2200 Β.
1337 2178 1503 2213 ampr.

835 2209 944 2248 καλά.
968 2213 1046 2247 Ald.
1071 2213 1150 2246 Bas.
1177 2213 1231 2247 ab.
1257 2213 1377 2259 Steph.

881 2279 980 2317 αὐτό
997 2282 1055 2327 τι]
1094 2277 1238 2316 αὐτόθι
1273 2282 1396 2328 Steph.
1429 2283 1504 2317 Ast.

836 2339 891 2374 pr.
914 2332 982 2362 tac.
1006 2328 1081 2375 Bip.

883 2395 972 2443 καὶ]
1009 2396 1074 2432 καὶ
1104 2394 1198 2431 ἀλλὰ
1222 2397 1310 2441 Aug.
1334 2397 1377 2431 Β.
1409 2397 1505 2432 Flor.

836 2444 915 2478 RT.
939 2455 1141 2489 quamquam
1164 2443 1199 2477 hi
1221 2447 1334 2477 utrum
1358 2443 1508 2479 habeant

837 2489 924 2533 καὶ,
959 2502 1004 2524 an
1037 2490 1219 2532 omittant,
1261 2489 1507 2525 Stallbaumius

836 2515 1031 2582 ambiguum
1051 2535 1206 2594 reliqnit.

882 2601 1040 2650 ἕκαστα]
1075 2601 1223 2640 ἕκαστα.
1247 2604 1323 2640 Ald.
1356 2601 1504 2649 ἕκαστα,

835 2651 917 2687 Bas.
942 2653 997 2687 ab.
1023 2651 1144 2697 Steph.

879 2716 1021 2777 ἢ]οπι.
1043 2720 1144 2757 vind.
1168 2720 1211 2756 F.

881 2763 1002 2811 y’]ye
1026 2766 1113 2802 Lob.
1137 2766 1241 2802 Vind.
1263 2766 1305 2801 B.

1526 2722 1595 2755 494
