1807 3219
325 177 407 218 134

766 175 1241 220 PLATONIS

323 289 400 341 τῆς
426 285 702 340 νυκτερίδος,
732 285 793 337 ὥς
821 287 896 330 καὶ
923 285 990 342 ἐφ’
1020 282 1076 333 οὖ
1104 286 1242 332 αὐτὸν
1267 282 1409 342 αὐτὴν
1433 283 1697 329 αἰνίττονται

324 356 473 410 βαλεῖν
485 367 494 376 ·

542 354 616 398 καὶ
652 353 738 411 γὰρ
776 357 912 398 ταῦτα
940 353 1322 412 ἐπαμφοτερίζειν,
1360 350 1435 397 καὶ
1463 349 1554 396 οὔτ’
1585 349 1699 398 εἶναι

324 418 425 465 οὔτε
453 418 512 478 μὴ
541 419 651 466 εἶναι
683 419 814 466 οὐδὲν
844 420 990 466 αὐτῶν
1009 421 1200 467 δυνατὸν
1226 423 1395 478 παγίως
1421 423 1580 475 νοῆσαι
1608 419 1697 465 οὔτ’

323 487 550 546 ἀμφότερα
582 488 684 534 οὔτε
713 487 959 546 οὐδέτερον.
985 490 1125 547 Ἔχεις
1153 485 1237 535 οὖν
1253 487 1430 542 αὐτοῖς,
1461 483 1517 545 ἦν
1539 486 1580 532 δ’
1602 487 1699 546 ἐγὼ,

325 636 434 684 prima
455 638 508 672 ed.
534 641 671 672 secutus
694 643 747 672 est
770 639 841 682 ita,
873 643 913 672 ut
934 640 982 674 si-

294 723 295 728 1
325 684 393 719 111111
412 682 580 719 atalante
610 685 679 727 τῆς
707 684 821 730 βολῆς
853 684 983 719 insere—

324 733 401 772 ret,
434 729 528 764 cuius
563 729 779 764 additamenti
811 734 984 765 auctorem

324 775 476 810 F‘icinum
497 775 625 810 habere
647 779 771 822 putans
789 778 986 820 Grynaeum

325 823 495 864 habebat,
527 822 585 867 qui
615 823 702 855 illius
732 823 985 868 interpretatio-

326 879 403 901 nem
442 869 636 913 aenigmati
671 880 853 913 puerorum
893 870 985 902 circa

325 915 513 948 eunuchum
549 915 592 948 de
627 915 877 959 vespertilionis
903 926 986 959 per-

326 960 480 995 cussione
504 959 540 993 in
566 971 640 994 aen.
658 972 756 1005 puer.
773 962 816 995 de
834 960 984 995 eunucho

327 1010 362 1040 et
388 1006 640 1051 vespertilionis
666 1007 881 1051 percussione
911 1018 986 1040 mu-

328 1051 429 1087 tavit.
475 1051 513 1085 In
537 1062 605 1087 sec.
624 1052 832 1106 Stephanum
855 1051 985 1097 simpli-

328 1097 414 1132 citer
446 1108 485 1131 se
508 1097 545 1131 ui
573 1097 710 1139 111311111,
756 1097 791 1132 111
825 1101 986 1132 contextu

327 1146 440 1177 tamen
463 1141 646 1187 ευνούχου
669 1142 792 1197 βολῆς
811 1142 876 1177 καὶ
899 1142 985 1187 περὶ

327 1189 396 1243 τῆς
410 1200 511 1224 νυκτ.
540 1188 685 1243 posuit,
700 1189 829 1235 partim
852 1190 986 1243 Corna:

326 1235 378 1269 ri'o
401 1234 507 1277 duce,
540 1235 600 1279 qui
631 1235 685 1282 τῷ
710 1234 796 1279 περὶ
822 1235 890 1280 τῆς
915 1235 986 1270 τοῦ

328 1277 510 1325 εὐνούχου
536 1269 672 1326 βολῆς,
713 1281 777 1315 καὶ
803 1281 887 1326 περὶ
919 1282 987 1325 τῆς

327 1334 428 1362 νύκτ’.
452 1326 667 1361 scribendum
689 1327 842 1362 coniecit.
890 1327 986 1361 Nihil

328 1377 468 1428 praeter
497 1377 673 1407 accentum
693 1374 890 1406 mutandum
912 1385 988 1407 esse

328 1419 478 1465 primus,
508 1419 598 1464 quod
623 1419 747 1462 sciam,
781 1419 986 1453 Benedictus

329 1465 479 1501 ostendit
507 1465 542 1499 in
578 1464 789 1499 coniecturis
818 1466 985 1500 a.1805.

329 1510 427 1545 editis
451 1522 485 1557 p.
505 1513 559 1546 11.
584 1514 686 1556 atque
707 1511 756 1545 ita
779 1511 989 1556 scripserunt

329 1557 528 1598 Bekkerus,
569 1557 644 1592 Ast.
682 1559 764 1591 tert.
797 1560 835 1591 et
865 1557 986 1591 stallo.

331 1603 387 1638 cf.
411 1603 613 1648 Bernhardy
635 1607 723 1647 synt.
747 1614 827 1650 pag.
853 1605 929 1639 163.
955 1606 990 1637 et

354 1660 399 1694 ng

329 1659 399 1696 pg
378 1692 450 1740 ὥς]
487 1707 551 1729 om.
575 1695 656 1730 Par.
679 1694 723 1728 Κ.
747 1705 815 1729 sec.
845 1693 923 1739 Bip.
957 1687 990 1741 (ᾖ

330 1741 426 1776 Flor.
450 1741 622 1775 ACRTV.
646 1740 748 1775 Vind.
769 1740 879 1775 DEF.
904 1742 990 1786 Ang.

330 1787 373 1822 B.
397 1787 477 1822 vat.
501 1786 546 1821 H.
570 1787 691 1822 Athen.
725 1786 842 1821 Astius
863 1786 897 1819 in
921 1798 990 1821 sec.

332 1836 370 1868 et
390 1836 470 1867 tert.
494 1838 531 1867 et
553 1833 806 1867 Stallbaumius.
838 1831 930 1866 Idem
947 1843 991 1867 ex

333 1879 507 1914 Athenaeo
553 1878 782 1923 recipiendum
822 1882 992 1912 statuerat

333 1926 528 1971 Stephanus
550 1926 991 1972 3111101.Ρ.22.500111115-

333 1983 401 2025 que
425 1974 479 2005 est
509 1970 837 2004 Schleiermacherus
869 1982 910 2003 ea
934 1982 992 2004 ra-

333 2018 448 2060 tione,
488 2015 578 2062 quod
618 2016 715 2050 Plato
757 2015 993 2060 simpliciorem

334 2063 533 2107 aenigmatis
564 2063 707 2096 formam
729 2067 865 2105 praeter
887 2073 992 2095 eunu-

334 2110 433 2143 chum
456 2112 493 2144 et
511 2108 786 2153 vespertilionem
817 2108 896 2141 nihil
929 2107 993 2141 nisi

334 2155 513 2208 fruticem,
552 2158 592 2197 111
623 2154 697 2208 ipse
734 2154 993 2207 interpretatur,

335 2205 371 2235 et
392 2201 556 2254 pumicem
578 2200 802 2234 continentem
821 2199 993 2246 respexis-

334 2259 373 2281 se
396 2246 566 2284 videatur.
598 2246 668 2280 Sed
692 2246 787 2280 1100
778 2257 888 2290 ipsum
910 2245 991 2279 illud

335 2296 411 2334 est,
445 2293 488 2327 de
519 2304 586 2337 quo
619 2291 804 2326 dubitatur.
861 2292 991 2333 Quam·-

335 2350 437 2392 quam
459 2338 546 2372 enim
579 2336 859 2382 simplicissimum
882 2337 991 2391 quod-

336 2396 402 2430 que
429 2384 463 2418 in
493 2384 557 2418 hoc
580 2395 706 2427 genere
732 2383 820 2416 idem
845 2386 881 2416 et
903 2382 992 2417 31111-

335 2429 530 2475 quissimum
559 2440 636 2463 esse
666 2440 687 2463 a
719 2440 802 2463 vero
830 2441 895 2463 non
930 2430 992 2463 ab-

334 2477 451 2510 horret
472 2472 616 2520 ideoque
639 2485 722 2509 eam
721 2475 904 2509 formulam
927 2486 993 2509 non

334 2521 501 2556 immerito
530 2521 670 2568 primam
702 2521 827 2555 dixeris
839 2547 850 2565 ,
893 2532 994 2569 quam

335 2568 530 2602 Athenaeus
564 2571 644 2602 ante
674 2567 781 2601 verba
813 2577 917 2612 supra
939 2574 994 2600 re·

336 2613 407 2648 lata
441 2617 476 2647 et
510 2614 661 2648 scholion
695 2612 838 2646 alterum
866 2612 908 2647 nd
933 2624 993 2647 no·

336 2663 442 2694 strum
474 2659 582 2693 locum
612 2663 648 2693 et
677 2658 801 2693 Suidas
830 2659 865 2693 in
889 2655 994 2698 αἶνος

336 2705 514 2747 exhibent,
558 2709 670 2739 tamen
706 2704 838 2738 Platoni
874 2716 995 2738 secun-

337 2752 414 2789 dam
446 2752 481 2784 in
513 2751 615 2796 priori
647 2750 772 2784 scholio
805 2754 841 2784 et-
869 2750 903 2784 in
927 2751 995 2784 fine

337 2797 559 2842 Anthologiae
594 2800 781 2832 exstantem
818 2800 921 2842 atque
951 2798 994 2831 ab

1037 639 1220 674 Eustathio
1253 639 1274 673 l.
1311 651 1341 674 0.
1385 642 1422 672 et
1458 638 1501 671 nb
1533 647 1699 680 amnymo

1039 684 1123 729 περὶ
1142 683 1291 729 τρόπων
1322 695 1401 730 pag.
1425 685 1458 720 7.
1482 694 1535 728 sq.
1560 683 1698 727 (Musei

1040 730 1470 775 crit.Vratis1av.1820.)
1495 729 1699 774 explicatam

1040 777 1184 812 nondum
1227 777 1393 821 cognitam
1435 779 1495 810 aut
1539 777 1699 819 respectu

1040 835 1106 857 non
1130 823 1266 867 dignam
1288 823 1392 856 visam
1417 821 1522 855 fuisse
1544 832 1605 865 pro
1624 831 1698 854 cer-

1041 873 1077 903 to
1125 868 1289 902 affinnari
1337 867 1464 912 nequit.
1534 865 1700 900 Athenaei

1039 915 1146 949 verba
1170 915 1253 948 haec
1277 910 1524 947 511111εκαὶτὸ
1545 909 1699 966 Πανάρ-

1040 972 1129 1000 κους
1147 956 1187 994 δ’
1210 957 1285 994 ἐστι
1309 959 1505 1002 τοιοῦτον,
1531 953 1584 997 ὥς
1609 967 1703 1014 φησι

1039 1004 1226 1060 Κλέαρχος
1248 1003 1287 1039 ἐν
1301 1005 1351 1052 τῷ
1369 1003 1460 1060 περὶ
1472 1004 1628 1059 γρίφων,
1641 1001 1701 1038 ὅτι

1041 1051 1150 1108 βάλοι
1170 1049 1265 1108 ξύλῳ
1276 1062 1314 1085 τε
1328 1040 1391 1085 καὶ
1413 1047 1460 1085 οὔ
1474 1048 1568 1106 ξύλῳ
1566 1051 1701 1107 καθη-

1040 1096 1155 1154 μένην
1173 1086 1323 1142 ορνιθα
1361 1095 1425 1131 καὶ
1458 1107 1528 1130 ουκ
1562 1091 1701 1139 ορνιθα

1042 1141 1138 1188 ἀνήρ
1162 1155 1201 1177 τε
1232 1141 1297 1177 καὶ
1324 1154 1394 1177 ουκ
1415 1139 1525 1197 ανὴρ
1540 1142 1635 1199 λίθῳ
1661 1153 1703 1175 τε

1042 1189 1105 1224 καὶ
1126 1186 1171 1223 οὗ
1192 1188 1297 1234 λίθῳ.
1314 1187 1459 1223 τούτων
1478 1185 1548 1232 γάρ
1570 1181 1646 1222 ἐστι
1655 1186 1699 1222 τὸ

1041 1233 1108 1291 μὲν
1128 1223 1296 1291 νάρθηξ,
1320 1233 1363 1269 τὸ
1384 1231 1424 1269 δὲ
1443 1232 1630 1279 νυκτερὶς,
1655 1232 1699 1268 τὸ

1042 1279 1086 1316 δὲ
1105 1277 1294 1336 ευνοῦχος,
1318 1279 1361 1315 τὸ
1382 1278 1422 1315 δὲ
1444 1281 1616 1325 κίσσηρις.
1639 1278 1703 1314 καὶ

1044 1325 1202 1362 Πλάτων
1241 1323 1282 1361 δ’
1310 1323 1349 1360 ἐν
1361 1323 1532 1382 πέμπτῳ
1561 1323 1702 1369 Νόμων

1042 1370 1283 1418 μνημονεύει·
1306 1370 1398 1413 τοὺς
1424 1373 1500 1406 τῶν
1510 1361 1702 1416 τεχνυδρί-

1043 1431 1095 1453 ων
1114 1423 1178 1454 etc.
1220 1417 1286 1453 Hic
1308 1418 1336 1452 si
1359 1419 1440 1452 nihil
1462 1418 1704 1464 praetermisit,

1042 1466 1146 1500 hosce
1176 1475 1296 1504 versus
1329 1470 1409 1498 ante
1440 1464 1554 1499 oculos
1578 1465 1706 1497 habere

1042 1510 1178 1557 potuit,
1212 1521 1298 1563 quos
1321 1521 1364 1545 ex
1385 1510 1537 1554 margine
1559 1510 1639 1545 Par.
1663 1511 1704 1544 A.

1045 1569 1067 1592 3
1098 1556 1298 1591 Ruhnkenio
1323 1561 1368 1590 et
1400 1556 1559 1591 Bekkero
1591 1556 1704 1590 editos

1044 1603 1228 1640 secundum
1264 1602 1503 1636 Broendstedii
1546 1602 1706 1636 emenda-

1045 1649 1169 1683 tionem
1199 1649 1235 1683 in
1264 1648 1425 1682 Bredovii
1451 1647 1614 1693 Epistolis
1638 1648 1705 1682 Pa·-

1045 1694 1241 1730 risiensibus
1274 1705 1353 1753 pag.
1388 1696 1464 1730 132.
1498 1694 1705 1752 propositam

1045 1740 1253 1785 subscripsi:
1281 1742 1493 1797 Ανθρωπος
1530 1751 1600 1774 ουκ
1633 1751 1706 1773 αν·-

1037 1788 1202 1844 θρωπος
1221 1812 1231 1831 ,
1275 1782 1480 1843 ᾅνθρωπος
1514 1782 1554 1820 δ’
1591 1797 1705 1842 ομως,

1037 1829 1110 1877 'OQ
1112 1833 1205 1867 νιθα
1222 1844 1316 1867 κουκ
1333 1829 1479 1876 ὄρνυθ’,
1515 1843 1623 1889 ομως
1643 1827 1706 1887 ὄρ-

1045 1881 1140 1914 νιθα
1171 1875 1231 1923 δε,
1255 1877 1337 1914 Ἐπι
1352 1877 1465 1921 ξυλου
1489 1888 1528 1911 τε
1551 1874 1623 1912 κου
1643 1875 1707 1920 ξύ-

1047 1927 1112 1959 λου
1136 1904 1354 1980 καθημένην
1381 1924 1489 1970 Λίθῳ
1518 1921 1644 1972 βαλών
1663 1934 1708 1967 με

1046 1967 1117 2005 κου’
1142 1971 1237 2017 λίθῳ
1267 1969 1449 2005 διώλεσεν.
1471 1981 1613 2023 quornm
1634 1971 1708 2004 sor—

1048 2021 1141 2051 tasse
1162 2018 1270 2072 primo
1293 2017 1467 2062 praefixus
1485 2019 1562 2050 erat
1582 2015 1623 2058 is,
1647 2015 1707 2061 qui

1047 2062 1121 2096 loco
1145 2062 1244 2119 primi
1268 2063 1358 2108 apud
1383 2062 1522 2096 Suidam
1546 2066 1620 2095 est:
1645 2058 1707 2095 Αἷ-

1046 2106 1113 2148 νός
1133 2120 1189 2148 τις
1212 2107 1332 2151 ἔστιν,
1357 2105 1408 2148 ως
1432 2104 1528 2151 ἀνήρ
1556 2118 1595 2141 τε
1613 2119 1708 2142 nov-a

1048 2151 1145 2198 ἀνήρ
1167 2179 1177 2198 ,
1233 2158 1405 2188 extremus
1449 2159 1562 2189 autem
1605 2153 1708 2196 idern,

1047 2212 1146 2257 quem
1191 2200 1316 2234 suidas
1361 2202 1547 2234 extremum
1592 2200 1707 2255 ponit:

1046 2246 1154 2292 Λίθῳ
1173 2256 1212 2280 τε
1235 2258 1303 2280 κου
1323 2246 1417 2292 λίθῳ
1439 2244 1565 2299 βαλὼν
1583 2243 1708 2280 διώλε-

1049 2302 1122 2327 σεν.
1169 2293 1326 2326 secunda
1358 2281 1502 2326 formula
1532 2291 1568 2325 in
1602 2291 1710 2337 priori

1047 2337 1172 2372 scholio
1196 2338 1281 2372 haec
1303 2341 1374 2372 est·
1408 2334 1599 2393 Κλεάρχου
1625 2340 1707 2394 ypi-

1049 2392 1139 2428 φος·
1164 2381 1284 2440 ‚Aivdg
1300 2395 1357 2423 τις
1387 2380 1506 2429 ἔστιν,
1531 2395 1584 2423 ως
1611 2394 1708 2439 ανηρ

1048 2441 1088 2465 τε
1104 2426 1196 2487 nptin
1216 2427 1314 2484 ἀνὴρ
1333 2426 1406 2485 ’Όρ
1409 2431 1502 2464 νιθα
1525 2441 1619 2463 κουκ
1645 2425 1707 2472 ὄρ·-

1049 2472 1134 2518 νιθ’
1156 2473 1248 2510 ἰδών
1267 2486 1306 2510 τε
1323 2473 1418 2510 novin
1437 2473 1530 2510 ἰδων
1547 2472 1629 2509 Ἐπὶ.
1645 2473 1709 2518 ξύ-

1050 2514 1116 2556 λου
1137 2533 1177 2556 τε
1195 2534 1263 2556 κου
1270 2519 1391 2577 ξύλου
1407 2517 1625 2576 καθημένην
1643 2520 1707 2556 Λί-

1049 2569 1109 2614 θῳ
1142 2579 1182 2602 τε
1209 2564 1279 2603 κού
1307 2568 1401 2614 λίθῳ
1434 2565 1542 2621 βάλοι
1570 2577 1610 2601 τε
1637 2564 1707 2601 κοῦ

1050 2603 1171 2660 βάλοι,
1193 2615 1228 2648 111
1252 2614 1374 2670 quibus
1398 2613 1499 2647 tertio
1515 2613 1628 2647 versui
1650 2624 1711 2647 35-

1049 2664 1159 2694 sutum
1183 2670 1222 2694 τε
1246 2657 1316 2694 κοῦ
1344 2656 1559 2703 καθημένην
1588 2669 1709 2704 quam-

1048 2706 1099 2741 vis
1124 2707 1166 2740 ab
1194 2705 1376 2740 Eustathio
1400 2709 1435 2738 et
1456 2716 1620 2748 anonymo
1650 2716 1708 2738 re-

1050 2758 1183 2796 ceptum
1207 2755 1243 2785 et
1264 2752 1297 2785 in
1311 2751 1462 2807 margine
1480 2750 1604 2784 codicis
1613 2751 1707 2785 Mon.

1050 2799 1092 2831 B.
1115 2795 1232 2842 (ἀνὴρ
1251 2794 1452 2841 κου’κανὴρ,
1477 2792 1582 2841 ὄρνιν
1599 2809 1706 2832 κουκ-
