1807 3219
143 257 145 259 ·
189 233 224 273 B
255 232 352 286 δέος
391 250 436 278 τε
480 234 553 277 καὶ
592 233 744 285 αἰδώς·

255 126 308 165 72

709 123 1185 167 PLATONIS

804 235 937 287 αἰδώς
976 236 1055 292 μὲν
1098 234 1155 287 (ὃς
1194 235 1360 291 γονέων
1399 237 1457 294 μὴ
1504 237 1630 282 ἅπτε-

252 306 359 345 σθαι
389 303 619 357 εἴργουσα,
669 303 765 354 δέος
802 304 849 347 δὲ
880 303 929 347 *co*
972 307 1035 362 τῷ
1071 302 1282 360 πάσχοντι
1325 303 1430 356 τους
1470 304 1631 358 ἄλλους

251 372 458 427 βοηθεῖν,
488 369 592 422 τοὺς
620 371 700 427 μὲν
731 369 790 421 ὠς
818 372 947 424 υἱεῖς,
978 371 1083 423 τοὺς
1102 372 1148 415 δὲ
1171 372 1228 423 ὥς
1249 371 1491 428 ἀδελφούς,
1526 374 1632 426 τούς

251 438 299 482 δὲ
329 436 389 489 ὦς
417 439 616 493 πατέρας.
649 438 890 495 Ξυμβαίνει
919 438 1002 495 γὰρ
1031 438 1192 492 οὕτως,
1224 440 1320 495 ἔφη.
1353 444 1560 497 Πανταχῆ
1580 442 1635 498 δὴ

249 505 298 550 ἐκ
326 509 415 549 ταῖν
443 505 594 562 νόμων
625 505 803 562 εἰρήνην
831 507 940 560 πρὸς
971 505 1186 563 ἀλλήλους
1216 510 1260 551 οἱ
1280 506 1436 563 ἄνδρες
1457 507 1634 561 ἄξουσιῑ

253 573 433 630 Πολλήν
462 590 521 629 γε.

587 573 766 618 Τούτων
804 576 892 630 μὴν
932 575 979 618 ἐν
1019 575 1189 627 ἑαυτοῖς
1219 576 1277 632 μή
1312 576 1635 630 στασιαζόντων

253 641 383 687 οὐδὲν
421 643 590 698 δεινόν,
637 644 698 702 μή
734 643 891 701 ποτεὴ
933 643 1038 701 ἄλλη
1075 643 1200 696 πόλις
1240 644 1353 701 πρὸς
1391 646 1580 698 τούτους
1608 646 1637 704 ἢ

299 810 416 852 αἰδὼς
437 810 518 858 μἐν]
543 812 605 847 καὶ
630 814 679 848 αἱ.
705 827 740 869 μ.
769 818 855 859 Ang.
873 815 914 848 B.

253 857 344 892 Flor.
369 859 412 893 R.
447 859 508 902 (ad
543 861 631 894 hunc
663 862 750 895 enim
775 867 855 895 nota
881 862 915 894 in

253 904 294 938 V.
317 904 354 938 L.
373 905 585 940 Stallbaumii
609 906 731 940 vitiose
755 919 916 952 expressa

254 949 330 986 XX.
354 951 529 1006 pertinere
561 952 724 998 videtur.)
766 954 832 996 μὲν
858 955 916 998 (ο-

251 995 353 1029 misso
403 995 547 1040 αἰδώς)
598 999 695 1033 Vind.
729 1000 768 1035 F.
816 1001 914 1034 Stob.

256 1042 366 1077 Gesn.
390 1042 483 1087 (cod.
504 1044 601 1088 BN.)

254 1109 503 1191 Τεῖργονσα]
537 1111 708 1157 εἴργουσα
745 1114 916 1148 Stobaeus

289 1168 362 1190 r1uc

299 1201 386 1241 δέος
409 1200 448 1236 δὲ
473 1201 516 1237 τὸ
544 1203 595 1250 τῷ
621 1202 802 1248 πάσχοντι
824 1203 917 1245 τοὺς

253 1243 388 1287 αλλους
413 1239 592 1305 βοηθεῖν]
627 1252 743 1284 Astius
775 1251 810 1284 in
846 1263 914 1285 sec.

252 1295 307 1328 ed.
330 1292 378 1338 μὴ
416 1300 494 1350 post
526 1294 569 1329 τὸ
597 1295 811 1330 inserendum
836 1310 916 1331 cen—

251 1347 306 1374 set
339 1346 374 1374 et
408 1339 451 1375 τό
488 1341 646 1386 βοηθεῖν
691 1354 752 1376 seu
783 1341 826 1378 τὸ
863 1341 914 1387 μὴ

252 1386 411 1431 βοηθεῖν
447 1388 600 1421 absolute
624 1388 770 1442 positum
794 1390 917 1423 statuit

251 1434 323 1474 ita,
354 1437 395 1466 ut
426 1433 595 1467 obiectum
629 1435 759 1469 timoris
805 1435 916 1469 conti-

252 1458 343 1513 nea’t.
390 1479 634 1514 Stallbaumius
671 1479 715 1515 τὸ
757 1480 916 1535 βοηθεῖν

251 1526 294 1558 ab
318 1525 391 1570 ipso
416 1524 547 1558 nomine
571 1523 657 1565 δέος
681 1526 730 1560 510
753 1527 827 1571 regi
851 1539 915 1572 pu—

251 1576 329 1612 tat,
365 1575 404 1604 ut
436 1572 526 1616 apud
557 1573 816 1606 Demosthenem
844 1573 916 1617 Θη-

251 1616 396 1673 βαίους
408 1629 430 1651 a
452 1615 634 1651 τεθναναι
663 1619 715 1665 τῷ
749 1617 857 1664 φόβῳ
881 1623 918 1653 et

253 1660 486 1703 ἀποστόλους
509 1675 530 1697 a
562 1653 718 1698 τεθνᾶσι
743 1666 794 1711 τῷ
829 1663 916 1700 δέει.

252 1709 408 1765 Denique
433 1710 631 1754 Bernhardy
654 1717 742 1753 synt.
777 1723 810 1757 p.
835 1712 916 1748 355.

252 1753 295 1789 τὸ
315 1775 364 1780 -
362 1755 538 1800 βοηθεῖν
568 1756 755 1801 simplicem
779 1758 916 1802 apposi-

252 1801 378 1835 tionem
400 1802 502 1843 dicit,
534 1803 642 1848 qualis
666 1803 710 1836 sit
735 1804 773 1837 L.
802 1804 915 1837 VIIII.

252 1858 286 1892 p.
312 1848 391 1882 590.
419 1848 460 1903 Ε.
484 1848 520 1882 111
544 1849 657 1882 verbis
679 1862 702 1891 η
728 1850 805 1883 τῶν
829 1851 914 1883 παί

253 1894 329 1927 δων
355 1890 472 1942 ἁρχὴ,
508 1891 550 1929 τό
584 1892 633 1938 μὴ
667 1892 735 1951 ἐᾷν
768 1893 915 1930 ἐλευθέ-

253 1950 344 1982 ρους
367 1943 474 1974 εἰναι.
523 1941 616 1981 Quid
639 1941 667 1974 si
689 1931 734 1975 τὸ
762 1943 804 1975 3(1
830 1940 916 1981 δέος

255 1985 388 2031 potius,
423 1997 522 2031 quam
556 1987 599 2019 ad
632 1986 791 2032 βοηθεῖν
823 1989 915 2021 refe-

252 2043 388 2074 ramus,
422 2036 461 2064 ut
483 2043 602 2066 sensus
624 2033 710 2067 idem
735 2034 797 2073 sit
822 2046 862 2067 ac
886 2034 917 2067 si

252 2077 379 2111 dictum
402 2084 494 2112 esset
518 2077 602 2118 δέος
626 2077 665 2113 δὲ
690 2077 732 2114 τὸ
755 2080 821 2134 τῆς
842 2079 918 2113 τῶν

255 2119 376 2157 ἄλλων
422 2123 616 2180 βοηθείας
639 2125 691 2172 τῷ
726 2123 916 2169 πάσχοντι.

253 2167 339 2209 δέος
362 2167 436 2204 ἐστι
469 2169 559 2210 τοὺς
591 2160 727 2211 ἄλλους
758 2172 918 2217 βοηθεῖν

252 2216 336 2260 quin
369 2223 464 2249 recte
499 2217 654 2260 dicatur,
688 2230 784 2251 nemo
809 2218 918 2251 ambi-

252 2262 327 2305 git.
372 2261 490 2306 quidni
526 2263 627 2297 etiam
662 2262 706 2298 τὸ
740 2262 830 2303 τοὺς
855 2259 916 2297 ἄλ-

253 2310 341 2348 λους
365 2307 525 2354 βοηθεῖν
547 2307 633 2349 δέος
650 2310 765 2344 dicere
786 2309 918 2344 liceat?

298 2375 337 2410 δὲ
361 2373 413 2416 aig
445 2375 632 2422 πατέρας]
665 2375 710 2413 δ’
744 2375 797 2419 ὦς
830 2391 916 2414 πατ.

254 2422 352 2456 Vind.
375 2423 417 2457 F.
440 2426 527 2468 Ang
552 2425 593 2458 Β.

301 2467 528 2526 Ηυμβαίνει]
556 2469 662 2515 σνμβ.
691 2469 791 2504 Vind.
816 2470 856 2505 F.

301 2512 396 2559 ε’φη]
431 2513 524 2559 ε’χειν
560 2516 660 2550 Vind.
689 2516 732 2549 Ε.
767 2518 853 2561 Ang.
878 2516 919 2552 B.

254 2560 554 2605 Flor.RT.s'281.
577 2562 672 2596 Flor
698 2562 770 2596 AC.

302 2607 508 2664 Πανταχῆ]
542 2609 736 2652 πανταχοῦ
769 2608 847 2641 Par.
874 2609 918 2642 K.

300 2651 372 2696 δὴ]
423 2651 498 2696 ἄρα
530 2654 615 2688 Ven
647 2655 688 2688 Β.
733 2667 798 2689 om.
831 2654 917 2689 Lob.

255 2698 353 2733 Vind.
377 2699 418 2733 B.
443 2700 512 2733 Vat
547 2700 626 2733 ΒΜ.

303 2741 462 2789 αξουσι]
510 2746 564 2778 lta
602 2746 700 2779 Vind.
733 2746 776 2779 Ε.
825 2745 917 2779 Flor.

255 2791 359 2825 ACV.
377 2786 530 2834 ἄξουσιν
542 2792 724 2826 Bekkerus
736 2792 919 2826 secundum

971 815 1050 848 Par.
1077 816 1117 848 A.
1144 814 1229 848 Ven
1254 815 1327 849 BC.
1366 815 1444 850 vat.
1469 814 1515 848 H.
1548 814 1638 849 scri-

971 860 1083 905 psisse
1130 860 1351 895 demonstrat.
1411 862 1512 906 Apud
1555 862 1641 894 Sto-

971 907 1091 939 baeum
1116 912 1170 940 est
1200 903 1379 949 αὔξουσι,
1413 907 1473 940 sed
1505 907 1539 940 in
1563 907 1637 940 cod.

975 954 1011 985 A.
1039 948 1207 995 ἄρξουσι.
1245 953 1425 986 Editiones
1450 957 1530 985 ante
1546 953 1637 986 Bek—

971 998 1089 1031 kerum
1125 1010 1199 1031 011111
1239 999 1381 1055 reliquis
1406 998 1579 1031 codicibus
1604 1005 1641 1032 et

973 1045 1071 1077 Stob.
1090 1056 1196 1087 marg.
1220 1046 1326 1077 Gesn.
1355 1042 1477 1086 ’ἕξουσι
1500 1045 1637 1077 habent.

972 1090 1026 1123 Ad
1042 1089 1360 1134 interpunctionem,
1378 1102 1466 1136 quae
1486 1090 1522 1123 in
1541 1091 1638 1123 Vind.

972 1135 1012 1170 B.
1038 1136 1136 1168 Stob.
1161 1136 1273 1170 'Irinc
1305 1138 1409 1170 Gesn.
1446 1137 1540 1169 nulla
1574 1142 1638 1178 est,

971 1182 1184 1226 sequentium
1220 1193 1343 1215 caussa
1377 1182 1509 1226 signum
1532 1183 1639 1216 inter-

973 1227 1114 1271 rogandi
1139 1239 1159 1261 a
1183 1228 1342 1262 Bekkero
1367 1233 1403 1262 et
1415 1228 1639 1262 Stallbaumio

972 1274 1120 1318 positum
1147 1277 1275 1318 puncto
1300 1274 1509 1320 reliquorum
1535 1286 1636 1320 prae

973 1319 1046 1353 tuli.

1019 1362 1198 1421 Πολλήν]
1220 1364 1340 1400 πολύν
1363 1366 1464 1401 Vind.
1489 1366 1531 1400 Ε.

1018 1409 1113 1455 μὴν]
1161 1410 1202 1454 μὶ
1206 1424 1227 1445 ν
1263 1413 1364 1446 Vind.
1399 1413 1442 1446 Ε.
1485 1413 1563 1446 Vat.
1595 1413 1639 1446 H.

973 1457 1070 1491 Stob.
1096 1458 1168 1492 cod.
1195 1459 1233 1491 B.
1259 1456 1358 1502 μὴν,
1383 1470 1456 1503 sup.
1484 1470 1512 1500 ε,
1541 1459 1638 1492 Vind.

972 1503 1016 1537 D.
1042 1510 1158 1538 autem
1176 1504 1248 1537 Fic.
1274 1485 1376 1544 Qu0⁷d
1401 1485 1641 1538 servidiuscule

972 1549 1038 1583 hoc
1080 1551 1243 1583 Socrates
1284 1551 1435 1584 affirmat
1459 1577 1470 1593 ,
1515 1551 1641 1584 indicio

974 1600 1048 1637 est,
1072 1596 1261 1640 proximum
1286 1596 1366 1629 illud
1384 1623 1393 1638 ‚
1420 1609 1460 1629 ex
1484 1609 1550 1642 quo
1578 1598 1644 1630 hoc

973 1642 1142 1675 concludit
1156 1667 1167 1684 ‚
1189 1654 1253 1675 non
1278 1643 1349 1676 sine
1373 1643 1644 1687 interrogatione

973 1689 1015 1722 ab
1040 1699 1079 1722 eo
1104 1688 1359 1733 pronuntiatum
1384 1689 1502 1723 fuisse.

1019 1753 1042 1801 ἡ
1081 1752 1174 1801 ἅλλη
1209 1755 1345 1801 πόλις]
1390 1756 1453 1791 καὶ
1488 1753 1579 1801 ἄλλη
1603 1770 1642 1793 π.

974 1803 1071 1836 Vind.
1098 1804 1172 1837 BD.
1212 1804 1289 1837 Vat.
1314 1804 1364 1837 M.
1410 1805 1533 1838 civitas
1566 1806 1643 1838 alia

973 1851 1027 1883 vel
1050 1849 1122 1884 Fic.
1155 1854 1196 1883 ut
1219 1845 1244 1894 ἢ
1271 1861 1334 1895 pro
1367 1847 1391 1894 ἡ
1427 1850 1550 1894 legisse
1585 1850 1640 1884 vi-

973 1895 1108 1929 deatur.

1020 1938 1223 1985 οἷλλήλους]
1273 1937 1408 1981 ἄλλους
1439 1942 1525 1976 Lob.
1561 1942 1640 1977 vat.

971 1987 1053 2021 ΒΜ.
1077 1987 1176 2021 Vind.
1202 1988 1241 2021 B.
1278 1994 1334 2032 et,
1366 1988 1456 2033 vulg.
1482 1989 1519 2022 in
1550 2000 1641 2022 mar-

973 2033 1052 2077 gine
1078 2033 1214 2074 addito,
1239 2034 1281 2067 D.

1019 2077 1262 2125 διχοστατήσῃ
1282 2081 1296 2124 ]

973 2125 1072 2158 Vind.
1099 2125 1139 2158 F.

1024 2167 1084 2205 Ου’
1108 2169 1180 2215 γὰρ
1206 2164 1303 2226 οὖν]
1339 2168 1530 2215 ου’γαροῢν
1553 2171 1638 2205 Lob.

973 2217 1072 2251 Vind.
1096 2217 1169 2250 BD.
1213 2213 1260 2250 ου’
1285 2229 1354 2273 γαρ
1381 2217 1450 2251 ούν
1475 2218 1574 2251 Vind.
1598 2219 1640 2252 F.

1017 2274 1056 2307 γε
1079 2261 1178 2307 μὴν]
1203 2261 1274 2307 γὰρ
1299 2261 1346 2308 δὴ
1374 2265 1472 2297 Stob.
1499 2265 1569 2298 cod.
1597 2266 1638 2298 A.

1379 2077 1640 2124 ζυγοστατήσει

1021 2327 1249 2376 ἀπρέπειαν]
1289 2329 1519 2377 ἀπρέπειαν,
1545 2333 1637 2368 Mon.
1653 2341 1684 2382 C

973 2379 1014 2414 B.
1040 2379 1116 2411 Ald.
1140 2379 1220 2411 Bas.
1251 2379 1304 2412 ab.

1019 2422 1105 2479 και]
1133 2437 1198 2458 om.
1225 2425 1301 2458 Par.
1327 2424 1370 2458 Κ.

1022 2466 1093 2513 ἂν]
1119 2482 1157 2503 τε
1183 2467 1230 2503 ὃὶν
1253 2471 1352 2503 idem.

1020 2516 1235 2561 κολακείας]
1268 2516 1442 2556 κολακίας
1472 2516 1569 2551 Vind.
1594 2517 1637 2551 Ε.

975 2561 1067 2595 Flor.
1094 2563 1135 2595 R.

1020 2605 1196 2651 πένητες]
1245 2607 1320 2641 Ηο0
1350 2609 1396 2642 Α5
1399 2608 1465 2641 tius
1501 2607 1536 2641 in
1570 2619 1639 2642 sec.

975 2653 1027 2687 etl.
1054 2660 1132 2687 ante
1155 2654 1348 2693 κολακείας
1373 2653 1506 2700 posuit,
1532 2654 1641 2698 magis

976 2700 1077 2733 etiam
1095 2701 1314 2743 probaturus,
1340 2701 1369 2734 si
1394 2705 1472 2745 post
1497 2699 1641 2743 ι’σχουσι

975 2745 1170 2787 xeiiciatur3
1204 2745 1238 2779 in
1270 2746 1377 2779 tertia
1400 2758 1460 2780 suo
1485 2746 1558 2779 loco
1585 2758 1641 2780 re—

976 2791 1098 2837 liquit,
1144 2792 1205 2826 sed
1247 2791 1424 2826 delendum
1456 2791 1643 2835 iudicavit3
