1807 3219
446 135 785 178 CIVI'TAS
829 135 1032 177 LlB.V.
1063 137 1128 174 461
1437 133 1492 176 57

107 247 279 294 τούτων
309 249 466 304 ε’κγονα
494 249 664 292 παίδων
694 249 879 298 παῖδας,
922 245 995 290 καὶ
1037 245 1181 288 ἐκεῖνα
1216 238 1274 288 αὖ
1303 244 1496 293 ἐκείνους

108 315 315 367 πάππους
343 332 388 360 τε
417 317 485 360 καὶ
518 315 678 372 τηθάς,
727 314 780 358 τὰ
815 313 860 358 δ’
892 314 940 358 ἐν
970 313 1120 369 ἐκείνῳ
1160 317 1221 371 τῷ
1251 311 1395 369 χρόνῳ
1426 327 1497 367 γε-

107 385 292 442 γονότα,
321 384 369 428 ἐν
400 380 435 442 ᾧ
468 385 514 428 αἱ
543 381 722 440 μητέρες
752 383 826 426 καὶ
857 384 901 426 οἱ
927 381 1109 437 πατέρες
1133 379 1278 424 αὐτῶν
1297 380 1496 435 ἐγέννων,

109 453 304 510 ἀδελφάς
341 469 385 497 τε
425 452 498 497 καὶ
539 451 784 509 αδελφους,
832 450 964 502 ὥστε,
1007 447 1034 492 ὃ
1061 452 1146 491 νῦν
1187 449 1239 505 δὴ
1279 449 1497 504 ἐλέγομεν,
1529 453 1563 494 Ε

109 521 396 580 ἅλλήλωνμὴ
426 521 659 565 ἅπτεσθαι·
707 519 928 575 ἀδελφούς
967 517 1013 562 δὲ
1044 517 1119 561 καὶ
1149 514 1343 573 αδελφάς
1375 515 1503 561 δώσει

109 589 133 634 ὁ
164 590 303 645 νόμος
334 593 579 640 συνοικεῖν,
621 588 699 633 ἐοὶν
729 587 753 631 ὁ
784 591 946 644 κλῆρος
975 585 1112 643 ταύτῃ
1143 587 1384 644 ξυμπίπτῃ)
1428 588 1504 630 καὶ

108 657 137 716 ἡ
169 660 324 702 Πυθία
352 661 649 714 προσαναιρῇ.
705 655 973 711 Ὀρθότατα,
1004 650 1032 711 ἦ
1063 653 1106 699 δ’
1138 654 1201 707 ὃς.
1256 652 1316 697 Ἡ
1336 655 1416 710 μὲν
1448 653 1502 711 δὴ

109 728 347 779 κοινωνία,
389 721 691 778 ὦηΓλαύκων,
731 724 842 782 αὕτη
871 741 916 769 τε
948 724 1022 768 καὶ
1061 722 1242 780 τοιαύτη
1273 727 1500 780 γυναικών

109 812 154 840 τε
182 796 257 840 καὶ
284 797 453 839 παίδων
483 799 574 846 τοῖς
605 793 766 850 φύλαξί
797 806 868 837 σοι
896 796 972 850 τῆς
1001 791 1185 844 πόλεως·
1231 791 1291 844 ὥς
1323 792 1369 836 δὲ
1399 791 1502 836 ἑπο-

111 865 220 922 μένη
249 879 296 924 τε
323 867 376 921 τῇ
407 863 518 923 ἄλλῃ
549 863 746 921 πολιτείᾳ
787 863 862 907 καὶ
900 865 1054 921 μακρῷ
1086 862 1308 919 βελτίστη,
1351 863 1418 906 δεῖ
1447 860 1507 918 δὴ

159 1013 274 1059 υἱεῖς]
311 1013 534 1056 vzoiaesLob.
569 1013 670 1052 Vind.
703 1013 776 1050 BD.

113 1062 193 1097 vat.
217 1061 267 1096 M.

112 1171 146 1211 D
160 1127 217 1175 δὲ]
244 1143 308 1167 om.
333 1130 420 1167 Lob.
444 1133 523 1176 post
537 1128 660 1176 θήλεα
676 1130 776 1167 Vind.

159 1243 302 1290 θήλεα]
326 1242 462 1289 θήλεια
488 1244 590 1281 Vind.
613 1245 658 1280 F.
681 1245 777 1280 Flor.

112 1292 157 1328 R.
183 1290 330 1337 θήλαια
352 1293 434 1326 Bas.
458 1293 514 1326 ab.

160 1359 232 1406 δὴ]
277 1373 341 1397 om.
388 1359 489 1398 Vind.
527 1360 572 1396 F.
620 1363 708 1405 Ang.
739 1361 780 1396 Β.

113 1408 212 1442 Flor.
236 1408 281 1442 R.

116 1516 117 1519 Ἴ
161 1473 283 1511 ἐκεῖνα
307 1469 381 1531 av]
407 1472 541 1510 ἐκεῖνοι
565 1467 616 1510 αὐ
639 1476 724 1519 Ang.
738 1476 780 1511 B.

116 1520 259 1558 ἐκείνου
285 1535 334 1556 av
358 1523 437 1557 Par.
449 1523 491 1557 A.
515 1523 601 1558 Ven.
613 1523 654 1557 C.
678 1522 780 1557 Vind.

113 1570 160 1604 F.
184 1570 265 1604 Vat.
289 1561 334 1612 H.
358 1569 454 1603 Flor.
479 1569 552 1603 Ac.
576 1569 610 1602 in
630 1580 696 1613 quo
715 1580 779 1602 ve·-

115 1615 201 1649 teris
235 1609 426 1660 scriptume
461 1615 688 1649 EKEINA'I‘
718 1627 780 1648 ve-

117 1661 258 1708 stigium
275 1672 415 1695 cernere
427 1661 508 1694 mihi
519 1662 647 1696 videor.
673 1658 779 1695 ἐκεῖν’

116 1708 165 1742 αὐ
191 1707 346 1743 Parmen.
364 1719 396 1752 p.
415 1707 493 1747 154.
512 1708 556 1744 E.
581 1719 624 1741 ex
642 1707 781 1742 Coislin.

115 1754 294 1788 Bekkerus
316 1754 458 1798 recepit.

161 1797 309 1844 τηθὰς]
342 1799 398 1833 Ita
429 1800 508 1834 Par.
540 1800 581 1834 A.
614 1799 716 1834 Vind.
738 1798 783 1834 F.

117 1846 205 1890 Aug.
227 1847 269 1887 Β.
292 1846 392 1888 ΕἸοζ.
412 1845 455 1880 R.
479 1846 591 1884 πίθοις
616 1845 716 1881 Vind.
741 1846 784 1880 E.

120 1893 232 1931 τιθας
271 1903 346 1924 cum
377 1904 398 1925 τ
430 1903 533 1936 super
566 1893 596 1925 θ’
627 1893 716 1927 V.en
743 1891 784 1926 C.

119 1936 256 1977 τιτθὰς
286 1939 366 1972 Vat.
404 1938 448 1972 H.
493 1937 628 1977 τίτθας
660 1938 785 1982 reliqui

121 1996 197 2019 cum
230 1983 434 2017 editionibus
467 1988 546 2017 ante
579 1984 784 2019 Bekkerum.

120 2043 141 2065 τ
143 2028 244 2074 η’θας
274 2030 390 2064 Astius
421 2029 455 2063 in
487 2033 566 2065 tert.
591 2030 645 2064 ed.
668 2042 786 2075 quem-

121 2076 300 2119 admodum
332 2073 423 2121 apud
451 2076 689 2119 grammaticos
712 2077 786 2110 fere

120 2123 273 2177 legitur.
305 2122 467 2156 Timaeus
491 2134 527 2166 p.
547 2123 637 2156 256.
662 2119 776 2166 τήθη·

121 2168 456 2212 μαμμη.Βε1(Ιζει·ἰ
483 2168 598 2202 δικῶν
621 2172 785 2204 onomast.
841 2168 873 2201 Γ

122 2214 240 2248 anecd.
252 2207 312 2270 Ρ.
338 2215 424 2255 193,
454 2216 522 2269 33.
558 2212 680 2269 τήθη·
716 2225 787 2248 πα-

123 2272 212 2304 ῖρῡς
236 2272 259 2304 η
284 2271 423 2303 μηῖρθς
445 2259 588 2305 μήτηρ
619 2258 668 2304 ἣν
691 2272 787 2305 μαμ-

123 2317 197 2350 μην
220 2305 406 2340 καλοῦσιν.
428 2308 472 2341 cf.
496 2307 562 2340 lex.
586 2307 631 2340 ib.
657 2319 690 2360 p.
707 2309 788 2350 309,

124 2354 182 2387 29.
211 2351 363 2394 ΤΗΘΗ,
390 2353 491 2393 αυία,
515 2353 568 2385 bis
589 2353 721 2386 memini
740 2354 790 2387 le-

125 2409 208 2443 gere
230 2398 265 2431 in
287 2397 451 2430 Boeckhii
473 2378 632 2443 fnscript.
661 2400 691 2434 V
693 2401 736 2434 ol.
760 2400 789 2434 Ι.

125 2456 161 2491 Ρ.
186 2444 266 2479 685.
301 2455 334 2478 n.
360 2441 472 2484 1449,
508 2445 540 2479 8.
574 2447 610 2476 et
638 2456 672 2499 p.
709 2447 789 2481 915.

126 2502 161 2526 n.
184 2491 274 2532 558,
299 2489 333 2524 b.
357 2490 391 2525 3.
448 2489 532 2523 Inde
556 2486 636 2524 ἕπιτ
637 2489 738 2535 ἥθ’,η
761 2488 786 2536 ἦ

126 2533 246 2580 μήτηρ
271 2535 338 2579 τῆς
362 2531 530 2579 μάμμης,
554 2536 706 2570 Bekkeri
722 2517 788 2572 l'ex.

127 2583 246 2617 anecd.
279 2593 313 2627 p.
335 2581 426 2622 254,
460 2585 513 2617 10.
538 2585 573 2615 et
596 2583 687 2618 alibi.
735 2584 791 2619 Cf.

129 2639 214 2673 quos
237 2628 313 2662 Vol.
337 2627 367 2662 Ι.
398 2639 433 2672 Ρ.
458 2628 521 2670 56,
546 2639 578 2663 a.
609 2628 651 2661 de
683 2629 792 2664 altero

129 2674 184 2709 hic
207 2677 286 2708 ante
307 2674 501 2707 Bekkerum
521 2673 658 2718 vulgato
683 2675 792 2709 disse-

129 2722 245 2754 rentes
267 2719 423 2760 laudavi,
457 2719 517 2764 qui
540 2723 716 2754 accentum
738 2721 791 2757 in-

130 2766 287 2800 stabilem
310 2776 386 2800 esse
409 2765 543 2800 docent.
578 2765 701 2811 Itaque
725 2779 791 2803 non

132 2814 186 2847 est
207 2811 297 2858 quod
321 2811 428 2846 codici
450 2815 670 2858 repugnetur.

881 1010 1142 1069 δ’]δὲἮηᾶ.
1165 1012 1210 1070 F.

882 1061 921 1095 αἱ
945 1057 1114 1115 μητέρες
1121 1058 1184 1093 καὶ
1210 1055 1245 1092 οἳ
1261 1053 1417 1102 πατέρες
1434 1053 1501 1091 ocv’-

835 1107 931 1163 τῶν]
959 1107 995 1141 οἱ
1020 1104 1174 1150 πατέρες
1198 1103 1262 1138 καὶ
1289 1103 1329 1137 αι
1350 1101 1502 1148 μητέρες

890 1154 1008 1188 .Lo.b
1033 1154 1113 1187 Vat.
1132 1153 1173 1186 Β.
1199 1155 1234 1184 et
1257 1162 1278 1185 a
1301 1162 1345 1184 111.
1370 1163 1397 1185 s.
1416 1152 1502 1186 Ven.

835 1201 876 1235 B.
920 1199 956 1234 οἱ
980 1196 1137 1242 πατέρες
1169 1196 1232 1231 καὶ
1264 1194 1416 1241 μητέρες
1441 1192 1504 1230 αὖ.

835 1245 935 1282 Vind.
959 1246 1033 1279 BD.
1068 1247 1148 1280 V.at
1173 1244 1223 1278 Μ.
1265 1249 1386 1289 patres
1411 1244 1504 1288 ipso-

836 1304 912 1326 rum
946 1297 1139 1336 matresque
1171 1290 1249 1325 Fic.
1318 1286 1397 1323 Non
1433 1289 1505 1323 sine

837 1338 967 1372 rat10ne
990 1338 1088 1370 Plato
1126 1339 1162 1370 et
1195 1347 1298 1381 supra
1323 1336 1365 1370 Β.
1392 1339 1427 1369 et
1451 1335 1505 1368 hic

836 1387 963 1417 matres
987 1383 1095 1428 p1i0ri
1119 1383 1192 1416 loco
1226 1382 1379 1426 posuisse
1409 1382 1506 1415 vide—

837 1434 915 1470 tur,
954 1429 1079 1474 quippe
1121 1440 1264 1474 quarum
1305 1440 1346 1461 ex
1391 1431 1507 1461 aetate

837 1476 969 1522 potius,
1003 1487 1104 1520 quam
1134 1486 1176 1507 ex
1202 1480 1359 1519 patrmn,
1393 1477 1508 1507 utrum

838 1533 973 1557 sorores
1004 1525 1039 1554 et
1071 1523 1197 1554 fratres
1240 1532 1346 1554 necne
1380 1522 1508 1562 essent,

837 1567 1014 1602 diiudicari
1038 1567 1191 1601 deberet.

885 1609 932 1659 ὃ]
960 1625 1023 1647 om.
1050 1614 1130 1647 Bas.
1155 1614 1190 1647 b.

884 1682 1043 1727 κλῆρος]
1068 1681 1213 1727 πληρῶν
1236 1680 1324 1717 Lob.
1349 1681 1504 1719 Vind.B.
1536 1680 1570 1720 E

838 1730 919 1766 Vat.
943 1729 993 1764 M.

887 1797 1092 1842 ξυμπίπτῃ]
1112 1807 1221 1840 σνμπ.
1239 1797 1385 1830 Mon.B.
1409 1797 1506 1839 (Par.

842 1845 919 1879 DK.
945 1848 1031 1889 Ang.
1044 1845 1085 1878 B.
1106 1845 1184 1879 vat.
1197 1843 1281 1878 HM.
1300 1844 1397 1878 Flor.
1409 1843 1506 1888 UV.)

843 1891 917 1926 Ald.
942 1892 1023 1926 Bas.
1049 1891 1103 1924 ab.
1129 1890 1250 1935 steph.

888 1960 1124 2004 προσαναιρῇ
1136 1961 1148 2003 ]
1171 1957 1381 2003 προσανερῆ
1407 1958 1508 1992 Vind.

841 2007 1041 2090 gind,FIl‹¹().r‘
1073 2006 1214 2041 ACRT.
1263 2005 1512 2049 προσαναιρεῖ

885 2118 1124 2167 Ὀρθότατα]
1169 2117 1371 2166 ὁρθιότατα
1409 2118 1509 2156 Vind.

855 2176 864 2193 4

889 2210 937 2247 eH
967 2210 1032 2257 μὲν
1065 2210 1110 2257 δὴ
1138 2232 1185 2238 -
1208 2210 1314 2248 καλοί.
1346 2213 1425 2248 465.
1450 2213 1510 2256 E.]

847 2260 1019 2305 excerpsit
1043 2260 1211 2293 Stobaeus
1233 2272 1333 2294 serm.
1348 2259 1512 2293 XXXXI.

846 2319 881 2352 p.
905 2307 984 2341 255.
1009 2317 1084 2350 sqq.
1122 2305 1215 2339 cuius
1245 2311 1356 2340 tamen
1388 2306 1422 2338 in
1456 2317 1515 2338 co-

847 2354 921 2386 dice
938 2354 977 2386 A.
1004 2352 1120 2396 p1i01·a
1142 2363 1251 2397 usque
1275 2352 1319 2386 ad
1342 2348 1514 2395 μάλιστα,

847 2397 938 2453 ἔφη.
964 2397 1042 2433 462.
1069 2399 1110 2432 Α.
1136 2399 1269 2433 desunt.

893 2440 991 2487 αὕτη
1016 2455 1055 2478 τε
1078 2442 1163 2487 καὶ]
1189 2457 1253 2480 om.
1277 2444 1354 2479 Fic.

893 2503 944 2530 ως
969 2488 1024 2536 δε]
1049 2503 1112 2524 om.
1139 2490 1226 2525 Lob.
1251 2490 1352 2525 Vind.
1367 2490 1408 2524 B.
1432 2490 1514 2524 V.at

848 2537 928 2571 ΒΜ.
955 2537 1029 2570 ωδε
1052 2536 1152 2571 hnd
1176 2537 1220 2571 F.
1256 2537 1340 2571 Wen
1367 2536 1513 2570 C.Pa1-.

848 2583 926 2618 DK.
950 2583 1088 2617 secund.
1112 2583 1222 2617 Bekk.
1248 2583 1345 2616 Stob.
1377 2578 1448 2624 (ως
1473 2579 1513 2615 δὲ

848 2641 965 2673 margo
1006 2630 1114 2662 Gesn.
1159 2629 1249 2661 unde
1293 2628 1514 2662 Gaisfordius

847 2675 1008 2719 recepit.)
1035 2687 1086 2714 ως
1109 2671 1154 2717 δὴ
1183 2674 1284 2710 Vind.
1308 2674 1353 2709 E.

894 2721 1076 2766 βελτίστη]
1102 2719 1267 2766 βελτίστῃ
1285 2721 1384 2755 Stob.
1406 2720 1514 2755 Gesn.

848 2767 924 2803 Ald.
953 2768 1035 2801 Bas.
1061 2767 1116 2801 ab.

895 2812 974 2858 δεῖ]
1000 2808 1042 2847 δ’
1067 2810 1103 2847 εἰ
1123 2812 1224 2849 Vind.
1248 2811 1291 2848 F.
