1807 3219
459 167 490 208 G
509 167 529 209 l
548 169 586 210 V
608 169 628 210 l
648 169 746 209 TA
766 169 795 209 S
840 167 959 208 [ΑΒ.
986 165 1078 207 vn.
1104 169 1172 204 533

1451 171 1537 211 325

149 278 256 333 μὲν,
296 275 326 333 ἢ
355 277 506 335 δόξης,
545 277 851 336 ἀμυδροτέρου
882 277 952 331 δὲ,
991 277 1020 334 ἢ
1049 276 1300 332 ἐπιστήμης·
1332 277 1533 322 διάνοιαν

151 345 198 389 δὲ
228 343 368 401 αὐτὴν
395 347 442 389 ἔν
481 363 529 402 γε
562 351 624 406 τῷ
664 346 864 401 πρόσθεν
899 362 987 389 που
1019 343 1296 400 ὡρισάμεθα·

1353 347 1442 390 ἔστι
1473 347 1529 399 δ’,

152 430 212 465 ως
240 413 335 469 ἐμοὶ
365 417 508 479 douai?
560 414 615 459 οὐ
656 420 756 470 περὶ
798 413 1013 470 ὀνόματος
1052 411 1079 471 ἡ
1113 411 1436 471 ἀμφισβήτησις
1466 413 1533 468 οἷς

150 482 376 527 τοσούτων
411 482 513 539 πέρι
551 484 700 536 σκέψις
731 481 848 527 ὅσων
887 483 995 540 ἡμῖν
1036 481 1276 537 πρόκειται.

151 545 258 605 οὖν,
288 551 384 609 ἐᾞφη
443 551 633 608 Ἀρέσκει
663 569 770 605 ουν,
810 547 865 608 ἦν
895 551 938 597 δ’
971 551 1081 609 ἐγω,
1112 549 1261 606 ω’σπερ
1289 551 1339 595 τὸ
1376 551 1530 607 πρότε-

148 723 357 758 immutatum
403 726 464 757 aut
510 722 711 757 sententiam
747 735 814 757 non

147 770 296 814 ineptam
342 772 402 803 aut
446 770 632 803 orationem
671 769 814 803 Platone

147 816 286 860 dignam
307 816 435 850 habere
460 820 563 860 atque
587 815 663 860 ipsa
687 816 813 849 additio

147 862 192 896 ab
225 861 298 895 eius
330 861 573 896 consuetudine
616 862 812 902 abhorrere,

148 907 300 942 codicum
321 920 403 942 vero
426 908 613 941 auctoritas
638 920 703 941 non
723 907 812 942 omni

147 954 348 1000 exceptione
381 965 500 988 carere
524 954 723 994 videbatur,
756 956 810 988 fa-

147 1012 226 1035 cere
250 1012 316 1034 non
340 1000 446 1045 potui,
470 1000 551 1045 quin
575 1012 635 1045 pro
654 1000 808 1034 insiticiis

145 1047 338 1081 abiicerem.
410 1047 499 1080 Sunt
546 1050 658 1080 autem
701 1047 805 1079 haec:

146 1089 225 1126 ἀλλ’
252 1087 272 1127 ὃ
304 1089 418 1137 (ἄλλο
442 1093 522 1126 Bas.
548 1094 582 1127 b
607 1088 695 1126 ἄλλο
721 1093 806 1126 Lob.

145 1139 246 1175 Vind.
266 1138 308 1172 F.
333 1140 411 1174 Vat.
437 1139 517 1172 ΒΜ.
542 1140 627 1173 Ven.
653 1139 693 1172 C.
729 1139 807 1174 Par.

144 1185 208 1228 D.)
236 1180 284 1218 ἂν
307 1196 381 1227 μοι
384 1196 426 1218 ον
451 1185 561 1228 δηλοῖ
589 1180 683 1239 (ἒὶν
684 1182 805 1240 δήλου

143 1229 272 1285 μόνον
287 1231 367 1266 Par.
391 1231 434 1264 K.
461 1243 528 1264 sec.
554 1227 631 1276 Rip.
668 1226 715 1264 ἆν
741 1231 804 1274 δη-

147 1279 208 1312 λοῖ
222 1274 342 1320 μόνον
364 1289 432 1311 sec.
457 1277 585 1319 Bekk.)
611 1275 707 1319 πρὸς
736 1276 806 1320 τὴν

147 1321 222 1366 ἕξιν
249 1324 314 1367 (π.
336 1336 368 1357 τ.
396 1320 491 1364 λέξιν
516 1323 609 1357 Mon.
636 1324 676 1356 Β.
711 1323 805 1356 Flor.

146 1371 192 1405 U.
216 1370 327 1404 Bekk.
345 1369 487 1412 Stallb.)
513 1369 696 1426 σαφῃνεία
721 1370 806 1412 (om.

145 1416 237 1450 Flor.
247 1415 318 1449 AC.
337 1415 411 1449 Fic.
436 1413 624 1462 σαφηνοίᾳ
654 1415 750 1448 vind.
763 1416 806 1450 Ε.

146 1459 354 1507 σαφήνειαν
378 1462 478 1496 Vind.
494 1463 535 1496 Β.
560 1451 652 1495 Μοη.
666 1462 705 1494 C.
733 1463 806 1495 Ast.

145 1520 198 1554 pr.
235 1507 420 1564 σαφηνείᾳ
443 1509 555 1542 Bekk.
580 1508 723 1550 Stallb.)
751 1506 806 1541 λέ-

144 1566 199 1610 γει
224 1552 336 1599 (λέγει
361 1566 434 1588 011111
461 1567 493 1593 ις
517 1566 619 1598 super
639 1567 651 1587 ι
670 1554 749 1588 Par.
765 1555 804 1587 A.

145 1598 261 1645 λέγειν
286 1601 386 1634 Vind.
410 1601 517 1634 BEF.
542 1601 634 1634 Mon.
650 1600 691 1634 C.
715 1601 803 1655 Ang-

144 1648 185 1681 Β.
211 1648 291 1682 vat.
316 1647 361 1681 Η.
385 1647 479 1680 Flor.
493 1646 667 1680 ACRTV.
695 1644 806 1690 λόγου

143 1694 218 1727 Ast.
242 1704 295 1738 pr.
344 1688 365 1727 ὃ
386 1690 486 1736 λέγοι
517 1694 610 1749 1911011.
634 1693 674 1726 Β.
709 1693 805 1726 Flor.

143 1740 190 1773 U.
214 1739 323 1773 Bekk.
347 1739 490 1781 Stallb.)
515 1736 554 1773 ἐν
579 1736 635 1782 (ἐν
648 1739 692 1782 τῆ
709 1739 802 1772 Μοιι.

144 1786 206 1830 C.)
227 1791 303 1829 ’ψυχ
283 1785 340 1830 χῇ.
385 1785 443 1819 Ex
473 1784 525 1819 his
555 1785 645 1830 quod
668 1785 806 1818 Bekke-

141 1843 200 1866 rus
223 1831 405 1866 secundum
423 1831 516 1865 Mon.
536 1831 576 1866 Β.
600 1843 662 1876 pto
687 1831 804 1875 genui-

141 1890 197 1920 no,
222 1877 464 1912 Stallbaumius
488 1880 526 1910 ut
541 1878 708 1931 glossema
728 1889 803 1911 cum

141 1924 239 1958 uncis
273 1923 402 1965 edidit,
438 1920 516 1957 ἄλλ’
550 1921 572 1958 ὃ
601 1918 647 1956 ἂν
683 1921 802 1979 μόνον

143 1971 252 2014 δηλοῖ
265 1968 360 2026 πρὸς
375 1968 444 2013 τὴν
461 1969 557 2012 λέξιν
575 1970 758 2016 σαφηνείᾳ
779 1965 802 2004 ο“

143 2015 242 2060 λέγοι
271 2013 309 2050 ἐν
334 2016 434 2061 ψυχῇ
450 2042 458 2058 ,
495 2017 523 2050 si
555 2027 690 2050 sensum
712 2006 803 2050 illum

142 2064 259 2105 habet,
281 2074 381 2108 quem
397 2062 532 2096 videtur
550 2063 688 2104 habere,
704 2074 804 2107 quem

142 2089 473 2143 Schleiermacherus
496 2121 561 2142 non
594 2108 678 2141 satis
702 2120 804 2141 accu—

141 2158 219 2189 rate
247 2155 299 2188 ita
330 2155 494 2188 reddidit:
526 2156 673 2189 somiern
706 2167 804 2188 wenn

141 2202 233 2238 eines
263 2201 342 2245 (ein
376 2201 502 2245 Wort)
545 2213 610 2234 nur
638 2201 702 2234 das
732 2202 803 2234 be-

141 2248 310 2282 stimmt
333 2248 528 2282 bezeichnet
539 2250 606 2290 fiir
627 2247 693 2280 den
718 2248 803 2280 Vor-

140 2299 230 2339 trag
258 2305 332 2327 was
360 2305 440 2326 man
466 2295 519 2327 bei
545 2294 618 2326 sich
652 2294 800 2334 denkt,

142 2339 269 2384 aliquid
300 2339 464 2384 requirit,
511 2339 601 2384 quod
633 2339 662 2372 si
700 2338 802 2381 adsit,

142 2386 296 2431 profecto
340 2385 482 2430 amplius
515 2385 702 2418 desiderari
742 2397 801 2418 ne-

141 2435 256 2485 queat.
315 2431 417 2471 Quod
457 2431 545 2464 enim
582 2431 701 2464 melius
743 2434 802 2464 aut

141 2477 249 2522 magis
280 2479 468 2522 perfectum
500 2478 699 2512 vocabulum
725 2488 801 2511 esse

140 2527 276 2577 potest,
302 2535 403 2569 quam
423 2523 624 2578 σαφηνείᾳ,
654 2524 717 2557 hoc
735 2526 801 2564 est,

141 2569 322 2623 perspicue
346 2574 382 2603 et
405 2570 478 2604 sine
500 2570 568 2603 ulla
592 2559 800 2603 obscuritate

143 2616 328 2660 cogitatum
352 2615 574 2660 significans‘l
618 2616 666 2649 Et
688 2619 800 2649 tamen

142 2662 307 2696 Glauco‘
298 2673 332 2695 m
366 2662 430 2696 hoc
453 2674 491 2696 se
515 2663 726 2707 acquiescere
750 2662 802 2695 di-

142 2711 257 2750 ceret,
291 2708 391 2753 quasi
427 2708 576 2742 severior
607 2708 694 2741 alter
727 2707 802 2753 plus

141 2753 280 2798 exigere
310 2756 453 2799 posset?
496 2754 591 2788 Nihil
623 2753 731 2787 dicam
761 2754 803 2786 de

141 2802 285 2833 molesta
307 2801 497 2834 verborum
502 2797 596 2844 πρὸς
616 2798 686 2843 τὴν
705 2798 803 2841 λέξιν

143 2846 374 2889 abundantia,
407 2847 490 2881 nihil
522 2847 565 2881 de
595 2846 805 2880 incommoda

869 723 1025 757 dictionis
1047 721 1146 767 λέγοι
1163 722 1406 765 ambiguitate,
1429 734 1529 768 quam

869 769 1002 803 nescias
1034 774 1147 803 utrum
1181 770 1224 803 ad
1258 769 1378 812 ὄνομα
1409 781 1451 803 an
1486 770 1529 803 ad

867 816 1061 860 loquentem
1083 817 1232 849 referas:
1258 815 1427 849 sententia
1451 815 1530 849 mihi

868 866 938 895 tam
962 863 1090 896 absona
1112 862 1267 903 videtur,
1301 865 1339 895 ut
1371 873 1443 895 eam
1468 861 1529 895 vix

867 908 1104 953 interpolatori
1121 907 1295 949 mediocri,
1315 907 1436 941 nedum
1447 908 1529 942 Pla-

867 954 937 987 toni
963 954 1115 988 tribuere
1138 954 1292 988 audeam.
1330 954 1449 987 Paullo
1475 958 1527 987 to·
1587 961 1590 964 ⁴

865 1000 1091 1034 lerabiliorem
1129 1012 1172 1033 ex
1215 999 1451 1045 superscripta
1493 999 1527 1032 in

866 1046 946 1081 Par.
971 1048 1012 1081 A.
1036 1045 1181 1080 lectione
1205 1046 1362 1079 effeceris
1386 1057 1453 1078 una
1472 1046 1527 1079 lit—

864 1097 940 1126 tera
964 1093 1096 1126 adiecta
1129 1093 1281 1126 scribens
1317 1089 1391 1125 αλλ
1424 1087 1444 1126 ὃ
1478 1088 1525 1125 &v

863 1136 981 1182 μόνον
1014 1140 1126 1194 δῃλοῖ
1147 1137 1244 1195 πρὸς
1270 1151 1339 1183 την
1369 1135 1443 1179 ἕξιν
1462 1148 1525 1172 σα-

864 1197 973 1228 φηνει
977 1198 1000 1231 gx
1032 1198 1055 1218 α
1087 1183 1200 1228 λέγεις
1227 1183 1266 1218 ἐν
1296 1185 1421 1229 ψιχῇε
1465 1186 1525 1218 sed

862 1232 914 1274 (id
926 1221 1128 1276 req‘uirilnus
1144 1244 1203 1265 seu
1220 1231 1417 1275 [1101)ωηιι5)
1436 1232 1526 1274 quod

862 1279 1036 1311 duntaxat
1075 1289 1138 1321 pro
1176 1290 1290 1311 rerum
1330 1278 1526 1310 conditione

859 1325 1039 1368 perspicue
1066 1330 1232 1357 monstret
1249 1349 1258 1364 ‚
1295 1335 1382 1367 quae
1414 1329 1525 1356 tecum

863 1371 958 1414 apud
986 1371 1136 1403 animum
1165 1371 1328 1414 loquaris.
1362 1369 1415 1402 cui
1446 1380 1524 1402 sen-

862 1416 992 1449 tentiae
1009 1416 1147 1449 similem
1166 1416 1301 1449 Ficinus
1320 1415 1420 1449 fecit:
1442 1428 1523 1448 nam

863 1464 972 1495 solam
1000 1463 1144 1506 exigunt
1170 1464 1217 1496 ad
1237 1474 1347 1495 rernm
1368 1463 1523 1495 habitum

863 1509 992 1542 interni
1035 1514 1214 1552 conceptus
1267 1511 1524 1552 expressionem.

862 1566 1004 1598 eamque
1017 1554 1212 1598 Stephanus
1230 1554 1264 1587 in
1282 1565 1388 1597 marg.
1407 1557 1521 1586 osten-

863 1601 912 1634 dit
951 1600 1017 1634 sibi
1062 1601 1169 1634 videri
1200 1602 1262 1633 sub
1303 1600 1368 1633 illis
1402 1600 1522 1641 latere,

862 1658 950 1692 quae
972 1647 1061 1680 inter
1091 1645 1162 1690 ἔφη
1197 1652 1232 1679 et
1266 1643 1412 1690 ἀρέσκει
1445 1658 1519 1687 „ex

861 1696 930 1727 vet.
967 1693 1040 1726 cod.
1079 1693 1139 1726 sed
1179 1693 1339 1731 mendosa
1372 1692 1521 1725 afferun-

862 1742 955 1774 tu1·.“
1009 1738 1099 1772 Nam
1131 1739 1189 1784 qui
1223 1737 1319 1782 πρὸς
1348 1736 1419 1782 τὴν
1448 1735 1522 1780 ἕξιν

859 1785 908 1818 ita
932 1784 1078 1826 dixerit,
1101 1784 1131 1818 is
1156 1797 1285 1819 summa
1307 1789 1343 1818 et
1366 1785 1522 1818 absoluta

859 1831 1001 1865 remissa
1036 1830 1282 1876 perspicuitate
1319 1831 1521 1864 mediocrem

858 1878 1028 1922 quandam
1052 1882 1088 1910 et
1116 1877 1295 1911 relativam
1325 1877 1520 1921 postulave—

856 1924 924 1965 rit,
949 1935 1016 1968 qua
1039 1926 1217 1957 contentus
1239 1924 1358 1968 utique
1380 1935 1445 1956 non
1467 1935 1522 1956 se—

857 1970 1053 2004 verissimus
1069 1970 1123 2003 sit.
1149 1970 1218 2003 Sed
1235 1969 1407 2002 Platonem
1424 1967 1521 2013 πρὸς

857 2014 926 2060 τὴν
956 2013 1030 2057 ἕξιν
1055 2028 1094 2050 eo
1127 2027 1226 2049 sensu
1249 2016 1424 2059 posuisse,
1455 2027 1519 2048 non

857 2063 978 2096 saltem
1000 2062 1076 2096 τῶν
1101 2060 1328 2106 πραγμάτων
1351 2061 1521 2095 addidisse
1555 2089 1559 2091 .

858 2120 925 2142 non
949 2109 1071 2142 credo:
1119 2108 1286 2153 sequioris
1309 2108 1388 2142 aevi
1410 2109 1520 2141 lecto-

858 2167 932 2189 rem
978 2155 1112 2188 facilius
1160 2154 1311 2187 adducor
1349 2157 1389 2188 ut
1419 2154 1521 2188 nimia

857 2201 936 2243 illa,
970 2212 1070 2246 quam
1095 2201 1259 2234 Socrates
1282 2200 1519 2241 concessisset,

856 2246 992 2280 licentia
1024 2247 1189 2280 offensum
1230 2247 1316 2280 hanc
1355 2246 1520 2280 conditio-

858 2305 936 2326 nem
960 2292 1140 2338 scripsisse
1163 2296 1199 2326 et
1221 2289 1317 2337 πρὸς
1345 2291 1415 2336 τὴν
1443 2289 1519 2334 ἕξιν

858 2342 918 2373 aut
940 2340 1011 2377 ita.
1049 2343 1087 2372 ut
1109 2339 1262 2380 ostendi,
1305 2342 1383 2379 aut,
1423 2342 1519 2383 post-

858 2397 959 2431 quam
993 2382 1065 2427 ἕξις
1094 2385 1184 2418 idem
1228 2386 1318 2429 quod
1359 2383 1518 2427 δύναμις

857 2431 1052 2475 significare
1075 2432 1263 2476 coepisset,
1295 2443 1359 2476 pro
1389 2432 1518 2464 viribus

855 2477 1001 2521 intelligi
1023 2477 1170 2511 voluisse
1201 2478 1347 2512 credam.
1395 2477 1517 2510 Eidem

856 2524 939 2557 illud
974 2521 1091 2567 λέγειν
1117 2521 1156 2558 ἐν
1181 2524 1282 2569 ψυχῇ
1315 2535 1377 2568 pro
1413 2526 1517 2557 νοεῖν

856 2570 1110 2604 condonandum
1142 2576 1225 2615 puto
1246 2596 1255 2610 ‚
1300 2569 1391 2614 quod
1425 2573 1518 2603 certe

855 2617 889 2652 h.
910 2618 933 2649 l.
958 2628 1079 2661 parum
1112 2620 1227 2661 aptum
1261 2620 1324 2649 est.
1371 2616 1460 2649 Nam
1486 2615 1515 2649 si

856 2663 1095 2707 cogitationem
1123 2663 1256 2695 interna
1295 2661 1396 2695 animi
1437 2673 1516 2696 ora-

856 2709 950 2742 tione
976 2711 1131 2742 constare
1153 2708 1305 2742 volumus
1320 2732 1330 2749 ‚
1354 2707 1514 2752 quemad-

856 2755 990 2788 modum
1023 2754 1175 2788 Plotinus
1204 2754 1294 2788 Enn.
1325 2754 1353 2787 Ι.
1394 2754 1434 2786 L.
1469 2754 1515 2787 11.

858 2812 888 2834 c.
913 2803 947 2836 3.
970 2813 1005 2858 p.
1034 2802 1086 2835 13.
1110 2800 1154 2833 F.
1177 2798 1245 2834 τὸν
1271 2797 1310 2834 ἐν
1330 2800 1437 2844 φωνῇ
1457 2797 1516 2833 λό

858 2859 924 2891 γον
945 2846 1087 2890 μίμημα
1108 2846 1176 2880 τοῦ
1197 2843 1235 2880 ἐν
1257 2846 1372 2891 ψυχῇ,
1395 2845 1515 2891 etipse

1343 482 1407 526 Οὐ
1445 484 1529 564 γὰρ
1558 492 1593 533 Ε
