1807 3219
62 849 96 892 C

453 94 791 138 CIVITAS
835 91 957 134 LIB.
986 89 1063 133 VI.
1091 92 1160 129 493

107 210 277 260 καλῶν,
319 203 387 259 οἷς
423 208 469 252 δὲ
510 206 717 265 ἄχθοιτο,
756 204 901 252 κακοὶ,

1412 92 1494 132 173

945 202 1082 245 ἄλλον
1119 200 1165 244 δὲ
1206 200 1370 257 μηδένα
1403 201 1494 256 ἔχοι

107 276 244 333 λόγον
281 275 381 330 περὶ
427 275 599 330 αὐτῶν,
651 274 761 319 ἄλλα
799 272 1044 328 τάναγκαῖα
1081 271 1227 313 δίκαια
1265 273 1396 313 καλοῖ
1421 271 1495 313 καὶ

108 344 245 397 καλά,
285 344 365 401 τὴν
395 345 440 389 δὲ
471 349 552 388 τοῦ
583 342 828 401 ἀναγκαίου
872 342 947 385 καὶ
978 339 1152 395 ἀγαθοῦ
1184 335 1343 393 φύσιν,
1386 337 1497 381 ὅσον

36 428 104 463 473
117 412 314 469 διαφέρει
342 416 402 471 τῷ
433 412 539 466 ὄντι,
570 411 673 469 μήτε
697 408 902 467 ἑωρακώς
933 411 996 465 ε’ίη
1026 407 1132 464 μήτε
1163 405 1278 464 α’λλῳ
1309 405 1499 456 δυνατός

107 485 256 535 δεῖξαι.
289 485 490 533 τοιοῦτος
521 483 574 538 δὴ
607 481 695 534 ὠν,
727 479 836 534 πρός
865 477 996 530 Διὸς,
1036 474 1118 519 οὐκ
1152 474 1315 525 ἄτοπος
1344 473 1399 517 ἄν
1428 486 1498 518 σοι

108 554 232 596 δοκεῖ
258 548 372 595 εἶναι
401 550 654 608 παιδευτήςς
694 547 878 604 Ἕμοιγ’,
911 547 1009 601 ἔφη.

107 624 231 665 δοκεῖ
258 618 483 675 διαφέρειν
517 619 540 663 ὁ
569 619 648 675 τὴν
677 622 766 661 τῶν
794 619 970 659 πολλῶν
1001 614 1075 656 καὶ
1106 614 1444 655 παντοδαπων
1425 629 1496 664 bv-
1527 614 1566 655 D

1065 546 1131 586 H
1147 538 1231 586 οὖν
1260 560 1301 586 τι
1333 543 1496 586 τούτου

106 686 464 745 νιόντωνόργὴν
492 688 565 732 καὶ
585 686 749 745 ἡδονὰς
769 680 1138 738 κατανενοηκέναι
1167 682 1334 736 σοφίαν
1364 679 1499 738 ἡγού-

156 836 338 883 όνομοὶζοι
354 836 408 883 δὲ]
437 835 610 882 ὀνομάζει
627 835 667 872 δὲ
686 837 772 872 Lob.

108 886 211 922 Vind.
235 887 274 921 B.
309 887 394 921 Ven.
418 886 459 920 Β.
492 887 573 921 Vat.
598 886 647 920 Μ.
682 883 773 927 (nisi

106 934 197 967 forte
228 932 405 966 Bekkerus
449 933 616 967 Venetnm
649 942 774 984 perpe-

109 990 180 1013 ram
204 990 267 1023 pro
284 978 547 1020 Vindobonensi,
572 989 670 1033 quem
690 976 773 1010 omi—

109 1025 165 1067 sit,
177 1024 412 1080 s3gnificavit.)
439 1021 616 1067 ὀνομάζοι
635 1020 673 1057 τὲ
685 1025 773 1066 Ang.

109 1072 152 1106 Β.
175 1071 272 1104 Flor.
296 1071 340 1105 R.
374 1068 617 1113 ονομάζεται,
643 1082 662 1104 e
687 1082 740 1102 co
729 1081 776 1104 r.

112 1114 289 1160 ὄνομαζει
307 1114 366 1160 τὲ,
392 1117 493 1152 Vind.
512 1117 557 1152 F.

156 1183 283 1220 πάντα
327 1185 471 1229 ταῦτα]
513 1186 664 1230 -singula
700 1184 776 1218 Fic.

109 1233 232 1267 ταῦτα
263 1228 390 1266 πάντα
421 1231 508 1266 Lob.
544 1231 643 1265 Vind.
668 1231 777 1265 BEF.

112 1280 190 1314 vat.
213 1278 329 1312 BHM.
353 1279 439 1313 ven.
463 1279 504 1312 B.
528 1277 607 1312 Par.
620 1277 664 1311 K.
685 1279 774 1320 Ang.

110 1326 152 1361 Β.
176 1325 272 1359 Flor.
296 1324 471 1360 ACRTV.
495 1323 617 1359 Staxlb.
648 1320 774 1357 πάντα

110 1371 200 1406 haud
236 1370 337 1404 dubie
378 1370 516 1414 gravius
549 1371 582 1404 h.
618 1369 639 1404 Ι.
673 1381 774 1415 qualn

110 1418 253 1460 ταῦτα,
296 1420 417 1451 contra
461 1429 502 1451 ac
536 1416 650 1461 paullo
682 1419 773 1457 ante,

110 1464 169 1498 ubi
193 1463 314 1497 ταῦτα
336 1462 464 1496 merito*
480 1463 512 1496 in
539 1462 691 1496 omnibus
716 1474 774 1496 co-

111 1510 243 1544 dicibus
271 1509 416 1554 priorem
440 1508 548 1542 locum
567 1509 696 1551 tenuit,
722 1507 781 1553 qui

112 1557 167 1590 hic
192 1555 291 1590 alteri
314 1559 408 1589 recte
445 1555 479 1588 in
503 1555 584 1590 Par.
607 1556 650 1590 A.
664 1554 780 1590 *Mon.

113 1603 153 1638 B.
178 1604 266 1639 Ven.
293 1601 333 1636 C.
357 1601 437 1636 Par.
460 1601 503 1636 D.
521 1601 616 1636 Flor.
637 1601 684 1636 U.
709 1601 780 1634 edi-

114 1649 230 1694 tisque
255 1647 396 1692 reliquis
421 1647 626 1692 assignatur.
650 1648 781 1681 Sensus

115 1695 204 1730 enim
251 1706 317 1728 non
363 1693 416 1737 is,
465 1705 564 1739 quem
611 1693 782 1728 Matthiae

115 1753 150 1787 p.
166 1742 266 1776 1168.
292 1744 326 1773 et
349 1740 591 1774 Stallbaumius
615 1743 781 1781 statuunt,

116 1799 218 1830 quem
251 1786 329 1820 alibi
363 1785 468 1820 dictio
511 1782 707 1827 ὄνομαζειν
745 1798 782 1819 τι

116 1831 178 1868 ἐπί
198 1845 271 1867 τινι
299 1832 426 1874 habet,
462 1832 521 1865 sed
544 1833 599 1866 hic
622 1832 780 1866 videtur.

117 1881 268 1914 omnibus
299 1879 353 1912 his
378 1880 570 1912 nominibus
601 1880 783 1913 secundum

115 1927 240 1979 magni
272 1926 433 1959 animalis
466 1926 641 1969 opiniones
666 1930 782 1958 utere-

118 1978 193 2013 tur,
229 1971 277 2005 ita
305 1976 344 2004 ut
368 1970 417 2005 eis
449 1977 546 2004 utens
580 1975 672 2004 totus
697 1982 782 2015 pen-

118 2018 216 2052 deret
239 2018 281 2051 ab
304 2016 382 2074 is‚tis
406 2016 639 2067 opinionibus·
630 2043 640 2060 ‚
665 2028 781 2062 quem-

118 2064 296 2098 admodum
319 2060 382 2098 ἐπί
411 2075 483 2097 τινι
512 2074 608 2098 ειναι
631 2066 667 2097 et
689 2063 782 2097 simi-

117 2110 164 2145 lia
185 2110 354 2146 dicuntur.

165 2178 311 2222 χαίροι]
346 2177 465 2222 χαίρει
486 2178 574 2214 Lob.
611 2177 714 2212 Vind.
738 2178 783 2214 F.

121 2225 207 2260 Ven.
233 2225 274 2259 C.
298 2225 377 2259 Par.
401 2225 446 2259 Κ.
470 2226 552 2260 vat.
576 2224 661 2258 HM.
685 2223 785 2259 Flor.

123 2271 262 2305 ACRT.
308 2270 349 2304 In
372 2270 475 2305 Vind.
499 2271 540 2313 B.
564 2270 687 2315 χαίροι
710 2281 785 2305 cum

121 2329 211 2351 corr.
236 2316 271 2350 in
296 2328 316 2351 ο
340 2316 503 2362 seriptum
526 2322 592 2351 est.

169 2382 311 2429 ἐκεῖνο]
350 2382 472 2419 ἐκεῖνα
503 2385 599 2420 Flor.
630 2384 705 2420 AC.
740 2387 786 2426 et,

125 2434 290 2466 commate
312 2431 524 2477 anteposito,
547 2431 648 2467 Vind.
671 2431 716 2466 Ε.

170 2496 315 2544 ἀγαθὰ]
343 2496 494 2555 ἀγαθὸν
517 2500 598 2536 Vat.
619 2500 661 2535 B.
686 2499 787 2535 Vind.

122 2546 169 2582 F.
192 2551 248 2588 et,
272 2558 348 2603 sup.
371 2543 419 2587 ἅ,
443 2545 529 2580 Lob.

170 2589 268 2648 ἔχοι]
297 2590 369 2635 εχει
391 2591 491 2628 Vind.
514 2592 559 2626 F.
583 2591 678 2626 Flor.
707 2591 787 2628 ΒΤ.

169 2635 400 2682 ταναγκαῖα]
427 2635 657 2682 τοίνανγκαῖα
678 2637 754 2673 Ald.

159 2685 295 2738 καλοῖ]
322 2684 453 2728 καλοίη
479 2685 579 2720 Vind.
603 2684 643 2719 B.
685 2685 790 2718 καλεῖ

126 2728 226 2765 vind.
250 2731 295 2765 F.
325 2731 406 2766 vat.
430 2730 480 2766 Μ.
517 2731 611 2765 Flor.
638 2730 716 2766 RT.
740 2734 787 2772 et,

125 2786 202 2822 sup.
226 2778 285 2820 οῖ,
309 2776 390 2812 Par.
413 2776 458 2811 K.

875 835 928 880 τῷ
950 829 1052 878 ὄντι]
1078 830 1213 867 nodva
1237 832 1337 868 Vind.
1363 832 1406 867 E.

877 870 996 926 α’λλῳ]
1025 882 1104 914 aliis
1127 880 1202 913 Fic.

877 925 1061 970 δυνατὸς]
1087 923 1252 959 δυνατὸν
1275 924 1356 959 Bas.
1380 925 1413 959 b.

877 996 1032 1040 δεῖξαι.]
1068 994 1204 1036 δεῖξαι·
1229 993 1359 1027 Astins.
1406 984 1499 1026 Mat-

834 1043 927 1077 thiae
952 1054 1092 1087 gramm.
1119 1053 1153 1086 p.
1182 1041 1282 1074 1017.
1308 1039 1412 1073 etiam
1436 1038 1499 1072 mi·-

832 1102 916 1123 nore
940 1101 1014 1123 cnm
1044 1086 1316 1133 interpunctione
1341 1086 1425 1119 haec
1449 1084 1500 1118 le-

832 1148 914 1191 gme
938 1135 1082 1168 videtur.

881 1178 958 1225 ὦν]
987 1193 1031 1215 ον
1056 1179 1156 1215 Vind.
1176 1178 1219 1214 F.

881 1251 964 1284 δοκε
957 1251 1003 1294 ἴ]
1051 1249 1107 1283 Ita
1139 1249 1218 1283 Par
1255 1248 1297 1282 A.
1335 1247 1434 1282 Vind.
1458 1246 1500 1281 F.

832 1298 924 1331 Mon.
948 1297 989 1330 B.
1030 1297 1117 1338 Aug.
1146 1296 1186 1327 Β.
1221 1296 1301 1329 Vat.
1325 1295 1369 1327 H.
1406 1293 1500 1326 Flor.

831 1343 1038 1377 ACRTUV.
1086 1341 1266 1375 Bekkerns
1300 1344 1336 1374 et
1370 1340 1402 1373 in
1444 1350 1501 1384 pr.

832 1390 955 1424 Stallb.
983 1388 1073 1433 δοκῇ
1101 1387 1222 1432 reliqui
1248 1387 1383 1420 codices
1408 1385 1500 1419 Bek-

832 1436 928 1477 keri,
954 1400 1167 1469 Lob.nVi11d.
1182 1434 1219 1468 B.
1244 1433 1320 1468 Ald.
1344 1434 1425 1466 Bas.
1444 1433 1500 1466 ab.

836 1483 956 1527 Steph.
982 1481 1056 1515 Ast.
1079 1491 1132 1525 pr.
1177 1479 1308 1523 δοκοίη
1334 1481 1407 1513 Ast.
1431 1489 1502 1516 sec.

837 1529 1003 1574 ptobante
1036 1526 1229 1560 Matthiaeo
1260 1526 1282 1559 l.
1315 1537 1345 1559 c.
1395 1520 1507 1558 δοκοῖ·

837 1575 940 1609 Vind.
976 1575 1019 1608 Ε.
1054 1574 1127 1606 Ast.
1162 1576 1243 1606 tert.
1277 1571 1400 1606 Stallb.
1432 1582 1502 1605 sec.

836 1622 1009 1655 videbitur
1031 1619 1107 1654 Fic.
1144 1618 1199 1652 Cf.
1225 1618 1264 1651 L.
1275 1617 1361 1651 IIII.
1378 1629 1412 1662 p.
1422 1617 1502 1652 422.

836 1669 887 1702 Β.
914 1664 964 1706 εἷς
983 1664 1125 1709 πύκτης
1144 1677 1195 1704 ως
1215 1661 1298 1698 οἷόν
1323 1675 1363 1697 τε
1383 1661 1504 1697 κάλλι-

838 1724 907 1748 στα
935 1711 994 1747 ἐπὶ
1022 1712 1135 1746 τοῦτο
1161 1707 1505 1765 παρεσκευασμένος

837 1760 947 1795 δυοῖν
963 1756 1011 1814 μή
1034 1755 1215 1812 πύκταιν,
1244 1756 1438 1790 πλουσίοιν
1462 1755 1505 1789 δὲ

838 1805 901 1840 καὶ
932 1803 1082 1839 πιόνοιν
1119 1816 1188 1838 ουκ
1221 1798 1268 1836 ἂν
1306 1803 1411 1837 δοκεῖ
1446 1812 1505 1836 σοι

840 1851 980 1906 ῥᾳδίως
996 1845 1205 1895 μάχεσθαις
1231 1861 1297 1895 quo
1321 1849 1395 1882 loco
1419 1848 1504 1882 item

839 1888 931 1944 δοκῇ
957 1898 991 1931 in
1014 1902 1116 1951 parte
1141 1896 1292 1930 codicum
1312 1898 1347 1929 et
1370 1895 1405 1929 in
1430 1894 1504 1928 edi-

838 1946 986 1979 tionibus
1017 1943 1164 1998 antiquis
1197 1942 1344 1986 legitur,
1392 1953 1505 1986 neque

838 1990 1081 2026 Stallbatunius
1129 1984 1176 2022 ὃὶν
1218 1988 1261 2022 ad
1302 1987 1505 2021 infinitivum

838 2038 1010 2083 pertinere
1033 2047 1097 2069 non
1122 2035 1227 2076 vidit,
1260 2034 1351 2079 quod
1376 2038 1504 2075 nostro,

839 2084 934 2118 cuius
977 2093 1118 2128 prorsus
1167 2081 1283 2116 eadem
1316 2081 1406 2115 ratio
1439 2084 1506 2121 est,

838 2133 953 2175 negat.

879 2194 1044 2253 ’Έμοιγ’]
1071 2194 1192 2241 ε’μοιγε
1215 2196 1302 2232 Lob.
1326 2195 1427 2230 Vind.
1441 2195 1483 2230 B.

881 2239 991 2298 5H]
975 2257 998 2289 η
1025 2243 1125 2278 Vind.
1150 2243 1226 2278 EF.

888 2284 980 2336 οὖν]
1009 2302 1072 2325 om.
1097 2289 1175 2325 Fic.

887 2338 945 2381 τι]
971 2336 1007 2370 τί
1031 2336 1129 2371 Vind.
1154 2336 1197 2370 Ε.
1222 2346 1287 2369 om.
1316 2332 1414 2368 Vind.
1438 2331 1483 2367 F.

888 2381 1047 2427 τούτου]
1084 2382 1222 2426 τοῦτο,
1253 2393 1274 2415 a
1297 2391 1342 2415 m.
1366 2391 1394 2415 s,
1418 2375 1507 2413 τού-

842 2442 916 2474 τω,
940 2429 1041 2465 Vind.
1065 2429 1107 2464 F.

892 2495 936 2543 ὁ]
962 2494 983 2533 ὃ
1007 2498 1108 2534 Vind.
1129 2497 1176 2531 Ε.
1223 2496 1316 2530 Idem
1349 2493 1383 2528 in
1409 2493 1509 2528 Vind.

843 2545 889 2579 F.
923 2550 1003 2579 ante
1035 2545 1173 2577 lituram
1208 2543 1315 2576 fuisse
1362 2540 1509 2574 videtur.

847 2587 909 2626 ὅτι
931 2591 1018 2626 Lob.
1043 2590 1147 2625 Vind.
1170 2590 1212 2624 B.
1237 2588 1316 2622 Par.
1328 2586 1404 2621 DK.
1429 2587 1511 2621 Vat.

844 2638 894 2672 M.
919 2641 955 2670 et
987 2649 1007 2670 a
1039 2648 1081 2670 m.
1107 2648 1159 2681 pr.
1187 2636 1267 2668 Vat.
1291 2634 1331 2667 B.
1358 2632 1510 2667 Ven.fC.

847 2680 867 2718 ὁ
889 2682 932 2718 τὸ
958 2683 1050 2718 Mon.
1075 2683 1115 2717 B.
1146 2682 1239 2716 Flor.
1262 2680 1307 2714 U.
1341 2682 1376 2712 et
1410 2691 1432 2713 a
1463 2689 1509 2713 m.

845 2741 874 2764 s.
900 2730 978 2763 vat.
1002 2730 1043 2763 B.
1070 2724 1172 2767 ὅστις
1194 2738 1312 2770 margo
1335 2725 1415 2759 Par.
1441 2724 1484 2760 D.

893 2774 1051 2819 σοφίαν]
1080 2773 1216 2818 σοφίας
1240 2773 1334 2808 Mon.
1357 2772 1398 2806 B.
