1807 3219
299 139 385 180 256

736 134 1239 180 ‘PLATONIS

205 251 266 294 ’Β
299 248 529 301 θεάσαιτο,
562 248 852 306 προσβλέπων
886 247 936 292 τὸ
974 251 1065 291 τῶν
1105 245 1279 301 ἄστρων
1318 262 1363 290 τε
1399 247 1473 290 καὶ
1504 246 1688 306 σελήνης

300 320 423 373 φῶς,
466 315 495 372 ἦ
534 316 639 371 μεθ’
669 316 840 374 ἡμέραν
879 315 958 360 τὸν
1000 314 1123 373 ἥλιόν
1162 332 1208 359 τε
1243 315 1319 358 καὶ
1348 313 1398 358 τό
1432 319 1515 359 τοῦ
1543 314 1685 372 ἡλίου.

301 389 405 436 Πῶς
436 383 479 429 δ’
512 385 586 435 οὕς
639 389 898 429 Τελευταῖον
927 383 1003 440 δὴ,
1052 382 1197 440 οἶμαι,
1237 382 1316 427 τόν
1354 382 1484 439 ἥλιον
1525 383 1610 428 οὐκ
1639 385 1687 428 έν

298 452 462 497 ὕδασιν
492 451 590 496 οὐδ’
623 452 670 496 έν
702 450 910 510 ἀλλοτρίᾳ
939 452 1046 509 ἕδρα
1076 451 1368 508 φαντάσματα
1399 450 1561 504 αὐτοῦ,
1593 451 1684 497 ἄλλ’

300 521 439 566 αὐτὸν
472 519 582 565 καθ’
616 520 754 564 αὐτόν
784 521 831 564 ἐν
860 525 915 579 τῇ
948 522 1088 565 αὑτοῦ
1120 520 1241 578 χώρᾳ
1271 517 1445 564 δύναιτ’
1479 520 1537 564 ἂν
1566 538 1687 565 κατι-

300 592 394 634 δεῖν
423 589 497 632 καὶ
528 587 799 642 θεάσασθαί,
827 587 920 642 οἶός
951 591 1079 635 ἐστιν.

1136 589 1394 645 Ἀναγκαῖον
1407 622 1419 642 ,
1450 589 1547 647 ἔφη.
1597 590 1687 633 Καὶ

300 657 406 715 μετοέ
439 655 563 701 ταῦτ’
598 656 654 700 ἄν
683 655 766 713 ἤδη
799 661 1097 715 συλλογίζοιτο
1127 658 1226 713 περὶ
1259 657 1419 711 αὐτοῦ,
1449 656 1518 702 ὅτι
1554 657 1688 710 αὐτὸς

300 727 325 772 ὁ
356 726 433 778 τοὶς
462 742 507 770 τε
541 723 658 779 ὥρας
690 727 892 781 παρέχων
930 728 1003 770 καὶ
1042 724 1272 777 ἐνιαυτοὺς
1310 727 1385 769 καὶ
1424 723 1568 769 πάντα
1596 725 1688 769 έπι-

300 794 529 850 τροπεύων
568 793 621 836 τά
660 793 708 838 έν
742 798 805 852 τῷ
851 793 1061 854 ὁρωμένῳ
1103 793 1223 852 τόπῳ
1264 794 1338 837 καὶ
1378 793 1578 844 ἐκείνων,

1625 789 1689 837 ὦν

242 869 276 911 C
307 869 430 920 σφεῖς
459 862 631 919 ἑώρων,
661 862 831 918 τρόπον
859 862 958 906 τινὰ
986 863 1164 907 πάντων
1195 864 1345 914 αἴτιος.
1374 866 1554 918 Δῆλον,
1587 862 1688 918 ἔφη,

243 1240 281 1282 Β

304 932 372 978 ὅτι
411 932 481 976 ἐπὶ
524 935 663 975 ταῦτα
704 930 759 974 ἂν
798 930 884 988 μετ’
915 931 1058 975 ἐκεῖνα
1087 930 1220 975 ἔλθοι.

1288 932 1339 973 Τί
1376 925 1484 981 oiim
1531 929 1689 985 ἀναμι-

303 1000 613 1060 μνησκόμενον
651 997 788 1044 αὐτὸν
824 1002 902 1056 τῆς
937 998 1114 1057 πρώτης
1154 997 1361 1056 οἰκήσεως
1399 999 1472 1043 καὶ
1500 1003 1576 1056 τῆς
1604 998 1694 1043 ἐκεῖ

355 1147 529 1194 ἄστρων]
571 1147 738 1193 ἀστέρων
778 1148 879 1186 Vind.
925 1149 970 1184 F.

306 1198 394 1242 Ang.
418 1198 459 1232 Β.
485 1196 576 1231 Flor.
603 1197 646 1231 R.

354 1210 528 1288 σελήνης]
556 1241 718 1286 σεληνῶν
741 1241 860 1275 Iambl.
874 1240 970 1274 codd.

307 1290 381 1324 Ciz.
408 1294 443 1323 et
466 1290 575 1323 Paris.
619 1290 686 1332 τῆς
716 1285 870 1332 σελήνης
893 1288 971 1321 Par.

304 1337 349 1371 K.
374 1340 409 1369 et
432 1335 559 1370 Astius.
608 1335 662 1368 Cf.
692 1334 763 1368 Vol.
788 1335 815 1369 Ι.
840 1346 873 1379 p.
892 1334 972 1376 435,

305 1395 337 1417 a.
363 1387 450 1415 extr.
486 1385 522 1415 et
554 1394 574 1415 a
598 1380 820 1415 Stallbaumio
854 1380 974 1413 lauda-

305 1433 360 1462 tus
395 1428 488 1461 locus
522 1427 621 1462 ΡοΙίΙ.
657 1439 691 1472 p.
716 1428 794 1461 271.
820 1427 868 1460 C:
901 1423 972 1469 τὴν

305 1486 372 1518 μεν
390 1472 460 1518 γὰρ
485 1473 562 1508 τῶν
576 1470 722 1517 ἄστρων
733 1484 772 1507 τε
789 1485 852 1506 και
862 1469 972 1516 ηλιου

305 1517 526 1576 μεταβολην.

354 1563 439 1623 μεθ’
457 1563 623 1621 ημέραν]
648 1565 784 1608 μεθημ.
810 1564 904 1598 Mon.
931 1564 972 1599 C.

310 1610 384 1647 μετ’
403 1609 545 1667 ήμεραν
568 1611 688 1645 Iambl.
701 1612 753 1644 ed.
770 1623 822 1657 pr.
846 1611 928 1645 Bas.
939 1622 970 1644 a.

355 1670 396 1693 τε
413 1671 476 1692 και
496 1655 566 1710 τὸ]
592 1656 656 1691 καὶ
682 1657 775 1690 Flor.
802 1657 880 1691 RT.

355 1702 484 1750 ἡλίου]
509 1702 551 1739 τὸ
576 1703 659 1747 φῶς
682 1703 812 1737 addunt
833 1705 919 1746 Ang
931 1702 973 1735 Β.

310 1752 405 1786 Flor.
430 1751 508 1785 RT.
559 1750 615 1785 Cf.
649 1750 725 1786 Vol.
760 1749 790 1784 Ι.
823 1761 859 1795 Ρ.
894 1750 976 1791 366,

311 1810 344 1833 a.
363 1798 408 1832 in.

359 1839 499 1883 110396’
523 1854 591 1876 ov·
581 1843 658 1886 ,]ο
698 1841 850 1876 .I.ambl

359 1886 627 1934 δή]δὲΜοῐι.
661 1888 830 1924 B.F10r.
862 1887 977 1921 U.-

312 1936 453 1970 Proclus
483 1935 518 1969 in
543 1935 616 1969 Civ.
642 1947 674 1980 p.
700 1935 780 1969 432.
806 1937 893 1967 extr.
920 1943 978 1966 τε-

313 1979 486 2016 λευταῖόν
515 1991 604 2037 φησι
624 1982 703 2015 δεῖν
725 1978 764 2015 ἐν
782 1980 834 2027 τῷ
855 1976 980 2024 ὁρατῷ

314 2026 384 2063 τὸν
393 2025 509 2084 ἥλιον
533 2025 640 2073 ὁρᾷν.

315 2121 337 2155 d
361 2087 430 2155 τεν
452 2071 582 2120 ἥλιον]
620 2075 730 2118 vulgo
768 2083 897 2106 comma
921 2071 982 2105 ad-

338 2133 383 2155 un

361 2164 468 2210 ουδ’]
495 2163 571 2200 ἀλλ’
595 2165 696 2201 Vind.
716 2165 760 2199 E.

361 2211 472 2257 ἕδρα]
518 2225 583 2248 om.
617 2212 710 2246 Mon.
746 2211 787 2245 C.
831 2211 910 2244 vat.
935 2209 983 2244 H.

315 2259 401 2293 Eius
434 2249 528 2293 iocus
566 2258 602 2292 in
645 2257 745 2292 Vind.
779 2257 821 2291 B.
853 2267 983 2291 vacuus

317 2309 382 2339 est.
594 2325 600 2329 „

363 2347 452 2385 καθ’
483 2346 624 2394 αυτὸν]
654 2346 850 2384 καθαυτὸν
882 2347 984 2383 Vind.

320 2424 516 2523 ..mg
563 2487 850 2532 ..

323 2535 397 2568 Ciz.
424 2535 499 2570 Ald.
524 2536 605 2570 Bas.
630 2536 684 2568 ab.
708 2532 797 2578 quod
833 2544 902 2567 non
934 2533 988 2566 vi-

322 2581 447 2615 tiosum
471 2585 533 2616 est.
582 2577 679 2624 αντῆ
703 2581 784 2614 Par.
808 2579 853 2613 K.

369 2627 558 2683 κατιδεῖν]
583 2625 647 2660 καὶ
665 2625 829 2660 κατιδεῖν
852 2626 934 2660 Vat.
945 2625 987 2659 B.

372 2670 466 2717 οἶός]
493 2671 576 2712 οἰός
606 2684 645 2707 τε
669 2671 787 2706 Iambl.
813 2671 887 2705 cod.
913 2671 986 2706 Ciz.

324 2719 508 2753 secundum
536 2731 635 2764 quem
657 2717 882 2762 Kiesslingius
907 2714 988 2757 οἷός

346 2761 553 2806 'exhibuit‚
585 2765 674 2810 quod
710 2764 813 2800 multo
837 2763 988 2798 deterius

326 2811 463 2856 vulgato
481 2816 546 2845 est.

1073 1147 1192 1206 ἐστιν]
1220 1146 1316 1183 ἔστιν
1340 1149 1441 1184 Vind.
1465 1149 1508 1182 F.

1073 1193 1302 1239 Ἀναγκαῖον,
1330 1192 1438 1240 ἔφη]
1473 1207 1539 1229 om.
1571 1195 1691 1230 Iambl.

1029 1238 1245 1296 (Ἇαγκαῖον
1270 1242 1364 1298 Am.)

1075 1285 1166 1331 μετὰ
1185 1285 1290 1321 ταῦτ’
1311 1283 1380 1331 α’ν]
1406 1298 1498 1330 μετα
1517 1283 1623 1320 ταῦτ’
1645 1282 1693 1319 &v

1028 1334 1114 1369 Lob.
1139 1334 1238 1369 Vind.
1263 1334 1305 1368 E.
1330 1334 1426 1368 Mon.
1435 1334 1475 1367 B.
1500 1331 1694 1389 μετὰ-ταῦ-

1028 1393 1076 1414 τα
1103 1380 1202 1413 Vind.
1228 1381 1267 1414 F.
1317 1380 1432 1413 Etiam
1463 1381 1550 1424 Ang.
1575 1380 1618 1413 B.
1645 1374 1694 1413 ἂν

1029 1427 1166 1461 omittit.

1077 1469 1218 1516 αὐτὸς]
1246 1472 1301 1506 Ita
1323 1472 1403 1507 Par.
1426 1472 1468 1505 A.
1494 1471 1594 1507 Vind.
1619 1471 1693 1505 BE.

1029 1519 1122 1553 Mon.
1159 1518 1198 1552 C
1230 1520 1310 1553 Vat.
1343 1518 1388 1553 H.
1427 1518 1522 1552 Flor.
1554 1517 1694 1553 ACTV.

1032 1562 1052 1599 ὁ
1074 1564 1246 1604 τοιοῦτος
1276 1565 1394 1600 Iambl.
1417 1565 1490 1598 cod.
1514 1564 1622 1598 Paris.
1648 1566 1695 1605 et,

1031 1611 1154 1644 omisso
1182 1607 1264 1654 ὅτι,
1291 1611 1510 1644 Arcerianus.
1557 1589 1696 1664 Reliqui

1031 1657 1166 1691 codices
1191 1662 1227 1690 et
1250 1657 1411 1691 editiones
1443 1668 1558 1691 omnes
1583 1655 1696 1695 οὗτος

1032 1703 1213 1744 exhibent,
1258 1703 1348 1748 quod
1378 1703 1534 1747 ingratae
1565 1702 1697 1736 scilicet

1030 1748 1243 1794 repetitionis
1276 1749 1455 1783 evitandae
1488 1760 1610 1783 caussa
1641 1749 1697 1782 fa-

1033 1801 1124 1829 ctum
1164 1795 1313 1830 videtur.
1382 1796 1453 1830 Sed
1495 1795 1545 1829 ita
1565 1805 1695 1852 ”supra

1033 1842 1075 1875 L.
1110 1843 1152 1877 V.
1189 1853 1222 1886 p.
1247 1842 1328 1876 462.
1364 1842 1414 1875 E:
1453 1836 1534 1896 ω’ρα
1561 1836 1608 1874 ἂν
1616 1839 1694 1896 εἰη

1035 1884 1228 1921 ἐπανιέναι
1244 1885 1331 1942 ἡμῖν
1349 1885 1408 1922 ἐπὶ
1426 1885 1494 1942 τήν
1510 1883 1696 1942 ἡμετέραν

1035 1931 1144 1968 πόλιν
1171 1932 1235 1967 καὶ
1257 1931 1305 1968 τιὲ
1333 1935 1401 1968 τοῦ
1424 1933 1537 1977 λόγου
1564 1929 1695 1987 ὁμολο-

1036 1977 1182 2035 γήματα
1202 1983 1352 2014 σκοπεῖν
1372 1977 1410 2014 ἐν
1430 1978 1527 2025 αὐτῇ
1539 2005 1548 2023 ,
1581 1979 1616 2013 εἰ
1629 1975 1694 2012 αὖ·

1037 2024 1081 2070 m}
1111 2024 1252 2070 μάλιστ
1282 2024 1374 2070 ε’,χει
1416 2026 1489 2060 εἶτε
1514 2024 1578 2059 καὶ
1605 2020 1695 2068 αλλη

1038 2084 1094 2111 τις
1123 2073 1273 2115 μᾶλλον.
1310 2084 1376 2118 quo
1409 2073 1482 2105 loco
1521 2072 1700 2105 Bekkerus

1040 2115 1135 2162 αὕτη
1171 2130 1192 2152 a
1223 2119 1316 2152 Mon.
1355 2119 1393 2151 B.
1424 2119 1571 2152 oblatum
1605 2120 1701 2151 recte
1752 2124 1755 2128 '

1040 2165 1254 2209 contempsit.
1296 2164 1439 2198 Omnino
1459 2164 1556 2197 Plato
1581 2163 1702 2197 huius-

1040 2210 1169 2245 cemodi
1192 2211 1413 2255 repetitiones
1436 2210 1573 2244 minime
1601 2209 1700 2253 fugit.

1038 2257 1115 2291 Nec
1138 2256 1210 2289 sine
1233 2257 1267 2290 vi
1301 2257 1395 2290 casui
1427 2257 1563 2301 obliquo
1586 2261 1703 2289 rectus

1040 2303 1158 2337 statim
1185 2303 1347 2337 succedit.
1405 2303 1568 2336 Ceterum
1599 2301 1703 2345 vulgo

1041 2349 1227 2394 pronomini
1260 2349 1410 2383 additum
1440 2347 1537 2383 ἐστιν
1568 2347 1604 2381 in
1635 2358 1703 2381 uno

1041 2396 1128 2430 Ven.
1151 2395 1192 2427 B.
1226 2399 1400 2440 repertum
1422 2407 1532 2439 neque
1555 2394 1590 2428 in
1613 2394 1702 2427 Iam-

1042 2441 1144 2475 blichi
1187 2440 1298 2475 tribus
1345 2441 1516 2474 codicibus
1566 2443 1704 2474 exstans

1043 2486 1166 2520 merito
1199 2487 1325 2521 delevit
1355 2487 1557 2528 Bekkerus,
1591 2485 1705 2519 Astius

1041 2533 1076 2566 in
1099 2536 1180 2566 tert.
1205 2537 1241 2567 et
1277 2533 1532 2567 Stallbaumius.
1580 2532 1633 2566 De
1663 2542 1706 2564 ea

1043 2579 1154 2635 ellipsi
1179 2581 1222 2613 cf.
1248 2579 1323 2614 Vol.
1347 2579 1376 2613 I.
1405 2591 1440 2636 p.
1468 2578 1554 2620 104,
1581 2589 1612 2611 a.

1089 2622 1344 2668 ἐπιτροπεύων
1371 2624 1441 2670 τὰ]
1488 2620 1705 2669 ἐπιτροπεύ-

1044 2683 1143 2705 ωντα
1165 2672 1266 2707 Vind.
1290 2672 1334 2704 Ε.

1089 2715 1219 2763 τόπῳ]
1269 2729 1375 2763 τυπῳ
1415 2718 1494 2753 Vat.
1528 2715 1577 2749 Μ.
1617 2714 1704 2748 Lob.

1043 2763 1084 2797 In
1108 2764 1275 2809 Stephani
1299 2764 1352 2798 ed.
1377 2763 1484 2805 colon,
1507 2762 1542 2796 in
1565 2760 1707 2807 reliquis

1045 2821 1173 2845 comma
1197 2811 1348 2846 additum
1363 2812 1429 2845 est.
