1807 3219
446 132 575 175 CIV
594 117 669 174 ιι
689 133 732 174 A
753 133 782 174 5
827 131 1160 173 1.1B.Vu.523

111 263 194 299 τως
223 245 464 302 ἡγήσονταί
493 256 539 288 σε
569 244 710 299 λέγειν
742 242 899 287 οὐδέν

1411 133 1495 171 299

947 242 1084 299 α’λλην
1123 242 1208 298 γὰρ
1239 239 1313 286 ἀπ’
1348 239 1497 284 αὐτῶν

114 314 196 372 οὐχ
225 314 392 370 ὁρῶσιν
422 310 548 365 ἀξίαν
575 314 712 368 λόγου
746 310 977 366 ὠφέλειαν.
1012 310 1164 355 σκόπει
1183 305 1266 354 οὗν
1293 308 1498 361 αὐτόθεν,

110 382 224 439 πρὸς
253 381 466 436 ποτέρους
498 381 698 437 διαλέγῃ,
730 399 755 436 η
785 380 896 436 πρὸς
931 377 1213 434 οὐδετέρους,
1247 377 1358 423 ἀλλὰ
1389 390 1497 422 σαυ-

109 456 190 498 τοῦ
221 451 346 495 ἕνεκα
374 448 424 494 τὸ
456 450 661 505 μέγιστον
691 453 810 492 ποιεῖ
835 448 939 499 τοὺς
968 446 1154 503 λόγους,
1188 450 1381 501 φθονοῖς
1414 443 1502 500 μὴν

113 518 212 565 οὐδ’
249 518 306 562 ἂν
337 518 475 575 ἄλλῳ,
521 519 559 561 εἴ
596 520 660 568 τίς
702 534 744 560 τι
779 515 962 560 δύναιτο
1004 514 1084 560 ἅττ’
1120 516 1268 560 αὐτῶν
1298 513 1501 557 ὄνασθαι.

115 589 289 643 Οὕτως,
327 588 433 643 ἔφη,
463 588 698 642 αἱροῦμαι,
739 584 935 641 ἐμαυτοῦ
969 584 1095 628 ἕνεκα
1123 583 1174 628 τὸ
1205 587 1409 627 πλεῖστον
1440 579 1506 625 λέ-

115 674 210 714 γειν
245 673 290 700 τε
318 655 394 699 καὶ
435 656 602 715 ἐρωτᾷν
641 655 716 698 καὶ
757 652 1092 708 ἀποκρίνεσθαι.

42 758 51 771 .
116 721 172 782 ἦν
214 725 257 770 δ’
297 724 416 780 ἐγώ,
464 726 525 776 εἰς
566 721 785 769 τούπίσω·

120 885 178 909 σιν
205 869 328 908 αυτοῦ
366 874 576 919 προετίμων
596 899 606 916 ,
649 870 715 917 ἀφ’
740 866 786 917 ἧς

121 918 243 976 ὥσπερ
262 933 298 954 τι
317 915 418 975 ὄμμα
439 920 561 964 ψυχῆς
575 917 787 975 ἓκκαθηρα-

121 965 258 1022 μένους
274 966 338 1000 καὶ
359 963 534 1008 ἀναζωπυ
539 963 723 1022 ρήσαντας
745 962 786 998 οἷ-

122 1010 354 1056 πολλύμενόν
382 1024 420 1047 τε
451 1011 512 1046 καὶ
523 1009 788 1068 αποτιφλού-

124 1071 236 1103 μενον
255 1085 265 1102 ,
305 1062 480 1115 ,κρεῖττον
523 1054 566 1093 ὃν
604 1056 790 1099 σώζεσθαι

124 1105 266 1150 μυρίων
283 1103 492 1161 ὀμμάτων,
528 1103 715 1143 δυνατοὺς
738 1104 789 1148 215-

126 1153 260 1186 νεσθαι
276 1131 528 1194 ἐπορέξασθαι
539 1151 613 1197 τῆς
636 1151 704 1186 τοῦ
733 1153 788 1186 λο-

127 1198 231 1242 γικοῦ
252 1196 396 1237 παντὸς
411 1195 572 1242 φύσεως.

176 1264 376 1311 οἷμηχάνως
398 1263 463 1310 ως]
491 1278 543 1305 ως
567 1279 632 1302 om.
625 1266 738 1300 Mon.
751 1267 791 1299 Β.

130 1314 208 1348 Par.
234 1310 310 1347 ΒΚ.
336 1324 403 1347 sec.
429 1313 538 1346 Bekk.
564 1313 656 1346 Flor.
683 1313 726 1346 U.

175 1359 351 1405 μηδαμῇ]
371 1357 522 1403 μηδαμῆ
549 1358 647 1392 Vind·
660 1359 706 1392 F·
729 1370 795 1402 μη-

130 1406 232 1462 δαμῆ
258 1406 377 1461 Steph.
402 1407 477 1440 Ast.
501 1416 553 1450 pr.
583 1417 650 1439 sec.

133 1486 173 1533 A,
150 1450 410 1499 ῇσθημενοι]
449 1448 678 1498 ᾐσθημένοις
702 1451 796 1485 Flor.

179 1541 269 1589 ου’χ]
297 1556 363 1579 om.
389 1544 476 1578 Lob.
501 1545 583 1578 Vat.
609 1544 659 1578 Μ.

180 1588 353 1636 διαλέγῃ]
391 1587 552 1634 διαλέγει
585 1592 673 1635 Ang.
697 1590 737 1623 Β.
765 1594 801 1624 et

138 1637 357 1672 zecentiores.

183 1702 206 1751 ἢ
227 1704 322 1750 πρὸς
340 1702 586 1749 οὐδετέρους]
621 1705 674 1740 lta
699 1705 800 1738 Vind.

139 1753 212 1787 EF.
236 1753 319 1787 Ven.
330 1753 370 1786 B.
392 1754 478 1796 Ang.
490 1754 531 1787 B.
555 1752 649 1785 Flor.
661 1752 802 1785 ACRT.

139 1803 175 1834 et
197 1798 358 1833 Fieinus·
384 1811 430 1833 an
444 1801 544 1841 sorte
570 1810 645 1832 cnm
662 1799 804 1832 neutris.

139 1845 285 1900 Reliqui
312 1856 390 1878 cum
413 1844 513 1879 editis
539 1840 586 1878 ου’
609 1844 699 1878 inter
720 1839 743 1887 ἢ
771 1846 806 1876 et

142 1888 237 1936 πρὸς
275 1890 514 1946 ὶιιῐθιροείτιιιιι
549 1891 696 1932 habent,
740 1890 808 1931 cui,

144 1938 173 1972 si
197 1941 277 1983 post
301 1932 466 1971 ὄνασθαι
491 1948 567 1971 cum
580 1937 677 1970 Astio
701 1936 736 1970 in
754 1948 807 1980 pr.

145 1987 181 2018 et
203 1994 272 2018 sec.
287 1987 334 2017 et
357 1983 582 2017 Stallbaumio
604 1983 638 2016 in
662 1995 731 2016 sec.
756 1983 810 2015 in-

145 2030 309 2074 terrogati
312 2029 387 2063 onis
419 2029 552 2073 signum
583 2028 661 2062 fieri
696 2029 812 2071 debet,

146 2076 202 2110 hic
225 2087 290 2109 non
314 2079 369 2110 est
390 2076 493 2109 locus.
544 2075 635 2109 Nam
670 2076 730 2120 qui
760 2074 812 2107 xi-

146 2123 230 2156 dere
264 2122 410 2167 aliquem
443 2122 560 2163 iubet,
608 2133 683 2155 cum
726 2121 812 2154 utris

149 2169 314 2213 disputet,
337 2180 403 2202 ιιοιι
427 2171 542 2221 potest
565 2166 663 2201 simul
681 2167 814 2212 opinari

149 2226 226 2249 eum
258 2225 334 2247 cum
364 2214 494 2248 neutris
527 2214 722 2258 disputare,
753 2225 813 2247 ne-

149 2262 230 2295 dum
252 2260 339 2294 hanc
363 2260 554 2305 opinionem
570 2263 743 2305 tamquam
758 2271 814 2293 ra-

150 2307 298 2349 tionem,
327 2317 389 2340 cur
412 2306 493 2340 illud
511 2306 640 2348 iubeat,
663 2318 814 2350 pronun-

150 2353 258 2395 εἶπες
302 2352 392 2398 quod
423 2355 604 2397 utrumque
635 2353 817 2386 secundum

151 2399 244 2433 illam
289 2398 468 2432 lectionem
514 2399 676 2432 Socrates
722 2398 816 2432 facit.

155 2445 212 2478 cf.
238 2444 278 2478 L.
304 2445 364 2479 Vl.
397 2456 432 2489 p.
458 2445 536 2480 505.
563 2444 614 2478 C·
637 2440 817 2497 {jovum

155 2503 264 2526 ουτοι
308 2488 580 2546 ἅναγκαζονται
626 2487 817 2534 ὁμολογεῖν

156 2534 299 2581 ἡδονὰς
320 2540 416 2570 εἰναι
442 2548 581 2577 κακαςς
607 2540 643 2569 et
665 2537 715 2570 sic
738 2549 818 2570 sex-

157 2584 296 2617 centies
327 2583 470 2617 Accedit
491 2583 582 2629 quod
603 2583 735 2617 Glauco
755 2580 819 2617 ου’·

159 2642 231 2669 τως
262 2628 440 2673 αιροῦμαι
468 2629 675 2674 respondens
710 2632 770 2674 opt
757 2631 820 2663 io-

159 2688 237 2710 nem
267 2675 332 2709 sibi
364 2676 514 2721 aliquam
546 2687 568 2710 a
591 2675 736 2709 Socrate
761 2676 820 2710 da-

160 2725 253 2763 tam,
302 2733 369 2755 ιιοιι
415 2721 651 2756 affirmandum
694 2722 821 2767 aliquid

160 2768 370 2824 propositmn
393 2768 552 2802 ostendit.
599 2768 721 2811 Itaque
743 2771 822 2813 post

164 2811 328 2849 ὄνασθαι
358 2825 433 2849 cum
464 2814 603 2860 reliquis
634 2813 822 2849 editoribus

1141 652 1298 706 ’Ἀναγε
1335 651 1506 701 τοίνυν,

846 726 932 766 νῦν
987 721 1040 777 δὴ
1085 721 1169 777 γὰρ
1224 718 1309 765 οὐκ
1361 719 1511 776 ὀρθῶς

843 876 1009 917 punctum
1033 876 1068 905 et
1093 875 1173 905 ante
1196 866 1221 915 ἢ
1244 866 1289 904 ov'
1314 881 1383 903 non
1404 869 1514 910 colon,

845 919 935 963 quod
960 918 1062 951 iidem
1097 918 1243 959 habent,
1288 916 1349 950 sed
1384 926 1514 949 comma

843 965 1037 999 faciendum
1072 964 1230 1005 e1it,11t
1264 963 1427 995 Socrates
1461 961 1511 995 vi-

846 1011 928 1044 dere
960 1022 1037 1044 eum
1067 1010 1205 1051 iubeat,
1240 1012 1353 1042 unum
1385 1008 1513 1051 eligere

848 1058 1050 1098 alter-‚unos
1085 1068 1128 1090 an
1152 1056 1326 1100 negiigete
1347 1058 1512 1099 utrosque.

846 1104 955 1138 malit.
1003 1104 1129 1138 Verum
1154 1114 1195 1136 no
1220 1101 1269 1135 sic
1295 1101 1431 1145 quidem
1453 1112 1514 1133 ne·—

848 1150 973 1193 gationi
1004 1151 1122 1191 locus,
1162 1153 1198 1181 et
1230 1147 1385 1180 dictionis
1419 1143 1514 1202 πρὸς

847 1194 1034 1251 ποτέρους
1054 1207 1114 1249 pfo
1133 1192 1294 1238 πότερον
1310 1190 1406 1235 πρὸς
1425 1189 1514 1226 ὁπο-

850 1257 885 1277 τ
878 1240 982 1286 ’ρους
1017 1254 1087 1276 acc
1081 1241 1237 1286 p1end1e
1280 1240 1436 1273 brevitas
1465 1239 1516 1272 in-

852 1288 1027 1323 commoda
1077 1294 1111 1321 et
1169 1288 1315 1321 obscura
1369 1285 1517 1318 videtur.

853 1336 973 1375 Quare
1009 1331 1055 1368 ου’
1082 1333 1211 1367 delevi:
1260 1332 1438 1365 Platonem
1465 1336 1518 1365 ta-

853 1393 930 1416 men
954 1379 998 1415 σὺ
1029 1392 1092 1426 pro
1126 1391 1166 1414 eo
1197 1379 1377 1424 scripsisse
1411 1377 1520 1422 suspi-

854 1439 925 1462 cor.

901 1498 1027 1540 ποιεῖ]
1073 1496 1128 1528 Ita
1163 1494 1242 1528 Par.
1275 1494 1315 1527 A.
1354 1494 1457 1529 Vind.
1481 1493 1523 1527 F.

855 1545 979 1587 ποιεῖη
1018 1542 1115 1575 Vind.
1141 1541 1184 1574 Ε.
1232 1540 1349 1584 ποιῆς
1383 1551 1459 1573 cum
1493 1542 1528 1574 εἴ

855 1601 958 1635 super
981 1589 1005 1633 ῆ
1027 1589 1103 1632 Aug

857 1637 950 1670 Μοιι.
985 1636 1025 1669 Β.

858 1683 978 1727 steph.

907 1728 1096 1772 φθονοῖς]
1132 1727 1292 1770 φθονεῖς
1324 1726 1412 1759 Lob.
1447 1726 1527 1759 vat.

859 1776 903 1810 B.
928 1778 963 1808 et
987 1786 1007 1808 3
1039 1786 1081 1809 ιιι.
1105 1785 1133 1806 s.
1169 1773 1254 1807 Ven.
1280 1772 1320 1805 C.
1366 1772 1528 1816 φθονεῖν

861 1832 927 1855 ιιοιι
953 1821 1166 1865 Stephanus,
1191 1822 1230 1851 ut
1253 1818 1404 1851 Bekkeri
1427 1822 1529 1863 typo-

865 1868 963 1902 theta
986 1867 1115 1907 voluit,
1140 1866 1199 1899 sed
1225 1865 1318 1899 Mon.
1342 1865 1382 1899 B.

863 1922 865 1924 ’
911 1911 998 1957 μὴν]
1012 1911 1140 1956 μέντοι
1151 1911 1226 1945 Ald.
1244 1911 1324 1944 Β35.
1339 1912 1393 1945 ab.
1405 1911 1526 1957 Steph.

867 1960 939 1994 Ast.
965 1964 1000 1992 et
1022 1961 1171 1993 sortasse
1195 1958 1277 1990 Ven.
1304 1958 1344 1991 Β.
1371 1969 1391 1990 3
1413 1969 1456 1991 ιιι.
1478 1969 1531 2002 pr.

868 2007 968 2040 Hunc
1000 2006 1087 2039 enim
1122 2007 1311 2038 correctum
1353 2004 1532 2037 Bekkerus

868 2052 975 2086 tradit
996 2050 1072 2095 μὴν
1097 2051 1257 2084 exhibere
1282 2061 1356 2082 cum
1378 2049 1532 2095 reliquis,

867 2099 959 2132 inter
991 2110 1075 2144 quos
1112 2097 1214 2130 etiam
1249 2096 1342 2129 Mon.
1366 2097 1406 2129 Β.
1442 2097 1533 2129 rese-

868 2144 994 2178 rendus
1010 2148 1073 2186 est,
1100 2143 1195 2176 cuius
1220 2147 1333 2175 notam
1356 2142 1413 2175 ille
1432 2154 1535 2187 prae-

869 2190 1040 2232 termisit,
1064 2190 1129 2230 νει,
1154 2189 1183 2222 si
1207 2188 1465 2234 Bipontinorum
1488 2188 1534 2222 5ἰ-

870 2237 1010 2270 lentium
1034 2248 1098 2270 ιιοιι
1124 2235 1232 2276 fallit,
1267 2246 1341 2268 cum
1365 2235 1536 2270 Parisien-

871 2283 919 2318 sis
943 2283 988 2317 K.
1013 2288 1093 2317 nota
1118 2281 1282 2316 confudit.

1105 1588 1167 1621 .B.
1191 1586 1302 1630 ποιῆι
1319 1587 1405 1620 Lob.
1431 1586 1526 1631 ποιῆ

1084 1634 1176 1679 ποιῇ
1221 1633 1297 1667 Ald.
1352 1634 1434 1667 Bas.
1471 1634 1526 1667 ab.

1268 2362 1337 2384 sec.
1361 2349 1473 2383 Bekk.

921 2396 1112 2443 ὄνασθαι]
1147 2393 1322 2432 (ὄνασθαι
1346 2396 1422 2429 Ald.
1457 2396 1539 2430 Bas.

873 2445 929 2480 ab.

924 2486 1076 2535 Οὕτως]
1127 2485 1226 2523 οὕτω
1256 2486 1296 2533 γ’
1329 2487 1432 2521 Vind.
1465 2487 1541 2521 EF.

876 2538 960 2571 Ven.
992 2538 1032 2570 B.
1079 2538 1164 2579 Αιισ.
1198 2536 1238 2568 Β.
1278 2535 1375 2568 Flor.
1400 2534 1540 2568 ACRT.

877 2584 958 2618 editi
984 2586 1064 2617 ante
1087 2583 1295 2616 Bekkezmn.

914 2626 1062 2686 λέγειν]
1092 2641 1156 2662 om.
1186 2627 1285 2661 Vind.
1310 2627 1355 2661 Ε.

914 2672 1068 2732 ’Ἀναγε]
1095 2672 1258 2718 οἷναγαγε
1277 2672 1379 2706 idem.
1400 2669 1488 2707 ’Ἁνα
1507 2684 1544 2716 γε

877 2722 952 2756 Ald.
968 2717 1029 2765 ’Ἀρ
1033 2732 1057 2754 α
1076 2732 1115 2765 ’γε
1138 2721 1219 2754 Β35.
1243 2732 1274 2753 3.
1302 2715 1378 2763 α’ρα
1403 2730 1441 2764 γε
1464 2720 1544 2753 Β35.

877 2767 912 2802 b.
938 2771 974 2802 et
997 2768 1077 2802 Ρ3ι·.
1101 2766 1146 2801 K.
1172 2778 1239 2800 sec.
1269 2766 1379 2800 Bekk.

924 2812 997 2858 δὴ]
1021 2826 1086 2848 om.
1112 2812 1213 2847 vind.
1239 2812 1282 2846 Ε.

917 2353 974 2397 τι]
1003 2365 1068 2386 om.
1093 2352 1172 2386 Par.
1197 2351 1241 2384 K.

1523 393 1594 426 528

1548 1499 1615 1534 528
