1807 3219
468 85 810 131 CIVITAS
854 84 1175 130 LIB.VI.486
1454 92 1537 134 147

75 209 144 245 470
153 197 341 244 1“Ήκιστοί
368 212 431 254 γε.
486 202 625 256 Δειλῇ
663 198 717 255 δή
757 199 831 243 καὶ
874 196 1165 253 ἀνελευθέρῳ
1192 195 1323 254 φυσει
1353 202 1537 255 φιλοσο-

141 268 248 324 φίας
277 265 513 324 ἀληθινῆς,
556 266 614 319 ῶς
643 267 805 318 ἔοικεν,
845 265 927 310 οὐκ
958 265 1015 310 ἂν
1043 267 1200 323 μετείη
1256 264 1324 311 Οὔ
1351 285 1427 324 μοι
1457 271 1534 314 δο-

138 341 217 381 κεῖ
266 337 318 379 Τί
348 337 455 386 οὐνς
490 334 514 378 ὁ
543 335 724 392 κόσμιος
755 336 829 381 καὶ
858 335 916 392 μή
946 334 1270 391 φιλοχρήματος
1298 335 1403 393 μηδ’
1435 336 1535 382 οἷνε-

137 404 352 460 λεύθερος
380 400 487 460 μηδ’
519 402 691 458 ἀλαζών
725 403 834 461 μηδὲ
865 403 1006 456 δειλὸς
1025 401 1126 447 ἔσθ’
1150 401 1236 459 ὅπη
1261 402 1316 447 ἂν
1338 406 1536 464 δυσξύμ-

138 476 273 530 βολος
301 471 332 529 ἢ
363 471 514 523 ἄδικος
541 473 712 529 γένοιτο
723 490 738 525 ‚·
792 469 886 516 Οὐκ
920 473 1022 516 ἔστι.
1079 471 1168 516 Καὶ
1200 476 1334 517 τοῦτο
1365 474 1418 532 δή
1448 483 1534 528 ψυ·

135 541 221 598 χήν
251 543 430 596 σκοπῶν
459 540 714 599 φιλόσοφον
754 541 829 586 καὶ
866 542 925 598 μὴ
961 539 1110 593 ἐὐθὺς
1146 540 1251 584 νέου
1281 541 1410 594 ὄντος
1436 543 1536 588 ἐπι-

136 609 312 663 σκέψει,
344 610 381 653 εἰ
412 609 499 664 ἄρα
529 612 679 656 δικαία
707 628 753 656 τε
789 611 864 655 καὶ
892 609 1079 667 ἥμερος,
1121 609 1152 666 ἢ
1182 610 1536 669 δυσκοινώνητος

135 679 211 723 καὶ
241 677 386 734 ἀγρία.
446 676 578 723 Πάνυ
607 680 687 736 μὲν
720 675 819 725 οὖν.
880 678 948 724 Ου’
985 677 1072 735 μὴν
1113 675 1219 722 οὐδὲ
1260 678 1361 724 τόδε
1390 695 1534 736 παρα-

135 749 322 801 λείψεις,
354 746 415 799 ὥς
445 743 626 805 ἐγῷμαι.
689 748 749 795 Τὸ
780 753 934 800 ποῖονς
965 744 1203 804 Εὐμαθὴς,
1232 746 1262 804 ἢ
1289 749 1532 806 δυσμαθής.
1564 759 1597 802 C

133 815 164 873 ἦ
193 818 447 875 προσδοκᾷς
476 818 581 862 ποτέ
613 817 713 872 τινά
741 836 783 862 τι
814 820 976 868 ἱκανῶς
1016 815 1072 860 ἂν
1103 815 1299 870 στέρξαι,
1341 816 1366 862 ὃ
1395 817 1535 873 πράτ-

135 902 224 929 των
255 884 313 929 ἂν
345 883 493 941 ἀλγῶν
532 901 578 929 τε
612 902 800 942 πραττοι
838 887 914 932 καὶ
951 884 1080 942 μόγις
1121 884 1308 942 σμικρόν
1336 883 1536 942 ἀνύτωνς

144 951 239 998 Οὐκ
269 953 326 997 ἂν
351 952 536 1010 γένοιτο.
597 957 652 1000 Τί
681 955 738 1009 δ’,·
768 957 806 1001 εἰ
836 954 971 1014 μηδεν
999 956 1065 999 ῶν
1100 953 1242 1011 μάθοι
1271 954 1426 1008 σώζειν
1455 954 1533 1000 δυ’-

137 1102 281 1146 ροῧντα
319 1098 500 1159 ἐξαίφνης
536 1100 809 1146 ἀποθανόντος
912 1102 1128 1149 ἐπισκέψει]
1165 1103 1219 1138 Ita
1243 1102 1344 1137 V3nd
1372 1102 1415 1138 F.
1446 1105 1534 1149 Ang-

136 1147 322 1193 ἑκάστου,
367 1147 509 1193 ε’ρημον
544 1162 697 1185 παντων
732 1153 808 1186 τῶν
864 1151 906 1188 Β.
931 1153 1011 1186 Vat.
1035 1151 1082 1185 H.
1106 1151 1201 1185 Flor.
1210 1150 1354 1184 ACRT.
1379 1153 1414 1184 et
1437 1151 1533 1185 The-

134 1194 322 1240 συγγενῶν
358 1194 421 1229 καὶ
461 1195 720 1231 καταλιπόντα
746 1196 808 1233 ἐπὶ
863 1198 997 1234 mistius
1032 1208 1081 1231 or.
1120 1197 1217 1232 XXI.
1249 1208 1282 1242 p.
1303 1195 1382 1232 254.
1408 1198 1447 1231 Β.
1475 1210 1535 1231 cu-

134 1243 206 1286 τῆς
230 1242 298 1286 γῆς
323 1239 450 1275 πάντα
479 1239 621 1276 ἐκεῖνον
647 1242 717 1278 τὸν
744 1243 808 1279 κό-
863 1246 917 1279 ius
939 1244 1058 1285 verba,
1082 1243 1165 1288 quia
1183 1243 1274 1276 nullo
1299 1243 1436 1287 negotio
1454 1255 1536 1289 pos-

133 1299 250 1332 σμον,
278 1287 340 1321 ινα
360 1287 486 1323 δικαία
509 1285 534 1333 ἡ
555 1289 671 1333 κρίσις
688 1290 726 1335 η’.
751 1290 809 1325 ubi
865 1293 945 1326 sunt
968 1291 1012 1324 ab
1037 1301 1242 1334 unoquoque
1265 1289 1459 1331 emendari,
1484 1293 1535 1324 sic

132 1347 200 1369 non
225 1334 371 1368 offendit
390 1335 648 1371 Stallbaulnius.
698 1337 804 1370 Cete-
859 1341 899 1371 ut
923 1336 1023 1393 vulgo
1047 1336 1208 1390 leguntur
1232 1335 1410 1391 adscripsi.
1456 1332 1533 1370 ἀλλ’

132 1393 208 1416 rum
239 1381 306 1414 huc
337 1381 511 1425 pertinent
549 1384 656 1417 verba
690 1383 804 1417 Procli
860 1383 902 1418 εὐ
933 1380 978 1425 δὴ
1015 1382 1136 1415 ποιῶν
1158 1378 1177 1416 ὁ
1200 1379 1309 1425 λόγος
1328 1380 1537 1437 μεταβέβη-

129 1427 165 1462 in
188 1428 300 1461 Parm.
325 1427 370 1461 T.
395 1429 439 1463 V.
464 1440 499 1473 p.
524 1430 581 1463 90.
608 1429 711 1463 Cous.
740 1427 801 1464 διὸ
858 1441 923 1464 κεν
953 1425 1011 1472 ἐφ’
1045 1426 1170 1471 ε’τερον
1209 1428 1287 1462 τῶν
1331 1439 1535 1471 φνωρισμα-

129 1472 196 1508 και
214 1471 252 1508 ἐν
271 1473 449 1508 Πολιτεία
469 1476 553 1514 ταῖς
580 1473 805 1520 φιλοσόφοις
859 1487 955 1518 των,
980 1471 1152 1528 μάλιστα
1165 1486 1229 1507 και
1258 1474 1372 1508 τοῦτο
1407 1473 1535 1530 ψυχὴν

130 1518 299 1576 φύσεσιν
311 1510 490 1575 ἀπονέμει
516 1519 560 1556 τὸ
575 1523 804 1579 μεγαλοπρε-
860 1519 1031 1564 ἐξετάζον
1064 1517 1279 1575 φιλόσοφόν
1311 1531 1351 1554 τε
1379 1520 1441 1554 καὶ
1452 1518 1532 1575 μή.

129 1578 196 1606 πες
217 1592 226 1610 ,
270 1563 321 1606 ῶς
366 1562 494 1612 ὕψους
523 1566 588 1603 καὶ
616 1567 804 1613 μεγέθους
861 1566 1059 1623 επισκήψει
1095 1564 1166 1610 γὰρ
1202 1563 1225 1611 ἦ
1262 1564 1461 1622 κοινωνική
1494 1578 1534 1602 τε

135 1610 396 1657 αντεχομένας.
859 1613 923 1649 καὶ
950 1611 1088 1658 ἥμερος
1117 1611 1214 1668 πρὸς
1240 1611 1332 1653 τοὺς
1361 1614 1536 1654 παιδείας

181 1659 277 1701 οἴει]
303 1663 382 1705 post
404 1656 527 1707 τούτῳ
551 1659 654 1698 Vind.
672 1661 716 1696 E.
743 1660 802 1706 εἴη

131 1705 328 1797 Ρὶὶδοκιξίν]
376 1752 483 1787 δοκεῖ
513 1752 592 1787 Ald.
631 1752 711 1788 Bas.
745 1753 801 1788 ab.

131 1798 174 1832 In
198 1799 291 1833 Mon.
317 1799 358 1832 B.
386 1801 490 1832 -εἴν
517 1803 709 1833 correctum
742 1811 803 1833 ex-

133 1848 226 1886 stat,
259 1845 297 1878 in
321 1844 423 1879 Vind.
447 1846 491 1879 F.
525 1857 549 1879 ν
581 1845 692 1880 altera
715 1846 802 1881 scri-

133 1890 250 1937 ptione
275 1891 427 1925 additum
452 1894 516 1931 est.

182 1937 356 1978 τοιοῦτος
366 1939 394 1982 ,·]
415 1938 601 1978 τοιοῦτος.
619 1937 697 1973 Ald.
721 1939 802 1973 Ste-

131 1984 255 2074 phgss‘]
278 2031 333 2065 lta
355 2030 436 2065 Par.
459 2030 500 2064 A.
525 2030 672 2066 Mon.B.
698 2030 800 2066 Vind.

104 2080 108 2085 “
132 2078 177 2113 Ε.
203 2078 284 2112 Vat.
298 2077 341 2110 H.
367 2077 652 2112 Flor.ACTUV.
679 2074 719 2110 δὲ
744 2089 801 2111 re-

131 2123 220 2169 liqui
251 2123 330 2158 libri
363 2136 438 2158 cum
470 2123 571 2158 editis
602 2126 683 2158 ante
705 2124 800 2158 Bek-

130 2169 263 2203 kerum.

168 2211 231 2269 ’ῶς
251 2212 384 2261 ἔοικεν]
410 2219 488 2250 ante
509 2211 693 2270 ἀληθινῆς
713 2215 800 2252 Lob.

131 2261 302 2351 Vlzng
313 2262 513 2352 ]νῖετῗὲίι
527 2275 617 2343 Vssd
620 2263 704 2342 'FFlf
739 2319 800 2352 με·

130 2353 225 2388 τείοι
262 2354 341 2388 Par.
365 2354 411 2390 K.
445 2365 514 2389 sec.
547 2354 626 2401 Bip.
664 2353 799 2400 μετέρη

129 2400 208 2434 Ald.
233 2401 314 2434 Bas.
339 2412 370 2434 a.

180 2446 227 2480 Τί
253 2446 344 2480 ου’ν·
334 2447 367 2490 ,]
393 2459 457 2480 om.
481 2445 555 2480 Fic.

131 2487 405 2574 οοῗιῗηίεῗῗ.
421 2491 800 2576 pz‘fffffflffssckssekgd

129 2585 221 2629 Phry
225 2597 258 2620 n.
307 2587 419 2620 ‚271-

176 2596 465 2677 δυσξύρμβολος]
519 2628 800 2678 δυσξύμβουλος

129 2677 299 2758 vugv'uF’
284 2722 380 2768 ε’στι]
405 2720 531 2760 ου’κέτι
553 2724 634 2760 vat.
644 2724 689 2760 Η
718 2720 799 2768 Ov’u

131 2765 228 2819 εστιν
250 2770 442 2806 Bekkerus.

860 1658 1144 1714 ἐπιθυμοῦντας
1158 1684 1167 1702 ,
1190 1656 1214 1703 ἦ
1236 1657 1535 1703 δυσκοινώνητος

861 1705 901 1740 δε
923 1706 985 1740 καὶ
1017 1702 1140 1749 α’γρία.
1164 1724 1212 1730 -
1234 1705 1373 1750 Reliqui
1398 1707 1534 1740 codices

859 1757 896 1787 et
920 1752 1086 1787 editiones
1118 1755 1199 1786 ante
1231 1751 1366 1786 Astium
1391 1749 1532 1788 ἐπισκέ-

858 1806 914 1845 ψῃ
939 1800 1077 1833 habent.

906 1844 1058 1889 δικαία]
1087 1840 1218 1877 δίκαια
1242 1843 1346 1881 Vind.
1371 1843 1413 1879 F.

905 1888 1229 1934 δυσκοινώνητος]
1261 1901 1302 1924 τε
1327 1891 1429 1934 vulgo
1453 1892 1535 1924 ante

857 1939 1056 1972 Bekkerum
1090 1939 1126 1970 et
1159 1937 1193 1969 in
1224 1936 1313 1970 Astii
1346 1936 1453 1970 tertia
1477 1936 1532 1971 ed.

860 1985 1012 2019 additmn
1047 1994 1115 2017 non
1149 1983 1213 2016 nisi
1246 1982 1281 2015 in
1315 1983 1401 2017 Lob.
1431 1983 1529 2019 Vind.

858 2032 900 2065 B.
927 2032 1015 2066 Ven.
1039 2030 1079 2062 Β.
1106 2031 1141 2062 et
1176 2029 1255 2063 Vat.
1281 2029 1361 2062 ΒΜ.
1390 2030 1529 2074 legitur,

858 2075 1080 2111 aThemistio
1105 2078 1219 2110 tamen
1242 2078 1278 2109 et
1300 2075 1378 2120 ipso
1404 2075 1530 2111 lectum

855 2123 1001 2158 videtur.

902 2165 926 2213 ἢ
953 2164 1173 2212 δυσμαθής]
1201 2179 1266 2202 om.
1291 2167 1386 2201 Mon.
1409 2167 1451 2201 B.

903 2217 954 2260 τι]
981 2227 1046 2249 om
1071 2213 1157 2247 Lob.
1182 2213 1284 2248 Vind.
1313 2210 1356 2246 Β.
1380 2213 1472 2246 Mon.
1487 2213 1529 2248 B.

857 2262 938 2295 vat.
964 2262 1003 2294 B.
1039 2262 1127 2295 Ven.
1152 2259 1194 2295 C.
1227 2260 1307 2294 Par.
1332 2259 1530 2294 DK.F10r.

857 2308 904 2342 U.
929 2308 1016 2342 illud
1037 2307 1112 2340 Fic.

905 2352 1069 2409 ἱκανῶς]
1096 2364 1161 2386 om.
1185 2351 1260 2386 Fic.

904 2397 1053 2455 οἷλγῶν]
1081 2395 1209 2454 οἷργῶν
1234 2398 1328 2431 Flor.
1351 2396 1397 2430 T.

904 2443 1080 2501 σμικρὸν]
1104 2442 1239 2500 μικρὸν
1264 2443 1366 2478 Vind.
1390 2442 1433 2476 F.

904 2489 1080 2535 ἀνύτων]
1133 2488 1303 2524 οἷνύττων
1351 2490 1438 2524 Ven.
1484 2488 1525 2523 B.

856 2539 938 2573 vat.
962 2539 1008 2573 H.
1034 2538 1127 2571 Flor.
1149 2537 1229 2571 UV.
1255 2535 1422 2569 editiones
1449 2539 1530 2569 ante

853 2585 1062 2619 Bekkerum.
1111 2584 1219 2628 Soph.
1256 2594 1335 2627 pag.
1373 2584 1454 2618 230.
1487 2582 1529 2616 Α.

855 2642 942 2666 unus
966 2642 1009 2665 ex
1029 2628 1238 2673 undeviginti
1257 2629 1338 2664 Par.
1348 2628 1391 2662 F.
1416 2639 1528 2662 ανυτ-

854 2689 958 2721 τειν,
992 2678 1072 2712 261.
1097 2677 1138 2709 Β.
1165 2677 1312 2720 quatuor
1345 2685 1421 2708 cum
1446 2676 1529 2707 Ste—

855 2725 968 2771 phano
1003 2719 1194 2776 οἷνύττων,
1232 2721 1457 2766 Sy1np.217
1484 2720 1527 2755 C.

856 2781 943 2805 unus
959 2769 1040 2805 Par.
1058 2768 1101 2804 F.
1117 2763 1293 2813 ἥνυττον,
1318 2768 1404 2813 Leg.
1415 2766 1526 2803 VIIII.

1248 2824 1295 2867 K
1314 2830 1338 2864 2
