1807 3219
432 195 771 239 CIVITAS
811 195 1048 240 LIB.VII.
1078 200 1146 236 533
1397 197 1479 238 :321

98 308 234 363 ἴωμεν
263 308 611 364 καὶδιέλθωμεν
639 308 809 361 οὕτως,
841 308 985 365 ὥσπερ
1014 307 1064 352 τὸ
1095 307 1331 361 προοίμιον
1361 303 1483 361 διήλ-

95 380 251 432 θομεν.
283 375 378 431 λέγε
412 370 518 428 οὖν,
549 377 613 428 τίς
645 375 669 420 ὁ
697 377 863 430 τρόπος
891 380 968 433 τῆς
997 379 1078 419 τοῦ
1109 373 1386 430 διαλέγεσθαι
1406 375 1485 417 δυ-

97 443 289 500 νάμεως,
328 444 403 487 καὶ
443 443 552 487 κατὰ
583 449 690 488 ποῖα
722 444 774 501 δὴ
806 446 899 500 ε’ίδη
929 445 1142 500 διέστηκε,
1179 442 1255 486 καὶ
1283 443 1396 492 τίνες
1425 435 1483 484 αὖ
1511 447 1546 488 Ε

99 511 209 556 ὁδοί.
242 507 375 556 αὗται
413 510 499 568 γὰρ
531 510 586 555 ἂν
615 512 720 569 ἤδη,
763 511 823 564 ὥς
853 513 1022 564 ἔοικεν,
1063 514 1110 555 αἱ
1146 510 1258 566 πρὸς
1296 508 1405 553 αὐτὸ
1436 509 1486 553 ἅ-

36 585 40 591 ’
96 572 256 636 {bovem
285 577 396 633 εἷεν,
444 578 489 624 οἷ
526 579 782 638 ἀφικομένῳ
821 579 965 634 ὥσπερ
1005 579 1117 624 ὁδοῦ
1156 577 1391 622 ἀνάπαυλα
1432 576 1487 621 ἂν

0 690 1 693 ,
99 651 164 706 εἴη
189 651 262 693 καὶ
292 648 414 699 τέλος
444 652 520 705 τῆς
548 652 738 704 πορείας.
804 646 975 699 Οὐκέτ’,
1018 642 1073 704 ἦν
1102 646 1145 692 δ’
1178 645 1287 702 ἐγώ,
1320 640 1356 689 αἶ
1387 648 1487 703 φίλε

0 727 4 807 ,
48 762 57 775 l
97 719 336 769 Γλαύκων,
369 715 462 768 οἷός
490 716 532 761 τ’
564 718 638 775 ἔσῃ
671 716 960 761 ἀκολουθεῖν·
1004 716 1096 759 ἐπεὶ
1126 714 1175 759 τό
1205 713 1241 770 γ’
1272 714 1376 771 ἐμὸν
1406 714 1483 758 ου’-
1506 724 1574 760 533

0 810 3 836 ι
97 786 171 830 δὲν
200 785 256 828 ἂν
284 789 539 842 προθυμίας
568 786 794 836 ἀπολίποι,
837 783 940 829 οὐδ’
972 784 1122 828 εἰκόνα
1153 783 1209 827 ἂν
1239 783 1302 827 ἔτι
1332 777 1388 826 οὗ
1417 782 1485 826 λε’-

95 849 232 911 γομεν
260 856 396 906 ἴδοις,
428 854 528 899 ἀλλ’
559 854 666 900 αὐτὸ
696 854 746 898 vd
777 851 958 910 ἀληθὲς,
1001 853 1025 897 ὅ
1047 859 1103 909 ’γε
1135 853 1187 909 δή
1221 870 1296 908 μοι
1328 853 1484 907 φαίνε-

95 939 186 967 ται·
218 925 254 967 εἰ
284 921 328 968 δ’
362 923 524 978 ὅντως,
557 924 587 981 ἢ
615 923 694 981 μὴ,
737 921 884 967 οὐκέτ’
915 921 1200 974 ἄξιονῗτοῦτο
1231 922 1484 976 διισχυρίζε-

97 996 225 1036 σθαι·
279 991 376 1036 ἄλλ’
409 993 478 1038 ὅτι
506 994 587 1051 μὲν
616 993 669 1050 δὴ
707 991 917 1036 τοιοῦτόν
956 1007 997 1033 τι
1035 991 1163 1041 ἰδεῖν,
1198 988 1483 1045 ἰσχυριστέον.

141 1160 264 1208 αὐτὸ]
289 1161 411 1200 αὐτὸν
436 1165 639 1201 Vind..BE.
665 1167 758 1201 Mon.

95 1209 137 1244 C.
163 1212 242 1244 Vat.
269 1211 312 1246 H.
573 1237 580 1241 -

116 1253 200 1300 v013‘]
235 1254 274 1291 οἳ
303 1257 404 1292 Vind.
436 1258 478 1293 F.
527 1252 576 1293 οὗ
606 1261 693 1304 Aug.
718 1260 757 1293 B.

95 1301 187 1336 Flor.
211 1303 254 1336 R.
302 1314 308 1326 ³

139 1348 316 1393 πορείας]
339 1348 475 1393 πορίας
499 1350 599 1385 Vind.
623 1351 667 1384 E.

143 1391 302 1439 Ov'us‘z']
336 1391 406 1429 οὐκ
427 1393 475 1430 ἔτ’
499 1396 593 1430 Μοῃ.
620 1397 660 1430 C.
695 1394 760 1431 ου’-

93 1437 172 1474 κέτι
196 1441 295 1474 Vind.
318 1441 361 1474 F.

143 1484 227 1526 οἷός
245 1484 301 1531 τ’]
327 1485 409 1527 οἶός
434 1498 474 1522 τε
497 1488 599 1523 Vind.
625 1489 666 1522 F.

27 1526 95 1562 533
143 1531 224 1578 ἔσῃ]
252 1530 287 1567 εἷ
313 1534 469 1568 Vind.F.
495 1535 636 1579 Aug-B.
661 1536 758 1570 Flor.

94 1579 164 1613 AR.
193 1578 266 1613 ἔσει
288 1584 507 1614 recentiores.

94 1622 244 1705 Ιῖἐπεὶ]
287 1623 348 1660 ἐπὶ
378 1626 480 1662 Vind.
512 1627 556 1661 E.
601 1630 761 1672 profecto

128 1683 170 1706 lc.

142 1714 345 1762 ἀπολίποι]
377 1718 434 1752 Ita
458 1719 537 1753 Vat.
566 1719 644 1753 ΒΜ.
668 1720 754 1764 Aug.

94 1764 136 1798 B.
160 1764 254 1799 Flor.
278 1764 322 1798 R.
353 1768 388 1798 et
421 1777 442 1799 a
469 1776 511 1798 m.
536 1777 588 1810 pr.
612 1766 691 1799 Par.
716 1767 758 1799 A.

93 1811 179 1845 Ven.
206 1810 247 1844 C.
278 1811 369 1854 quod
402 1812 444 1844 ob
480 1823 626 1856 sequens
660 1811 757 1851 ἴδοις

92 1856 215 1890 merito
233 1867 254 1890 a
267 1857 426 1891 Bekkero
443 1858 632 1901 praelatum
642 1858 758 1891 Ast‘ms

92 1902 128 1936 in
160 1906 241 1937 tert.
284 1907 320 1936 et
358 1903 603 1937 Stallbaumius
636 1905 669 1937 in
704 1915 755 1948 pr.

93 1948 238 1994 recepit.
285 1945 484 1983 ἄπολείποι
523 1949 646 1995 reliqui
679 1949 758 1984 libri

92 1997 237 2039 excepto
260 1995 354 2030 Mon.
380 1997 421 2031 C.
449 1997 484 2030 in
508 2008 575 2041 quo
600 1994 758 2030 ἐλλείποι

92 2041 240 2086 legitur,
271 2053 346 2075 cum
376 2042 478 2076 editis
510 2045 589 2075 ante
619 2043 758 2077 Bekke-

94 2099 170 2127 rum
195 2090 231 2121 et
253 2087 477 2123 Stallbaumio
493 2089 531 2122 in
548 2099 615 2122 sec.
643 2089 757 2124 Etiam

94 2133 268 2168 Matthiae
290 2145 430 2178 gramm.
466 2147 545 2180 pag.
570 2136 651 2170 865.
674 2136 759 2169 haec

93 2180 203 2214 verba
234 2185 376 2225 propter
413 2178 457 2215 τὸ
494 2178 584 2225 ἐμὸν
617 2181 758 2216 laudans

40 2260 43 2263 Α
89 2237 260 2272 ,praesens
282 2226 405 2262 tenuit.

143 2268 246 2316 οὐδ’]
283 2270 374 2306 ου’δὲ
399 2272 500 2306 Vind.
526 2272 565 2307 F.
591 2273 687 2308 Flor.
711 2274 755 2308 R.

141 2314 211 2362 ἂν]
237 2322 315 2363 post
339 2317 391 2353 ἔτι
413 2319 526 2352 iidem.

142 2364 260 2409 ἴδοις]
295 2365 411 2405 εἴδοις
441 2365 534 2400 Mon.
571 2365 613 2398 C.
652 2361 756 2410 ἤδεις

96 2411 176 2446 vat.
202 2411 243 2444 B.
277 2423 298 2446 a
328 2423 372 2446 m.
405 2422 458 2455 pr.
495 2416 553 2452 et,
582 2423 657 2456 sup.
683 2425 695 2446 ι
720 2418 756 2445 et

96 2467 158 2500 οι,
190 2457 278 2491 Lob.
333 2457 376 2491 In
407 2458 491 2491 Ven.
524 2458 565 2491 C.
598 2470 622 2502 η
656 2461 692 2492 et
723 2469 756 2493 ει

95 2513 199 2548 super
223 2515 237 2536 ι
261 2506 296 2536 et
320 2515 356 2537 οι
378 2503 489 2549 posita
511 2507 601 2538 sunt.

141 2547 212 2594 τὸ]
236 2562 301 2586 οηι.
324 2549 421 2584 Flor.
436 2550 481 2584 T.

142 2615 218 2663 δή]
256 2631 320 2654 om.
353 2618 432 2654 Par.
464 2618 509 2653 K.
545 2630 614 2655 sec.
648 2619 757 2654 Bekk.

97 2661 144 2709 δὴ
166 2661 218 2704 (ὅς
235 2662 301 2708 μὲν
320 2663 418 2699 ἔστιν
438 2660 493 2709 ὅγ’
514 2662 595 2709 ἐμοὶ
610 2666 704 2700 Mon.
716 2666 756 2700 B.

143 2734 239 2777 μοι]
288 2734 344 2768 Ita
383 2734 566 2769 secundum
605 2735 684 2769 Par.
715 2734 757 2769 A.

95 2778 196 2813 Vind.
221 2780 294 2814 BE.
317 2781 411 2815 Mon.
441 2781 480 2815 C.
505 2782 590 2817 Ven.
610 2781 650 2815 B.
679 2781 755 2815 Vat.

94 2825 142 2860 H.
179 2825 275 2860 Flor.
308 2827 450 2861 ACTV.
501 2838 565 2871 pro
615 2827 757 2871 vulgato

97 2868 178 2915 ἐμοὶ
201 2872 343 2917 scripsi,
375 2872 457 2919 quia
479 2872 560 2906 nihil
583 2884 669 2919 opus
693 2876 758 2916 est,

166 2930 374 2974 anoms
401 2932 478 2973 ΟΡ.
500 2932 550 2972 11.

817 1169 856 1198 ut
880 1174 981 1197 sonus
997 1161 1095 1196 verbi
1115 1160 1288 1204 φαίνεται
1308 1171 1382 1194 cum
1400 1168 1483 1205 pro-

817 1210 949 1244 nomine
973 1208 1249 1242 communicetur.

864 1256 899 1289 εἰ
922 1253 954 1289 δ’
984 1251 1126 1309 ὄντῳς]
1153 1250 1304 1291 ἰδόντος
1328 1251 1413 1284 Ven.
1439 1251 1483 1285 C.

818 1314 904 1383 213¹:
919 1315 999 1382 ἐξ.
1008 1301 1129 1380 ἰὲῗῖξέ
1142 1299 1236 1378 ³3:13.-
1247 1297 1484 1388 ¹³..1’2523352

818 1395 904 1428 Lob.
931 1395 1010 1427 vat.
1034 1393 1084 1427 M.
1121 1392 1156 1425 εἰ
1174 1389 1295 1426 ἰδόντι
1319 1390 1412 1424 Flor.
1437 1389 1482 1423 U.

818 1441 998 1475 secundum
1020 1438 1287 1478 Stallbaumium,
1313 1436 1371 1481 quj
1394 1435 1483 1469 idem

817 1487 851 1520 in
876 1487 954 1521 Par.
979 1485 1023 1519 K.
1047 1485 1124 1518 Ald.
1154 1485 1235 1517 Bas.
1261 1495 1292 1517 a.
1316 1481 1385 1527 legi
1409 1486 1484 1515 tra-

818 1533 879 1568 dit.
950 1533 1021 1574 „Iu
1064 1530 1223 1575 praeced.
1270 1528 1350 1562 edit.
1396 1527 1484 1561 male

819 1577 941 1613 ἰδόντι
965 1589 1026 1623 pro
1052 1577 1086 1611 εἰ
1103 1573 1135 1610 δ’
1156 1572 1274 1615 ὄντως
1288 1601 1297 1618 ,
1324 1577 1362 1607 ut
1378 1574 1484 1608 habet

816 1631 886 1660 vet.
910 1625 968 1658 lib.
1021 1622 1157 1666 Alioqui
1181 1621 1248 1665 legi
1273 1621 1375 1654 etiam
1400 1631 1483 1664 pos-

817 1675 870 1705 set
899 1671 934 1704 εἰ
952 1668 990 1705 δὲ
1012 1669 1064 1716 τῷ
1087 1665 1206 1703 ὅντι.“
1233 1667 1354 1712 steph.
1378 1667 1414 1700 in
1439 1678 1482 1701 m.

863 1714 1010 1761 οὐκέτ’]
1037 1712 1106 1750 οὔκ
1131 1711 1177 1748 ἔτ’
1201 1713 1302 1750 Vind.
1319 1713 1362 1746 E.
1388 1712 1481 1746 Mon.

858 1807 924 1853 μὲν
945 1807 991 1853 δὴ
1012 1803 1210 1849 τοιοῦτόν]
1235 1805 1296 1839 δεῖ
1318 1802 1386 1848 μὲν
1404 1816 1481 1838 τοι-

814 1853 908 1890 οῦτό
932 1855 1033 1891 Vind.
1058 1855 1099 1887 Β.
1126 1854 1219 1886 Mon.
1244 1852 1286 1885 C.

859 1903 919 1946 τι]
957 1914 1021 1935 om.
1047 1902 1127 1934 Vat.
1151 1899 1194 1934 B.
1229 1899 1314 1934 Ven.
1340 1897 1380 1931 B.
1425 1910 1482 1938 τις

811 1949 888 1983 Ald.
912 1949 993 1981 Bas.
1020 1948 1075 1981 ab.

861 1994 978 2037 ἰδεῖν]
1027 1994 1102 2027 Hoc
1131 1990 1233 2034 vulgo
1270 1988 1427 2023 0m3ssum
1461 2000 1482 2021 e

813 2042 892 2076 Par.
927 2042 967 2075 A.
1014 2038 1115 2074 Vind.
1150 2036 1254 2070 BEF.
1304 2035 1398 2068 Mon.
1436 2034 1477 2069 C.

813 2089 899 2131 Aug.
925 2088 965 2121 B.
999 2087 1079 2121 Vat.
1105 2084 1149 2118 H.
1184 2082 1277 2116 Flor.
1302 2081 1477 2116 ACRTV.

815 2138 850 2167 et
873 2133 1003 2167 receuti
1042 2132 1124 2164 Ven.
1150 2130 1191 2163 C.
1220 2127 1391 2172 scriptura
1423 2139 1482 2161 re-

815 2181 930 2225 cipere
962 2191 1002 2212 eo
1035 2178 1144 2211 minus
1180 2173 1363 2214 dubitavi,
1412 2185 1480 2218 quo

814 2226 924 2270 magis
957 2225 1001 2259 ad
1033 2234 1183 2258 summae
1215 2221 1314 2254 ideae
1351 2220 1481 2253 descri—

811 2272 962 2317 ptionem
995 2271 1030 2307 in
1067 2269 1235 2314 superiori
1269 2266 1357 2300 libro
1383 2265 1482 2299 exhi-

811 2319 922 2352 bitam
966 2316 1156 2361 appositum
1202 2317 1265 2348 est.
1338 2311 1480 2346 Lectum

811 2365 902 2398 idem
931 2363 1077 2404 Ficino,
1107 2361 1167 2395 sed
1195 2357 1293 2395 simul
1327 2357 1387 2392 δεῖ
1417 2368 1480 2402 pro

813 2408 860 2455 δή
875 2424 885 2444 .-
909 2411 999 2452 quod
1023 2411 1096 2444 tale
1126 2408 1260 2452 aliquid
1279 2409 1330 2438 est
1351 2416 1482 2449 cogno-

811 2458 980 2492 scendum.

859 2499 1109 2547 ἰσχυριστέον]
1135 2495 1308 2542 „Rectius
1332 2495 1481 2528 fortasse

813 2545 1081 2593 διϊσχυριστέον
1112 2545 1302 2584 scribetur,
1334 2543 1373 2574 ut
1403 2552 1481 2575 mox

813 2597 905 2630 dicet
936 2589 1275 2638 διἰ’σχυρίζεσθαι.“
1311 2586 1479 2632 Stephan.

814 2654 848 2688 p.
873 2644 929 2678 25.
977 2640 1092 2684 Magis
1128 2639 1231 2672 etiam
1263 2634 1307 2667 ob
1340 2636 1482 2687 autece-

813 2690 897 2723 dens
922 2686 1210 2730 διισχυρίζεσθαι
1243 2679 1420 2727 probablle
1442 2677 1481 2712 1d

812 2734 923 2769 videri
941 2736 1088 2778 poterat.
1111 2731 1170 2765 Sic
1182 2727 1352 2783 Phaquu.
1374 2725 1480 2779 p.553.

815 2782 863 2815 C:
889 2780 951 2814 καὶ
975 2779 1091 2813 τοῦτο
1118 2774 1184 2820 μὲν
1214 2787 1284 2809 ουκ
1307 2783 1355 2806 αν
1375 2781 1480 2826 πανυ

814 2825 1106 2871 διισχυρισαίμην
1119 2835 1126 2841 ·
1150 2818 1209 2857 ὅτι
1226 2818 1354 2874 μέντοι
1373 2827 1479 2871 παρα

812 2872 932 2914 θεοὺς
960 2868 1145 2909 δεσπότας
1172 2865 1273 2903 πάνυ
1302 2862 1478 2908 αγαθους

1243 2926 1289 2967 Χ
