1807 3219
296 115 381 155 168

742 108 1220 152 I'LATONIS

297 220 479 279 φιστὰς,
508 218 736 264 παιδεύειν
765 221 812 263 δὲ
838 219 1076 264 τελεώτατα
1106 221 1181 265 καὶ
1210 217 1529 276 ἀπεργάζεσθαι
1559 222 1681 274 οἴους

298 289 537 347 βούλονται
566 287 677 331 εἶναι
707 288 780 331 καὶ
809 288 936 340 νέους
966 289 1038 332 καὶ
1059 289 1384 345 πρεσβυτέρους
1414 287 1488 330 καὶ
1518 285 1682 343 ἄνδρας

295 359 370 404 καὶ
399 362 637 413 γυναῖκαςς
668 356 782 400 Πότε
812 355 888 413 δή;
920 353 949 414 ἦ
974 353 1022 401 '6⁷
1052 357 1112 409 ὅς.

1159 357 1297 400 ’Όταν
1307 389 1318 409 ,
1347 354 1473 400 εἶπον
1484 390 1494 407 ,
1526 357 1684 411 ξυγκα-

293 426 525 481 θεζόμενοι
555 423 718 479 ἀθρόοι
747 425 904 469 πολλοὶ
934 427 993 477 εἰς
1023 427 1251 482 ἐκκλησίας
1281 424 1308 481 ἢ
1339 426 1398 475 εἰς
1429 422 1686 478 δικαστήρια

294 493 326 550 ἢ
357 494 525 549 θέατρα
556 492 582 549 ἢ
626 492 900 547 στρατόπεδα
934 494 961 550 ἢ
991 511 1090 538 τινα
1131 493 1265 537 ἄλλον
1304 491 1459 537 κοινὸν
1486 491 1685 548 πλήθους

296 561 512 618 ξύλλογον
542 561 622 613 ξύν
659 565 808 620 πολλῷ
837 562 1021 623 θορύβῳ
1052 562 1105 606 τὰ
1142 562 1221 617 μὲν
1249 561 1415 617 ψέγωσι
1444 564 1534 602 τῶν
1563 564 1685 615 λεγο-

296 630 442 687 μένων
471 628 500 685 ἢ
528 629 865 685 πραττομένων,
906 632 957 674 τὰ
996 631 1042 675 δὲ
1083 631 1344 682 ἐπαινῶσιν,
1385 628 1685 712 ὑπερβαλλόν-

237 704 270 746 C
299 715 384 749 τως
414 697 594 751 ἑκάτερα
631 697 705 740 καὶ
738 698 975 753 ἐκβοῶντες
1003 699 1078 742 καὶ
1101 714 1385 754 κροτουντες,
1416 697 1528 753 πρὸς
1552 696 1586 742 δ’
1608 695 1687 741 αὕ-

299 771 392 816 τοῖς
424 767 473 808 αι’
497 781 541 808 τε
570 766 724 821 πέτραι
753 784 827 809 και
856 765 879 811 ὁ
910 767 1067 820 τόπος,
1099 767 1146 810 έν
1176 768 1209 825 ᾧ
1239 764 1293 809 ἂν
1315 769 1446 817 ὠσιν,
1476 766 1689 823 ἐπηχοῦν-

299 849 369 886 τες
398 832 632 878 διπλάσιον
660 832 865 892 θόρυβον
896 835 1116 892 παρέχωσι
1151 839 1233 879 τοῦ
1269 833 1416 891 ψόγου
1455 834 1528 879 καὶ
1566 834 1689 878 ἐπαί-

301 982 461 1019 ostendit.
517 1002 564 1009 —
586 982 651 1018 και
681 997 746 1023 om.
782 985 883 1021 Vind.
921 985 966 1020 Ε.

300 1032 389 1112 ἷζε.
398 1030 455 1110 Illi
468 1029 564 1064 Flor.
579 1031 721 1066 ACTV.
746 1037 782 1067 et.
806 1044 826 1066 a
849 1044 893 1066 m.
915 1043 967 1078 pr.

348 1120 460 1166 τοὺς]
499 1133 564 1156 om.
601 1122 701 1158 Vind.
732 1123 778 1157 Ε.
812 1125 891 1160 Vat.
922 1124 967 1158 H.

303 1168 490 1202 Flor.AC.

241 1214 279 1258 B
348 1211 540 1248 παιδεύειν
558 1211 598 1247 δὲ
620 1213 848 1259 τελεώτατα]
874 1227 913 1250 π.
930 1226 969 1249 τε

303 1261 375 1294 τελ.
405 1261 491 1303 Ang.
515 1261 555 1293 B.
592 1261 687 1294 Flor.
721 1263 764 1295 R.
799 1262 899 1297 Vind.
923 1262 970 1295 F.

303 1307 425 1340 doecre
446 1307 529 1340 item
546 1317 686 1349 prorsus
709 1307 785 1341 Fic.

348 1349 483 1407 νέους]
510 1351 642 1391 νέουος
667 1353 767 1388 Vind.
789 1353 831 1387 Ε.

350 1393 520 1452 ἄνδρας]
543 1398 680 1442 αἴδρας
702 1399 778 1433 Ald.

352 1441 427 1488 δή]
477 1441 520 1477 δέ
554 1444 642 1478 Lob.
680 1445 780 1479 Vind.
814 1445 856 1478 Β.
894 1447 971 1481 Vat.

303 1490 383 1524 ΒΜ.
412 1495 447 1522 et
471 1502 492 1523 a
516 1501 557 1524 m.
584 1501 611 1524 5.
638 1492 722 1525 Ven.
748 1492 788 1524 B.

350 1535 407 1579 ξυ)
408 1533 689 1581 καθεζόμενοι]
723 1547 822 1580 συγκ.
869 1538 972 1572 Vind.

304 1582 350 1616 F.
374 1583 470 1615 Flor.
494 1582 538 1615 R.

353 1624 542 1683 ἐκκλησίας
560 1623 596 1678 ἢ
641 1626 695 1668 εἰς
731 1627 971 1673 δικαστήρια]

308 1673 379 1708 δικ.
413 1670 437 1717 ἢ
473 1673 525 1714 εις
551 1671 644 1708 ἐκκλ.
682 1675 770 1709 Lob.
805 1676 907 1710 Vind.
931 1677 973 1709 Β.

308 1722 388 1757 Vat.
414 1720 462 1753 Μ.

353 1763 532 1819 θέατρα]
556 1765 668 1806 εῑςθ.
692 1743 789 1800 filor.
814 1767 860 1801 T

355 1809 549 1865 πλήθους]
576 1812 644 1845 τοῦ
663 1814 723 1848 πλ.
747 1813 840 1847 Mon.
863 1814 906 1847 Β.

357 1855 556 1902 ξύλλογον]
583 1856 682 1894 σύλλ.
701 1859 804 1895 Vind.
814 1860 855 1892 B.
881 1859 975 1893 Mon.

310 1903 352 1938 Β.
376 1904 473 1938 Flor.
500 1904 544 1937 U.

356 1946 451 1994 ξυν]
479 1948 549 1984 σὺν
571 1949 673 1985 Vind.
697 1950 743 1989 F.

356 1995 511 2041 ψέγωσι]
537 1994 697 2040 ψέγουσι
718 1996 809 2031 idem
827 2000 864 2031 et
880 1997 978 2031 Flor.

355 2085 654 2134 πραττομένων]
710 2085 978 2133 πρατταμένων

356 2177 419 2235 δε]
445 2176 490 2213 δ’
514 2179 616 2214 Vind.
641 2179 685 2214 E.
711 2180 792 2215 vat.
817 2180 862 2214 H.

308 2270 354 2305 F
355 2222 579 2270 ἐπαινωσιν]
624 2221 844 2260 ἐπαινουσιν
875 2225 977 2262 Vind.

357 2314 400 2351 δ’
427 2314 582 2362 αὐτοῖς]
629 2314 671 2352 δε
700 2314 762 2352 aff.
795 2317 896 2354 vind.
930 2317 975 2353 Ε.

309 2363 406 2398 Flor.
427 2363 570 2399 ACTV.

357 2408 404 2443 αἳ
424 2421 463 2443 τε
489 2406 622 2453 πέτραι
650 2407 714 2444 και
736 2405 757 2444 ὁ
775 2407 910 2453 τόπος,
937 2407 976 2444 ἓν

309 2467 338 2501 ῳ
365 2451 413 2489 ὂὶν
442 2452 557 2499 ωσιν]
596 2457 752 2501 parietes
783 2469 914 2502 quoque
942 2461 977 2492 et

309 2503 496 2546 laquearia
527 2502 606 2537 Fic.
671 2502 841 2537 Videntur
874 2513 978 2547 rupes

309 2549 385 2581 foro
420 2547 536 2581 Attico
569 2547 782 2582 imminentes
815 2551 851 2581 et
880 2549 981 2582 thea-

310 2597 402 2627 trum
424 2593 575 2627 Atticum
607 2594 808 2637 significari.
834 2613 880 2620 —
911 2594 980 2629 Pro

312 2637 447 2682 πέτραι
469 2639 505 2673 111
530 2639 623 2674 Mon.
648 2641 690 2674 Β.
715 2651 736 2673 a
759 2651 803 2675 m.
825 2651 880 2686 pr.
905 2644 983 2675 erat

314 2685 481 2740 παίτροιι.

360 2728 571 2785 παρέχωσι]
598 2728 802 2788 παρέχουσι
824 2732 925 2767 Vind.
935 2733 980 2766 F.

361 2778 431 2812 τοῦ
450 2774 574 2821 ψόγον
603 2776 666 2811 καὶ
697 2777 876 2823 επαίνον]
903 2780 982 2814 lan-

1026 965 1184 1021 dantz'am
1212 985 1364 1031 ipsorum
1399 985 1690 1039 vituperantium-

1025 1045 1088 1077 que
1119 1033 1197 1067 Fic.
1266 1032 1362 1065 Inter
1402 1029 1479 1075 ψόγ
1483 1043 1527 1065 ου
1561 1034 1596 1065 et
1626 1030 1690 1065 καὶ
1724 1026 1731 1032 ’

1024 1078 1126 1112 Xind.
1153 1078 1227 1112 EF.
1252 1079 1337 1112 ven.
1361 1078 1402 1110 B.
1427 1078 1512 1121 Aug.
1526 1079 1568 1110 Β.
1592 1078 1691 1111 Flor.

1024 1124 1274 1158 ACRT.cu1n
1309 1124 1411 1157 editis
1445 1128 1523 1156 ante
1554 1123 1692 1157 Bekke-

1025 1181 1100 1204 rum
1123 1181 1162 1202 τε
1185 1169 1424 1213 interpositum
1447 1169 1585 1203 habent.

1072 1212 1116 1249 ὁ
1096 1214 1210 1259 η]δὲ
1234 1216 1335 1251 Vind.
1360 1215 1404 1248 F.
1428 1215 1513 1259 Ang.
1531 1216 1572 1247 B.
1595 1216 1691 1250 Flor.

1026 1262 1070 1296 R.
1095 1266 1151 1302 et,
1174 1273 1249 1306 sup.
1268 1258 1337 1304 δή,
1363 1261 1442 1294 Par.
1454 1261 1498 1294 K.
1524 1261 1693 1295 Matthiae

1027 1319 1165 1352 gramm.
1191 1319 1225 1352 p.
1254 1287 1354 1342 1209.
1380 1307 1468 1340 hunc
1500 1307 1609 1340 locum
1640 1308 1694 1341 in·

1027 1358 1083 1386 ter
1108 1364 1167 1386 eos
1191 1355 1366 1394 referens,
1390 1353 1449 1397 qui
1475 1351 1521 1396 δη
1548 1353 1583 1387 111
1608 1365 1693 1398 apo—

1027 1399 1103 1433 dosi
1137 1399 1306 1441 habeant,
1352 1411 1417 1432 non
1454 1399 1695 1433 animadvertit

1031 1441 1146 1479 όταν
1156 1445 1256 1479 initio
1285 1445 1431 1490 proximi
1455 1446 1619 1478 sermonis
1651 1445 1694 1479 ad

1029 1489 1122 1525 πότε
1147 1489 1192 1535 δή
1218 1492 1433 1525 referendum
1457 1491 1600 1536 ideoque
1618 1495 1695 1536 post

1030 1535 1186 1571 ἐπαίνου
1233 1537 1334 1583 plene
1389 1537 1696 1582 interpungendum

1030 1595 1118 1617 esse.

1076 1629 1130 1675 τῷ
1161 1626 1345 1675 τοιούτω]
1395 1630 1475 1668 τοῖς
1506 1627 1697 1669 τοιούτοις

1029 1675 1116 1720 Ang.
1150 1676 1192 1709 Β.
1223 1665 1319 1708 Flor.
1351 1675 1394 1708 R.
1451 1676 1492 1708 In
1525 1677 1625 1711 Vind.
1651 1677 1695 1710 F.

1032 1706 1106 1760 0290
1108 1732 1212 1760 -οις
1244 1733 1266 1755 a
1297 1733 1342 1755 111.
1368 1732 1398 1756 5.
1429 1722 1698 1767 superscriptum

1033 1771 1097 1801 est.

1078 1811 1123 1847 τὸ
1142 1809 1363 1857 λεγόμενον]
1387 1810 1455 1848 τὸν
1474 1814 1504 1848 λ.
1529 1813 1629 1848 Vind.
1653 1814 1698 1849 Ε.

1034 1860 1114 1895 vat.
1136 1860 1180 1893 H.
1207 1860 1493 1903 (adolescentem)
1508 1861 1604 1894 illum
1621 1860 1698 1894 Fic.

1034 1905 1224 1948 „Affertur
1248 1909 1284 1939 et
1307 1906 1374 1939 alia
1397 1905 1519 1947 lectio,
1553 1903 1622 1940 τὸν
1643 1907 1699 1939 λε·

1034 1949 1215 1996 γόμενοντ
1239 1951 1300 1984 sed
1323 1952 1517 1985 mendosam
1540 1963 1617 1985 esse
1632 1964 1699 1996 pu-

1036 2002 1084 2032 to.
1132 1998 1193 2031 Sic
1216 2008 1322 2040 supra
1349 1998 1395 2041 [p.
1416 1999 1473 2032 13.
1491 1998 1535 2031 ad
1551 1998 1700 2033 Theaet.

1033 2045 1113 2079 209.
1138 2043 1195 2086 B.]
1228 2043 1304 2076 τῶν
1325 2042 1549 2098 λεγομένων,
1562 2055 1635 2097 pro
1657 2044 1700 2078 11-

1033 2089 1076 2123 115
1115 2089 1202 2134 ipsis
1247 2089 1363 2123 verbis
1409 2087 1453 2123 τὸ
1488 2086 1698 2134 λεγόμενον,

1034 2147 1125 2188 quae
1146 2135 1339 2179 proverbiis
1369 2135 1626 2201 praefiguntur,
1649 2136 1700 2170 ir-

1033 2181 1185 2226 repsisse
1209 2181 1462 2215 ostendimus.“
1494 2182 1615 2228 Steph.
1639 2194 1700 2217 an-

1034 2233 1106 2262 not.
1131 2238 1166 2271 p.
1189 2228 1245 2262 22.

1034 2272 1186 2353 υτίνα]
1213 2272 1299 2306 τίνα
1327 2268 1375 2307 ἕὶν
1407 2273 1501 2308 Mon.
1526 2275 1569 2309 Β.
1602 2274 1700 2312 Flor.

1081 2365 1219 2409 ἴσχειν]
1270 2362 1363 2408 ἔχειν
1405 2365 1493 2401 Lob.
1534 2366 1634 2401 Vind.
1657 2367 1699 2400 Β.

1035 2412 1113 2447 iat.
1138 2411 1219 2445 ΒΜ.
1243 2412 1325 2446 Bas.
1350 2412 1384 2445 b.

1080 2453 1213 2503 αὐτῷ]
1247 2459 1439 2491 rumoribus
1463 2457 1554 2492 hisce
1581 2457 1700 2500 (obsi-

1035 2503 1143 2558 stere)
1175 2503 1252 2538 Fic.
1310 2503 1539 2537 Referendum
1572 2507 1625 2537 est
1657 2504 1702 2538 ad
1761 2530 1764 2533 -

1035 2547 1136 2583 νέον.

1083 2593 1296 2639 ἰδιωτικὴν]
1324 2593 1477 2640 ἰδιώτην
1501 2595 1601 2631 Vind.
1626 2596 1670 2630 F.

1083 2642 1424 2686 κατακλυσθεῖσαν]
1458 2643 1700 2676 κατακλυθεῖ-

1037 2697 1108 2721 σαν
1140 2687 1227 2721 Lob.
1262 2689 1342 2723 vat.
1366 2689 1407 2723 B.
1445 2688 1525 2723 Par.
1554 2688 1599 2724 K.
1631 2700 1701 2723 sec.

1038 2733 1149 2767 Bekk.
1194 2735 1473 2768 καταλυθεῖσαν
1511 2746 1580 2769 sec.
1621 2734 1700 2780 Bip.

1040 2780 1354 2815 κατακλυσθεῖσαι
1376 2779 1477 2816 Vind.
1501 2780 1544 2814 Ε.
