1807 3219
481 130 820 176 CIVITAS
858 130 983 175 LIB.
1012 129 1088 173 VI.
1118 131 1186 170 498
1440 134 1525 175 195

136 258 267 294 νους,
297 241 386 287 οἷπό
420 243 715 301 Θρασυμάχου
746 242 1030 300 ἀρξαμένους.
1087 242 1167 298 Μὴ
1199 241 1428 300 διάβαλλε,
1467 237 1525 300 ἦν

139 308 183 355 δ’
227 310 331 367 ἐγώ,
381 310 452 368 ἐμὲ
489 314 562 356 καὶ
604 311 897 369 Θρασύμαχον
936 311 1037 367 ἄρτι
1078 312 1237 367 φίλους
1273 311 1522 367 γεγονότας,
1546 316 1585 357 D

139 378 245 424 οὐδὲ
273 379 359 436 πρὸ
389 384 476 425 τοῦ
506 380 699 438 ἐχθρούς
730 380 874 432 ὄντας.
905 383 1058 434 πείρας
1086 377 1170 436 γὰρ
1198 376 1331 423 οὐδὲν
1361 378 1526 436 ἀνήσο-

137 465 242 506 μεν,
280 448 363 500 ἕως
392 448 449 493 ἂν
477 447 508 506 ἢ
536 451 751 506 πείσωμεν
791 451 867 494 καὶ
905 453 1067 493 τοῦτον
1106 448 1182 492 καὶ
1209 447 1319 499 τούς
1352 447 1525 501 ἄλλους,

135 517 166 575 ἦ
194 515 428 573 προῦργου
457 533 500 561 τι
537 517 787 575 ποιήσωμεν
825 519 888 569 εἰς
927 519 1097 562 ἐκεῖνον
1133 515 1211 559 τόν
1249 518 1371 572 βίον,
1417 516 1527 561 ὅταν

138 580 270 637 αὖθις
304 583 536 642 γενόμενοι
573 592 668 638 τοῖς
705 585 926 639 τοιούτοις
976 583 1186 641 ἐντύχωσι
1223 584 1383 641 λόγοις.
1443 586 1527 638 Εἰς

135 652 295 710 μικρόν
329 652 380 710 γ’,
422 655 529 712 ἔφη,
569 654 735 712 χρόνον
773 657 961 711 εἴρηκας.
1020 656 1102 705 Εἰς
1142 651 1274 698 οὐδὲν
1310 652 1390 709 μὲν
1428 648 1526 708 οὖν,

135 723 270 780 ἔφην,
300 722 361 775 ὥς
388 739 437 779 γε
465 722 578 779 πρὸς
606 723 686 768 τόν
715 722 902 768 ἅπαντα.
942 721 992 767 τὸ
1025 722 1174 779 μέντοι
1203 739 1261 779 μη
1291 724 1526 766 πείθεσθαι

133 797 228 844 τοῖς
257 792 508 849 λεγομένοις
548 791 656 844 τούς
694 791 888 843 πολλούς
926 795 1082 848 θαῦμα
1123 790 1277 836 οὐδέν·
1336 789 1391 836 οὐ
1436 790 1524 847 γαρ

133 859 310 906 πώποτε
371 859 492 906 εἶδον
547 860 786 918 γενόμενον
844 858 896 906 τὸ
950 864 1036 905 νῦν
1085 860 1356 917 λεγόμενον,
1415 858 1526 904 ἀλλὰ

894 1005 1053 1055 ἄλλους]
1103 1022 1170 1044 om.
1213 1009 1301 1044 Lob.
1349 1009 1451 1046 Vind.
1481 1010 1523 1044 B.

854 1057 935 1091 Vat.
961 1057 1011 1090 M.

899 1100 1135 1146 ποιήσωμεν]
1184 1099 1389 1146 ποιήσομεν
1434 1101 1522 1136 Lob.

180 1007 416 1067 ἐπιστήσειν]
449 1008 511 1045 ἐπὶ
535 1008 679 1055 στήσειν
709 1009 797 1045 Lob.

181 1054 276 1100 ἔφη]
311 1055 407 1101 ἔφην
441 1057 521 1091 Par.
545 1057 590 1090 K.
623 1068 690 1090 sec.
716 1056 796 1101 Rip.

179 1103 257 1146 γε]
277 1113 317 1136 τε
340 1103 440 1137 Vind.
465 1103 540 1136 EF.
573 1103 666 1137 Flor.
690 1102 796 1138 ACR.

134 1161 201 1184 om.
225 1150 308 1185 Vat.
331 1149 375 1183 H.
399 1149 505 1182 Flor.
522 1149 567 1183 T.

181 1214 417 1276 ἀντιτείνειν]
453 1218 544 1252 Huic
576 1217 610 1251 in
634 1229 679 1253 m.
703 1217 796 1252 Mon.

133 1264 175 1299 B.
199 1276 220 1299 a
254 1268 295 1298 m.
329 1275 357 1298 5.
389 1261 438 1299 ἂν
469 1263 701 1320 Ρξεεροείῖυω
736 1270 799 1297 est.

134 1310 360 1355 Stephanus‘
351 1322 385 1344 ιιι
407 1323 451 1345 m.
489 1307 694 1344 ἄντιτενεῖν
718 1322 800 1343 con-

128 1357 214 1391 iecit
233 1382 244 1399 ‚
291 1368 392 1402 quam
426 1357 652 1391 coniecturam
681 1356 800 1390 Astius

133 1415 236 1449 quum
260 1403 294 1436 in
320 1415 436 1438 comm.
461 1403 575 1437 Ficini
595 1402 756 1448 quidem
747 1414 800 1436 ιιι-

133 1449 372 1494 terpretationi
397 1450 567 1493 (arbitror
588 1455 701 1483 autem
719 1451 800 1492 plu-

74 1515 79 1519 ·
132 1497 249 1538 rimas,
273 1507 348 1530 cum
364 1497 449 1530 haec
463 1497 672 1537 audiverint,
680 1507 798 1540 prom-

128 1543 228 1588 ptius
251 1555 381 1587 quoque
397 1548 666 1588 repugnaturos,
690 1543 748 1575 abs
767 1547 800 1576 te

105 1589 272 1625 minime
288 1589 488 1632 persuasos)
510 1599 709 1631 congruere,
729 1588 798 1630 sed,

133 1634 215 1679 quia
237 1646 401 1680 praesens
423 1646 497 1668 rem
521 1634 648 1668 certius
670 1633 799 1687 signi-fi-

134 1684 202 1722 cet,
226 1681 453 1714 necessariam
476 1693 544 1714 non
564 1692 640 1714 esse
658 1679 800 1714 statuis-

134 1731 200 1769 set,
223 1727 258 1760 in
282 1727 386 1761 tertia
411 1726 463 1762 ed.
484 1728 557 1771 ipse
581 1738 642 1760 suo
667 1726 799 1760 nomine

133 1773 312 1818 proposuit
334 1777 439 1819 atque
461 1773 496 1806 in
517 1772 800 1825 interpretatione

133 1825 272 1853 secutus
296 1824 361 1854 est.
398 1819 484 1853 Mihi
508 1830 671 1864 praesens
696 1818 798 1853 alium

132 1877 278 1910 eumque
311 1865 444 1900 minime
477 1865 628 1914 ineptum
664 1877 740 1899 sens
744 1877 798 1898 um

132 1911 274 1946 efficere
301 1912 439 1946 videtur
461 1912 568 1945 hunc:
613 1915 651 1945 tu
674 1923 797 1954 magno

132 1969 208 1992 cum
231 1958 341 1992 studio
367 1957 460 2002 agis,
483 1958 543 1992 sed
564 1959 671 1992 maius
696 1961 798 1991 etiam

131 2015 248 2038 eorum
278 2004 427 2039 studium
465 2008 572 2049 puto,
618 2004 676 2049 qui
708 2016 730 2039 a
761 2009 797 2038 te

131 2049 347 2092 dissentiunt,
371 2051 435 2084 hoc
456 2056 522 2094 est,
548 2051 797 2096 plerorumque,

131 2096 203 2152 qui
212 2097 296 2131 talia
317 2077 485 2131 dicentem
509 2101 544 2130 te
567 2097 720 2131 audiunt.

179 2138 255 2177 ἀπὸ
278 2141 550 2188 Θρασυμάχου]
578 2141 799 2188 α’ποθρασν-

133 2185 257 2244 μάχου
279 2189 380 2225 Vind.
407 2190 451 2225 E.

178 2233 377 2281 διάβαλλε]
428 2233 585 2281 διάβαλε
631 2236 717 2279 Aug.
757 2236 799 2270 B.

131 2280 227 2315 Flor.
252 2282 296 2315 R.
323 2284 469 2315 etam.
496 2293 524 2315 s.
549 2282 651 2316 Vind.
675 2283 715 2316 F.

182 2325 454 2372 Θρασύμαχον]
482 2325 714 2372 αρξαμένονς
737 2328 800 2362 ad-

134 2373 221 2408 dunt
243 2374 328 2408 Lob.
354 2374 457 2409 Vind.
482 2375 523 2409 B.
550 2375 628 2408 Vat.
645 2376 686 2408 B.
712 2376 798 2408 Ven.

134 2418 176 2453 C.
209 2419 290 2455 Par.
316 2420 393 2454 DK.
426 2432 495 2454 sec.
526 2421 602 2465 Bip.
635 2422 728 2454 Flor.
753 2421 798 2455 U.

132 2466 301 2547 ffumbss.
339 2466 422 2512 (hic
454 2479 529 2501 cum
559 2467 728 2512 punctis)
766 2471 802 2502 et

165 2524 202 2548 as

170 2579 394 2637 γεγονότας]
418 2582 460 2616 In
482 2581 568 2616 Lob.
595 2593 676 2616 εναι
699 2593 803 2629 super

133 2625 249 2668 νότας
271 2629 405 2673 legitur.

177 2672 252 2719 πρὸ
273 2675 366 2719 τοῦ]
394 2674 538 2719 προτοῦ
564 2675 684 2720 Steph.

177 2720 329 2766 πείρας]
354 2723 485 2765 πεῖρας
509 2721 607 2754 Vind.
633 2722 677 2755 F.

178 2768 374 2812 πείσωμεν]
399 2768 574 2812 πείσομεν
597 2767 682 2802 Lob.
696 2766 798 2805 Vind.

132 2811 203 2847 BF.
227 2813 321 2849 Flor.
347 2814 390 2849 R.

854 1148 956 1184 Vind.
981 1148 1056 1183 BF.
1092 1148 1188 1182 Flor.
1220 1148 1264 1181 R.
1299 1167 1346 1172 —
1380 1148 1523 1182 Proclus

855 1193 890 1228 in
913 1195 1024 1228 Alcib.
1055 1194 1100 1228 Τ.
1125 1194 1171 1228 II.
1192 1205 1283 1252 pag.
1309 1195 1387 1229 226.
1417 1194 1522 1228 Cous.

857 1236 957 1275 ου’τω
974 1239 1044 1295 γὰρ
1067 1237 1113 1284 δή
1141 1238 1203 1273 καὶ
1233 1237 1253 1274 ὁ
1285 1236 1324 1273 ἐν
1346 1240 1524 1274 Πολιτεία

857 1285 1064 1341 Σωκράτης
1084 1285 1168 1329 περὶ
1186 1283 1436 1341 Θρασυμάχου
1454 1299 1523 1330 φη-

856 1332 936 1376 σὶν,
966 1329 1023 1367 ὅτι
1046 1333 1080 1373 εἰ
1106 1332 1168 1366 καὶ
1201 1330 1298 1377 πρὸς
1321 1331 1365 1367 τὸ
1397 1331 1524 1377 παρὸν

856 1379 904 1434 μὴ
932 1377 1128 1413 πέπεισταί
1156 1390 1239 1433 μοι,
1265 1376 1360 1422 πρός
1385 1391 1432 1435 γε
1456 1378 1524 1414 τὸν

857 1424 984 1460 ἔπειτα
1007 1425 1092 1471 βίον
1122 1425 1179 1469 εἴη
1202 1421 1251 1458 ἄν
1275 1437 1312 1458 τι
1332 1423 1526 1470 προύργου

855 1469 1017 1527 γεγονός.
1041 1491 1088 1496 —
1121 1471 1310 1525 Sequentia
1340 1483 1450 1517 usque
1480 1472 1524 1506 ad

855 1516 921 1552 λό
903 1530 981 1562 οις
1012 1518 1152 1552 Ficinus
1188 1518 1238 1551 ita
1262 1519 1450 1552 convertit:
1477 1520 1525 1553 ad

854 1577 930 1599 eam
952 1566 1084 1607 vitam,
1119 1565 1156 1598 in
1176 1576 1279 1609 quam
1303 1577 1377 1598 cum
1402 1577 1524 1609 pervc-

854 1613 995 1653 nerint,
1019 1612 1105 1645 haec
1126 1611 1225 1645 dicta
1243 1612 1429 1655 reperient.

899 1677 1054 1734 μικρόν]
1081 1677 1227 1723 μακρόν
1250 1679 1521 1724 Ang.B.F101-.

853 1726 896 1763 R.
929 1724 1062 1781 μικρόν
1097 1737 1171 1760 cum
1198 1737 1222 1759 α
1254 1737 1358 1771 super
1384 1738 1398 1760 ι
1420 1727 1520 1761 Vind.

851 1773 895 1807 F.
929 1769 1081 1816 σμικρόν
1114 1773 1201 1806 Ven.
1227 1773 1266 1805 B.
1301 1772 1393 1806 Flor.
1422 1773 1462 1808 C.
1488 1777 1524 1807 et

851 1819 1071 1853 recentiores.
1098 1818 1153 1852 Cs.
1179 1818 1308 1853 V01.1.
1334 1821 1509 1864 p.287‚a

850 1865 910 1899 ubi
933 1865 1028 1899 Flor.
1060 1865 1102 1898 C.
1128 1864 1256 1898 oblitus
1282 1877 1366 1900 sum.

895 1908 940 1956 γ’]
968 1922 1007 1956 γε
1032 1912 1117 1946 Lob.
1141 1911 1298 1946 Vind.B.

897 1957 1058 2002 εἴρηκας.
1105 1957 1203 2002 Εἰς]
1256 1957 1430 2003 εἴρηκας,
1469 1957 1523 1998 εἰς

899 2047 1011 2085 ουδεν
1039 2047 1128 2107 μεν]
1166 2050 1222 2083 Ita
1246 2049 1340 2084 Mon.
1366 2050 1407 2084 B.
1442 2054 1522 2085 ante

852 2109 940 2132 corr.
979 2093 1103 2131 οὐδέν’
1129 2108 1149 2130 e
1173 2107 1261 2130 corr.

900 2162 1023 2211 εἶδον]
1050 2165 1133 2199 ἴδον
1156 2165 1258 2199 Vind.
1283 2164 1324 2198 F.
1350 2164 1453 2207 (Ven.
1477 2165 1519 2199 C.

853 2213 932 2247 Par.
958 2213 999 2247 D.
1027 2213 1113 2256 Ang.
1131 2211 1171 2245 Β.
1198 2212 1229 2244 F
1232 2211 1292 2245 lor.
1308 2210 1519 2246 ACRTUV.

853 2260 896 2292 de
928 2258 1051 2303 quibus
1089 2258 1224 2303 quidem
1267 2257 1445 2290 Bekkerus
1486 2260 1522 2291 et

853 2305 1098 2338 Stallbaumius
1131 2307 1271 2343 tacent,
1304 2306 1343 2336 ut
1379 2314 1522 2336 consen-
1555 2307 1558 2312 '

852 2351 918 2384 tire
931 2363 1005 2385 cum
1021 2351 1199 2395 Stephano
1219 2349 1430 2393 videantur.)
1443 2349 1520 2383 Ald.

851 2399 932 2432 Bas.
959 2398 1012 2431 ab.
1048 2397 1170 2440 Steph.
1196 2397 1271 2430 Ast.
1296 2407 1349 2440 pr.
1374 2395 1523 2429 tacenti-

850 2444 915 2477 bus
940 2444 982 2477 de
1005 2444 1085 2478 Par.
1111 2443 1155 2477 K.
1180 2441 1396 2487 Bipontinis,
1421 2453 1522 2486 quem

851 2491 1031 2524 Bekkerus
1064 2486 1165 2523 εἶδον
1200 2489 1328 2522 habere
1360 2491 1524 2522 testatur.

856 2536 938 2570 ι’δον
984 2536 1070 2570 ferri
1105 2547 1171 2569 non
1206 2545 1306 2580 posse
1352 2534 1522 2568 Matthiae

853 2594 991 2626 gramm.
1023 2594 1058 2629 p.
1083 2583 1162 2617 313.
1189 2593 1240 2626 pl.
1274 2580 1329 2616 ed.
1360 2580 1428 2614 iam
1459 2581 1522 2614 ob-

852 2632 1079 2671 servaverat,
1128 2627 1188 2661 sed
1221 2623 1379 2671 πώποτ’,
1430 2627 1522 2672 quod

851 2674 940 2708 idem
971 2674 1142 2728 probabili
1173 2673 1367 2707 coniectura
1399 2673 1522 2707 ductus

852 2733 875 2756 a
896 2721 1039 2755 Platone
1063 2720 1211 2765 positum
1245 2719 1348 2754 etiam
1373 2731 1440 2753 sec.
1466 2719 1518 2753 ed.

851 2779 888 2813 p.
923 2767 1004 2802 449.
1038 2767 1253 2813 suspicatur,
1288 2765 1423 2800 codices
1455 2777 1522 2800 non

851 2814 1104 2850 confirmarunt.

1249 2869 1287 2911 N
1305 2875 1328 2908 2
