<?xml version="1.0" encoding="UTF-8"?>
<!DOCTYPE html PUBLIC "-//W3C//DTD XHTML 1.0 Transitional//EN"
    "http://www.w3.org/TR/xhtml1/DTD/xhtml1-transitional.dtd">
<html xmlns="http://www.w3.org/1999/xhtml" xml:lang="en" lang="en">
 <head>
  <title>
</title>
<meta http-equiv="Content-Type" content="text/html;charset=utf-8" />
  <meta name='ocr-system' content='tesseract 3.04.00' />
  <meta name='ocr-capabilities' content='ocr_page ocr_carea ocr_par ocr_line ocrx_word'/>
</head>
<body>
  <div class='ocr_page' id='page_1' title='image "./operagraecerecen02platuoft_0067.png"; bbox 0 0 1807 3219; ppageno 0'>
   <div class='ocr_carea' id='block_1_1' title="bbox 446 115 1134 160">
    <p class='ocr_par' dir='ltr' id='par_1_1' title="bbox 446 115 1134 160">
     <span class='ocr_line' id='line_1_1' title="bbox 446 115 1134 160; baseline -0.007 0"><span class='ocrx_word' id='word_1_1' title='bbox 446 115 785 160; x_wconf 81' lang='lat' dir='ltr'><strong>CIVITAS</strong></span> <span class='ocrx_word' id='word_1_2' title='bbox 828 115 950 158; x_wconf 91' lang='lat' dir='ltr'><strong>LIB.</strong></span> <span class='ocrx_word' id='word_1_3' title='bbox 979 115 1035 158; x_wconf 90' lang='lat' dir='ltr'><em>V.</em></span> <span class='ocrx_word' id='word_1_4' title='bbox 1065 117 1134 156; x_wconf 78' lang='lat'><em>454</em></span> 
     </span>
    </p>
   </div>
   <div class='ocr_carea' id='block_1_2' title="bbox 1437 116 1494 156">
    <p class='ocr_par' dir='ltr' id='par_1_2' title="bbox 1437 116 1494 156">
     <span class='ocr_line' id='line_1_2' title="bbox 1437 116 1494 156; baseline 0 0"><span class='ocrx_word' id='word_1_5' title='bbox 1437 116 1494 156; x_wconf 76' lang='lat'><em>23</em></span> 
     </span>
    </p>
   </div>
   <div class='ocr_carea' id='block_1_3' title="bbox 110 225 1494 354">
    <p class='ocr_par' dir='ltr' id='par_1_3' title="bbox 110 225 1494 354">
     <span class='ocr_line' id='line_1_3' title="bbox 111 225 1494 288; baseline -0.006 -12"><span class='ocrx_word' id='word_1_6' title='bbox 111 229 227 282; x_wconf 83' lang='grc' dir='ltr'><em>εἶδος</em></span> <span class='ocrx_word' id='word_1_7' title='bbox 254 231 303 275; x_wconf 91' lang='grc' dir='ltr'>τό</span> <span class='ocrx_word' id='word_1_8' title='bbox 334 232 411 288; x_wconf 78' lang='grc' dir='ltr'><em>τῆς</em></span> <span class='ocrx_word' id='word_1_9' title='bbox 441 227 663 284; x_wconf 76' lang='grc' dir='ltr'><em>ἑτέρας’τε</em></span> <span class='ocrx_word' id='word_1_10' title='bbox 691 228 764 273; x_wconf 83' lang='grc' dir='ltr'><em>καὶ</em></span> <span class='ocrx_word' id='word_1_11' title='bbox 793 231 868 285; x_wconf 83' lang='grc' dir='ltr'><em>τῆς</em></span> <span class='ocrx_word' id='word_1_12' title='bbox 908 226 1044 284; x_wconf 75' lang='grc' dir='ltr'><em>αὐτῆς</em></span> <span class='ocrx_word' id='word_1_13' title='bbox 1074 225 1247 283; x_wconf 80' lang='grc' dir='ltr'><em>φύσεως</em></span> <span class='ocrx_word' id='word_1_14' title='bbox 1280 225 1353 270; x_wconf 85' lang='grc' dir='ltr'><em>καὶ</em></span> <span class='ocrx_word' id='word_1_15' title='bbox 1385 225 1494 279; x_wconf 80' lang='grc' dir='ltr'><em>πρὸς</em></span> 
     </span>
     <span class='ocr_line' id='line_1_4' title="bbox 110 293 1492 354; baseline -0.004 -12"><span class='ocrx_word' id='word_1_16' title='bbox 110 300 152 342; x_wconf 83' lang='grc' dir='ltr'><em>τί</em></span> <span class='ocrx_word' id='word_1_17' title='bbox 180 304 328 343; x_wconf 83' lang='grc' dir='ltr'><strong><em>τεῖνον</em></strong></span> <span class='ocrx_word' id='word_1_18' title='bbox 368 295 619 354; x_wconf 67' lang='grc' dir='ltr'><em>ὡριζόμεθα</em></span> <span class='ocrx_word' id='word_1_19' title='bbox 655 296 774 350; x_wconf 88' lang='grc' dir='ltr'><em>τότε,</em></span> <span class='ocrx_word' id='word_1_20' title='bbox 827 296 898 341; x_wconf 81' lang='grc' dir='ltr'><em>ὅτε</em></span> <span class='ocrx_word' id='word_1_21' title='bbox 937 295 990 341; x_wconf 77' lang='grc' dir='ltr'><em>τὰ</em></span> <span class='ocrx_word' id='word_1_22' title='bbox 1028 295 1345 352; x_wconf 80' lang='grc' dir='ltr'><em>ἐπιτηδεύματα</em></span> <span class='ocrx_word' id='word_1_23' title='bbox 1385 293 1492 351; x_wconf 77' lang='grc' dir='ltr'><em>ἄλλῃ</em></span> 
     </span>
    </p>
   </div>
   <div class='ocr_carea' id='block_1_4' title="bbox 111 363 1559 489">
    <p class='ocr_par' dir='ltr' id='par_1_4' title="bbox 111 363 1559 489">
     <span class='ocr_line' id='line_1_5' title="bbox 111 363 1248 424; baseline -0.003 -13"><span class='ocrx_word' id='word_1_24' title='bbox 111 366 244 424; x_wconf 82' lang='grc' dir='ltr'><em>φύσει</em></span> <span class='ocrx_word' id='word_1_25' title='bbox 273 367 404 419; x_wconf 77' lang='grc' dir='ltr'><em>ἄλλα,</em></span> <span class='ocrx_word' id='word_1_26' title='bbox 441 370 495 424; x_wconf 84' lang='grc' dir='ltr'><em>τῇ</em></span> <span class='ocrx_word' id='word_1_27' title='bbox 521 366 572 411; x_wconf 80' lang='grc' dir='ltr'><em>’δὲ</em></span> <span class='ocrx_word' id='word_1_28' title='bbox 603 363 716 422; x_wconf 78' lang='grc' dir='ltr'><em>αὐτῃ</em></span> <span class='ocrx_word' id='word_1_29' title='bbox 745 382 798 409; x_wconf 90' lang='grc' dir='ltr'><em>τα</em></span> <span class='ocrx_word' id='word_1_30' title='bbox 831 364 942 409; x_wconf 74' lang='grc' dir='ltr'><em>αὐτοὶ</em></span> <span class='ocrx_word' id='word_1_31' title='bbox 973 363 1248 420; x_wconf 83' lang='grc' dir='ltr'><em>απεδίδομεν.</em></span> 
     </span>
     <span class='ocr_line' id='line_1_6' title="bbox 817 431 1559 489; baseline -0.004 -13"><span class='ocrx_word' id='word_1_32' title='bbox 817 432 1051 489; x_wconf 78' lang='grc' dir='ltr'><em>Τοιγάρτοι</em></span> <span class='ocrx_word' id='word_1_33' title='bbox 1071 467 1080 485; x_wconf 94' lang='grc'>,</span> <span class='ocrx_word' id='word_1_34' title='bbox 1129 431 1252 478; x_wconf 83' lang='grc' dir='ltr'><em>εἷπον</em></span> <span class='ocrx_word' id='word_1_35' title='bbox 1275 464 1286 485; x_wconf 92' lang='grc'>,</span> <span class='ocrx_word' id='word_1_36' title='bbox 1332 431 1493 484; x_wconf 80' lang='grc' dir='ltr'><em>ε’ξεστιν</em></span> <span class='ocrx_word' id='word_1_37' title='bbox 1525 438 1559 481; x_wconf 83' lang='lat' dir='ltr'>C</span> 
     </span>
    </p>
   </div>
   <div class='ocr_carea' id='block_1_5' title="bbox 111 432 752 492">
    <p class='ocr_par' dir='ltr' id='par_1_5' title="bbox 111 432 752 492">
     <span class='ocr_line' id='line_1_7' title="bbox 111 432 752 492; baseline -0.005 -13"><span class='ocrx_word' id='word_1_38' title='bbox 111 438 198 483; x_wconf 80' lang='grc' dir='ltr'><em>οὐν</em></span> <span class='ocrx_word' id='word_1_39' title='bbox 208 469 220 488; x_wconf 87' lang='grc'>,</span> <span class='ocrx_word' id='word_1_40' title='bbox 255 436 347 492; x_wconf 76' lang='grc' dir='ltr'><em>ἔφη</em></span> <span class='ocrx_word' id='word_1_41' title='bbox 360 467 371 488; x_wconf 88' lang='grc'>,</span> <span class='ocrx_word' id='word_1_42' title='bbox 409 432 752 489; x_wconf 78' lang='grc' dir='ltr'><em>ἐπεσκεψάμεθα.</em></span> 
     </span>
    </p>
   </div>
   <div class='ocr_carea' id='block_1_6' title="bbox 1314 360 1492 418">
    <p class='ocr_par' dir='ltr' id='par_1_6' title="bbox 1314 360 1492 418">
     <span class='ocr_line' id='line_1_8' title="bbox 1314 360 1492 418; baseline -0.011 -12"><span class='ocrx_word' id='word_1_43' title='bbox 1314 360 1378 406; x_wconf 82' lang='grc' dir='ltr'><em>Οὐ</em></span> <span class='ocrx_word' id='word_1_44' title='bbox 1407 361 1492 418; x_wconf 75' lang='grc' dir='ltr'><em>γαρ</em></span> 
     </span>
    </p>
   </div>
   <div class='ocr_carea' id='block_1_7' title="bbox 107 498 1499 697">
    <p class='ocr_par' dir='ltr' id='par_1_7' title="bbox 107 498 1499 697">
     <span class='ocr_line' id='line_1_9' title="bbox 109 498 1495 562; baseline -0.004 -13"><span class='ocrx_word' id='word_1_45' title='bbox 109 503 236 562; x_wconf 79' lang='grc' dir='ltr'><em>ἡμῖν,</em></span> <span class='ocrx_word' id='word_1_46' title='bbox 279 521 340 556; x_wconf 82' lang='grc' dir='ltr'><em>ως</em></span> <span class='ocrx_word' id='word_1_47' title='bbox 369 504 512 549; x_wconf 79' lang='grc' dir='ltr'><em>ἔοικεν</em></span> <span class='ocrx_word' id='word_1_48' title='bbox 532 537 542 554; x_wconf 94' lang='grc'>,</span> <span class='ocrx_word' id='word_1_49' title='bbox 598 500 822 560; x_wconf 77' lang='grc' dir='ltr'><em>ἀνερωτᾶν</em></span> <span class='ocrx_word' id='word_1_50' title='bbox 857 501 972 558; x_wconf 75' lang='grc' dir='ltr'><em>ἡμᾶς</em></span> <span class='ocrx_word' id='word_1_51' title='bbox 1014 500 1178 553; x_wconf 75' lang='grc' dir='ltr'><em>αυτούς</em></span> <span class='ocrx_word' id='word_1_52' title='bbox 1199 536 1209 553; x_wconf 91' lang='grc'>,</span> <span class='ocrx_word' id='word_1_53' title='bbox 1262 502 1298 545; x_wconf 81' lang='grc' dir='ltr'><em>εἰ</em></span> <span class='ocrx_word' id='word_1_54' title='bbox 1327 499 1353 557; x_wconf 81' lang='grc' dir='ltr'><em>ἡ</em></span> <span class='ocrx_word' id='word_1_55' title='bbox 1386 498 1495 556; x_wconf 87' lang='grc' dir='ltr'><em>αὐτὴ</em></span> 
     </span>
     <span class='ocr_line' id='line_1_10' title="bbox 111 569 1499 629; baseline -0.003 -13"><span class='ocrx_word' id='word_1_56' title='bbox 111 572 246 629; x_wconf 77' lang='grc' dir='ltr'><em>φύσις</em></span> <span class='ocrx_word' id='word_1_57' title='bbox 285 575 527 629; x_wconf 77' lang='grc' dir='ltr'><em>φαλακρῶν</em></span> <span class='ocrx_word' id='word_1_58' title='bbox 566 572 640 616; x_wconf 77' lang='grc' dir='ltr'><em>καὶ</em></span> <span class='ocrx_word' id='word_1_59' title='bbox 677 572 880 627; x_wconf 77' lang='grc' dir='ltr'><strong><em>κομητῶν</em></strong></span> <span class='ocrx_word' id='word_1_60' title='bbox 911 572 984 614; x_wconf 79' lang='grc' dir='ltr'><em>καὶ</em></span> <span class='ocrx_word' id='word_1_61' title='bbox 1017 569 1098 626; x_wconf 86' lang='grc' dir='ltr'><em>οὐχ</em></span> <span class='ocrx_word' id='word_1_62' title='bbox 1125 569 1152 627; x_wconf 82' lang='grc' dir='ltr'><em>ἡ</em></span> <span class='ocrx_word' id='word_1_63' title='bbox 1184 570 1381 622; x_wconf 78' lang='grc' dir='ltr'><em>ἐναντία,</em></span> <span class='ocrx_word' id='word_1_64' title='bbox 1423 569 1499 613; x_wconf 76' lang='grc' dir='ltr'><em>καὶ</em></span> 
     </span>
     <span class='ocr_line' id='line_1_11' title="bbox 107 635 1496 697; baseline -0.004 -12"><span class='ocrx_word' id='word_1_65' title='bbox 107 640 285 685; x_wconf 74' lang='grc' dir='ltr'><em>ἐπειδὰν</em></span> <span class='ocrx_word' id='word_1_66' title='bbox 314 639 594 697; x_wconf 80' lang='grc' dir='ltr'><em>ὁμολογῶμεν</em></span> <span class='ocrx_word' id='word_1_67' title='bbox 623 639 826 682; x_wconf 79' lang='grc' dir='ltr'><em>ἐναντίαν</em></span> <span class='ocrx_word' id='word_1_68' title='bbox 855 635 988 691; x_wconf 84' lang='grc' dir='ltr'><em>εἶναι,</em></span> <span class='ocrx_word' id='word_1_69' title='bbox 1030 639 1107 683; x_wconf 78' lang='grc' dir='ltr'><em>ἐὰν</em></span> <span class='ocrx_word' id='word_1_70' title='bbox 1137 639 1358 695; x_wconf 82' lang='grc' dir='ltr'><em>φαλακροὶ</em></span> <span class='ocrx_word' id='word_1_71' title='bbox 1389 649 1496 681; x_wconf 86' lang='grc' dir='ltr'><strong><em>σκυ-</em></strong></span> 
     </span>
    </p>
   </div>
   <div class='ocr_carea' id='block_1_8' title="bbox 107 706 1186 834">
    <p class='ocr_par' dir='ltr' id='par_1_8' title="bbox 107 706 1186 834">
     <span class='ocr_line' id='line_1_12' title="bbox 107 706 1033 767; baseline -0.001 -14"><span class='ocrx_word' id='word_1_72' title='bbox 107 712 356 765; x_wconf 69' lang='grc' dir='ltr'><em>τοτομῶσι,</em></span> <span class='ocrx_word' id='word_1_73' title='bbox 399 708 457 766; x_wconf 72' lang='grc' dir='ltr'><em>μή</em></span> <span class='ocrx_word' id='word_1_74' title='bbox 497 708 576 767; x_wconf 75' lang='grc' dir='ltr'><em>ἐᾷν</em></span> <span class='ocrx_word' id='word_1_75' title='bbox 615 707 830 764; x_wconf 82' lang='grc' dir='ltr'><em>κομήτας,</em></span> <span class='ocrx_word' id='word_1_76' title='bbox 868 706 946 751; x_wconf 69' lang='grc' dir='ltr'><em>ἐάν</em></span> <span class='ocrx_word' id='word_1_77' title='bbox 988 707 1033 752; x_wconf 84' lang='grc' dir='ltr'><em>δ’</em></span> 
     </span>
     <span class='ocr_line' id='line_1_13' title="bbox 488 772 1186 834; baseline 0.001 -14"><span class='ocrx_word' id='word_1_78' title='bbox 488 780 531 820; x_wconf 90' lang='grc' dir='ltr'>Γ</span> <span class='ocrx_word' id='word_1_79' title='bbox 528 781 674 821; x_wconf 89' lang='grc' dir='ltr'><em>ελοῖον</em></span> <span class='ocrx_word' id='word_1_80' title='bbox 704 772 818 832; x_wconf 81' lang='grc' dir='ltr'><em>μέντ’</em></span> <span class='ocrx_word' id='word_1_81' title='bbox 861 774 916 819; x_wconf 69' lang='grc' dir='ltr'><em>ἄν</em></span> <span class='ocrx_word' id='word_1_82' title='bbox 955 778 1043 833; x_wconf 77' lang='grc' dir='ltr'><em>εἴη,</em></span> <span class='ocrx_word' id='word_1_83' title='bbox 1093 778 1186 834; x_wconf 75' lang='grc' dir='ltr'>ἔφη.</span> 
     </span>
    </p>
   </div>
   <div class='ocr_carea' id='block_1_9' title="bbox 106 777 427 833">
    <p class='ocr_par' dir='ltr' id='par_1_9' title="bbox 106 777 427 833">
     <span class='ocr_line' id='line_1_14' title="bbox 106 777 427 833; baseline -0.006 -11"><span class='ocrx_word' id='word_1_84' title='bbox 106 777 210 829; x_wconf 80' lang='grc' dir='ltr'><em>τούς</em></span> <span class='ocrx_word' id='word_1_85' title='bbox 240 778 427 833; x_wconf 77' lang='grc' dir='ltr'><em>ἑτέρους.</em></span> 
     </span>
    </p>
   </div>
   <div class='ocr_carea' id='block_1_10' title="bbox 1084 703 1498 832">
    <p class='ocr_par' dir='ltr' id='par_1_10' title="bbox 1084 703 1498 832">
     <span class='ocr_line' id='line_1_15' title="bbox 1084 703 1496 765; baseline -0.007 -13"><span class='ocrx_word' id='word_1_86' title='bbox 1084 703 1142 752; x_wconf 79' lang='grc' dir='ltr'><em>αὖ</em></span> <span class='ocrx_word' id='word_1_87' title='bbox 1181 712 1390 765; x_wconf 84' lang='grc' dir='ltr'><em>κομῆται,</em></span> <span class='ocrx_word' id='word_1_88' title='bbox 1437 703 1496 761; x_wconf 91' lang='grc' dir='ltr'><em>μὴ</em></span> 
     </span>
     <span class='ocr_line' id='line_1_16' title="bbox 1264 771 1498 832; baseline -0.013 -13"><span class='ocrx_word' id='word_1_89' title='bbox 1264 771 1370 832; x_wconf 68' lang='grc' dir='ltr'><em>ςΑρα</em></span> <span class='ocrx_word' id='word_1_90' title='bbox 1406 771 1498 818; x_wconf 85' lang='grc' dir='ltr'><em>κατ’</em></span> 
     </span>
    </p>
   </div>
   <div class='ocr_carea' id='block_1_11' title="bbox 106 841 1558 1109">
    <p class='ocr_par' dir='ltr' id='par_1_11' title="bbox 106 841 1558 1109">
     <span class='ocr_line' id='line_1_17' title="bbox 107 841 1499 902; baseline -0.004 -12"><span class='ocrx_word' id='word_1_91' title='bbox 107 844 215 890; x_wconf 74' lang='grc' dir='ltr'><em>ἄλλο</em></span> <span class='ocrx_word' id='word_1_92' title='bbox 245 862 310 898; x_wconf 82' lang='grc' dir='ltr'><em>τι,</em></span> <span class='ocrx_word' id='word_1_93' title='bbox 354 843 478 891; x_wconf 81' lang='grc' dir='ltr'><em>εἷπον</em></span> <span class='ocrx_word' id='word_1_94' title='bbox 525 844 632 901; x_wconf 79' lang='grc' dir='ltr'><em>ἐγώ,</em></span> <span class='ocrx_word' id='word_1_95' title='bbox 680 848 885 901; x_wconf 74' lang='grc' dir='ltr'><em>γελοῖον,</em></span> <span class='ocrx_word' id='word_1_96' title='bbox 917 845 953 902; x_wconf 80' lang='grc' dir='ltr'><strong><em>ἢ</em></strong></span> <span class='ocrx_word' id='word_1_97' title='bbox 985 845 1053 889; x_wconf 84' lang='grc' dir='ltr'><em>ὅτι</em></span> <span class='ocrx_word' id='word_1_98' title='bbox 1092 845 1188 890; x_wconf 86' lang='grc' dir='ltr'><em>τότε</em></span> <span class='ocrx_word' id='word_1_99' title='bbox 1228 843 1283 888; x_wconf 77' lang='grc' dir='ltr'><em>οὐ</em></span> <span class='ocrx_word' id='word_1_100' title='bbox 1323 841 1499 893; x_wconf 82' lang='grc' dir='ltr'><em>πάντως</em></span> 
     </span>
     <span class='ocr_line' id='line_1_18' title="bbox 106 911 1496 972; baseline -0.004 -14"><span class='ocrx_word' id='word_1_101' title='bbox 106 914 189 972; x_wconf 86' lang='grc' dir='ltr'><em>τὴν</em></span> <span class='ocrx_word' id='word_1_102' title='bbox 219 913 360 972; x_wconf 74' lang='grc' dir='ltr'><em>αὐτὴν</em></span> <span class='ocrx_word' id='word_1_103' title='bbox 389 915 462 958; x_wconf 84' lang='grc' dir='ltr'><em>καὶ</em></span> <span class='ocrx_word' id='word_1_104' title='bbox 491 913 570 970; x_wconf 86' lang='grc' dir='ltr'><em>τὴν</em></span> <span class='ocrx_word' id='word_1_105' title='bbox 600 913 752 968; x_wconf 78' lang='grc' dir='ltr'><em>ἑτέραν</em></span> <span class='ocrx_word' id='word_1_106' title='bbox 784 912 920 969; x_wconf 84' lang='grc' dir='ltr'><em>φύσιν</em></span> <span class='ocrx_word' id='word_1_107' title='bbox 944 914 1204 969; x_wconf 77' lang='grc' dir='ltr'><em>ἐτιθέμεθα,</em></span> <span class='ocrx_word' id='word_1_108' title='bbox 1236 911 1333 957; x_wconf 73' lang='grc' dir='ltr'><em>ἀλλ’</em></span> <span class='ocrx_word' id='word_1_109' title='bbox 1356 912 1496 955; x_wconf 79' lang='grc' dir='ltr'><em>ἐκεῖνο</em></span> 
     </span>
     <span class='ocr_line' id='line_1_19' title="bbox 107 979 1558 1040; baseline -0.003 -12"><span class='ocrx_word' id='word_1_110' title='bbox 107 983 158 1030; x_wconf 83' lang='grc' dir='ltr'><em>τὸ</em></span> <span class='ocrx_word' id='word_1_111' title='bbox 189 981 307 1035; x_wconf 80' lang='grc' dir='ltr'><em>εἶδος</em></span> <span class='ocrx_word' id='word_1_112' title='bbox 335 987 411 1040; x_wconf 81' lang='grc' dir='ltr'><em>τῆς</em></span> <span class='ocrx_word' id='word_1_113' title='bbox 438 981 709 1034; x_wconf 75' lang='grc' dir='ltr'><em>ἀλλοιώσεώς</em></span> <span class='ocrx_word' id='word_1_114' title='bbox 739 998 783 1025; x_wconf 89' lang='grc' dir='ltr'><em>τε</em></span> <span class='ocrx_word' id='word_1_115' title='bbox 813 982 884 1025; x_wconf 87' lang='grc' dir='ltr'><em>καὶ</em></span> <span class='ocrx_word' id='word_1_116' title='bbox 926 980 1176 1038; x_wconf 78' lang='grc' dir='ltr'><em>ὁμοιώσεως</em></span> <span class='ocrx_word' id='word_1_117' title='bbox 1213 980 1356 1037; x_wconf 88' lang='grc' dir='ltr'><em>μόνον</em></span> <span class='ocrx_word' id='word_1_118' title='bbox 1384 979 1495 1035; x_wconf 76' lang='grc' dir='ltr'><em>ἐφυ-</em></span> <span class='ocrx_word' id='word_1_119' title='bbox 1519 981 1558 1024; x_wconf 93' lang='lat' dir='ltr'>D</span> 
     </span>
     <span class='ocr_line' id='line_1_20' title="bbox 108 1045 1501 1109; baseline -0.004 -14"><span class='ocrx_word' id='word_1_120' title='bbox 108 1050 344 1108; x_wconf 77' lang='grc' dir='ltr'><em>λάττομεν,</em></span> <span class='ocrx_word' id='word_1_121' title='bbox 382 1050 430 1096; x_wconf 84' lang='grc' dir='ltr'>τὸ</span> <span class='ocrx_word' id='word_1_122' title='bbox 462 1051 576 1107; x_wconf 77' lang='grc' dir='ltr'><em>πρὸς</em></span> <span class='ocrx_word' id='word_1_123' title='bbox 607 1050 718 1095; x_wconf 81' lang='grc' dir='ltr'><em>αὐτὰ</em></span> <span class='ocrx_word' id='word_1_124' title='bbox 754 1055 900 1095; x_wconf 84' lang='grc' dir='ltr'><em>τεῖνον</em></span> <span class='ocrx_word' id='word_1_125' title='bbox 932 1050 987 1094; x_wconf 87' lang='grc' dir='ltr'><em>τὰ</em></span> <span class='ocrx_word' id='word_1_126' title='bbox 1016 1049 1360 1109; x_wconf 62' lang='grc' dir='ltr'><em>ἐπιτηδεύματα,</em></span> <span class='ocrx_word' id='word_1_127' title='bbox 1404 1045 1501 1091; x_wconf 82' lang='grc' dir='ltr'><em>οἷον</em></span> 
     </span>
    </p>
   </div>
   <div class='ocr_carea' id='block_1_12' title="bbox 109 1173 776 1523">
    <p class='ocr_par' dir='ltr' id='par_1_12' title="bbox 109 1173 775 1523">
     <span class='ocr_line' id='line_1_21' title="bbox 153 1173 662 1221; baseline -0.002 -9"><span class='ocrx_word' id='word_1_128' title='bbox 153 1175 278 1221; x_wconf 80' lang='grc' dir='ltr'><em>πάνυ]</em></span> <span class='ocrx_word' id='word_1_129' title='bbox 301 1173 404 1210; x_wconf 70' lang='grc' dir='ltr'><em>πάνυ</em></span> <span class='ocrx_word' id='word_1_130' title='bbox 429 1187 469 1210; x_wconf 84' lang='grc' dir='ltr'><em>τε</em></span> <span class='ocrx_word' id='word_1_131' title='bbox 493 1176 594 1211; x_wconf 87' lang='lat' dir='ltr'><strong>Vind.</strong></span> <span class='ocrx_word' id='word_1_132' title='bbox 618 1177 662 1211; x_wconf 79' lang='lat' dir='ltr'><em>E.</em></span> 
     </span>
     <span class='ocr_line' id='line_1_22' title="bbox 154 1232 775 1279; baseline -0.003 -9"><span class='ocrx_word' id='word_1_133' title='bbox 154 1232 464 1279; x_wconf 77' lang='grc' dir='ltr'><em>ἐπεσκεψάμεθα]</em></span> <span class='ocrx_word' id='word_1_134' title='bbox 493 1232 775 1279; x_wconf 77' lang='grc' dir='ltr'><em>ἐπισκεψόμεθα</em></span> 
     </span>
     <span class='ocr_line' id='line_1_23' title="bbox 109 1281 708 1327; baseline -0.005 -10"><span class='ocrx_word' id='word_1_135' title='bbox 109 1284 190 1318; x_wconf 82' lang='lat' dir='ltr'><strong>Gal.</strong></span> <span class='ocrx_word' id='word_1_136' title='bbox 207 1283 288 1316; x_wconf 75' lang='lat' dir='ltr'><strong>Bas.</strong></span> <span class='ocrx_word' id='word_1_137' title='bbox 313 1282 347 1316; x_wconf 88' lang='lat' dir='ltr'><em>h.</em></span> <span class='ocrx_word' id='word_1_138' title='bbox 371 1281 394 1316; x_wconf 92' lang='lat' dir='ltr'><em>l.</em></span> <span class='ocrx_word' id='word_1_139' title='bbox 421 1286 456 1315; x_wconf 82' lang='lat' dir='ltr'><em>et</em></span> <span class='ocrx_word' id='word_1_140' title='bbox 480 1281 594 1326; x_wconf 84' lang='lat' dir='ltr'>paullo</span> <span class='ocrx_word' id='word_1_141' title='bbox 619 1286 708 1327; x_wconf 79' lang='lat' dir='ltr'><strong>post.</strong></span> 
     </span>
     <span class='ocr_line' id='line_1_24' title="bbox 154 1349 772 1399; baseline -0.003 -12"><span class='ocrx_word' id='word_1_142' title='bbox 154 1350 216 1398; x_wconf 76' lang='grc' dir='ltr'><em>δὲ]</em></span> <span class='ocrx_word' id='word_1_143' title='bbox 231 1355 305 1399; x_wconf 60' lang='lat' dir='ltr'><strong>som.</strong></span> <span class='ocrx_word' id='word_1_144' title='bbox 330 1350 423 1398; x_wconf 74' lang='lat' dir='ltr'><strong>Lob.</strong></span> <span class='ocrx_word' id='word_1_145' title='bbox 443 1349 543 1384; x_wconf 86' lang='lat' dir='ltr'><strong>Vind.</strong></span> <span class='ocrx_word' id='word_1_146' title='bbox 567 1351 607 1384; x_wconf 90' lang='lat' dir='ltr'><em>B.</em></span> <span class='ocrx_word' id='word_1_147' title='bbox 631 1350 710 1385; x_wconf 82' lang='lat' dir='ltr'><strong>Vat.</strong></span> <span class='ocrx_word' id='word_1_148' title='bbox 724 1351 772 1385; x_wconf 87' lang='lat' dir='ltr'><em>M.</em></span> 
     </span>
     <span class='ocr_line' id='line_1_25' title="bbox 154 1403 618 1454; baseline -0.013 -7"><span class='ocrx_word' id='word_1_149' title='bbox 154 1405 266 1454; x_wconf 72' lang='grc' dir='ltr'><em>οὐδ’]</em></span> <span class='ocrx_word' id='word_1_150' title='bbox 292 1405 357 1444; x_wconf 81' lang='grc' dir='ltr'><em>ὁδ’</em></span> <span class='ocrx_word' id='word_1_151' title='bbox 381 1409 483 1444; x_wconf 79' lang='lat' dir='ltr'><strong>vind.</strong></span> <span class='ocrx_word' id='word_1_152' title='bbox 508 1409 550 1443; x_wconf 87' lang='grc' dir='ltr'><em>Ε.</em></span> <span class='ocrx_word' id='word_1_153' title='bbox 615 1403 618 1405; x_wconf 69' lang='grc'><strong>’</strong></span> 
     </span>
     <span class='ocr_line' id='line_1_26' title="bbox 151 1473 776 1523; baseline -0.008 -8"><span class='ocrx_word' id='word_1_154' title='bbox 151 1476 322 1523; x_wconf 79' lang='grc' dir='ltr'><em>ὁπηοῦν,</em></span> <span class='ocrx_word' id='word_1_155' title='bbox 359 1478 418 1522; x_wconf 88' lang='grc' dir='ltr'><em>τί]</em></span> <span class='ocrx_word' id='word_1_156' title='bbox 455 1473 604 1521; x_wconf 80' lang='grc' dir='ltr'><em>ὁπῃοῦν</em></span> <span class='ocrx_word' id='word_1_157' title='bbox 626 1489 663 1511; x_wconf 90' lang='grc' dir='ltr'><em>τι</em></span> <span class='ocrx_word' id='word_1_158' title='bbox 696 1476 776 1511; x_wconf 86' lang='lat' dir='ltr'><strong>Ald.</strong></span> 
     </span>
    </p>
   </div>
   <div class='ocr_carea' id='block_1_13' title="bbox 105 1523 772 1583">
    <p class='ocr_par' dir='ltr' id='par_1_13' title="bbox 105 1523 772 1583">
     <span class='ocr_line' id='line_1_27' title="bbox 105 1523 772 1583; baseline -0.008 -21"><span class='ocrx_word' id='word_1_159' title='bbox 105 1523 296 1583; x_wconf 72' lang='grc' dir='ltr'><em>ὁπ’·ἠουντι</em></span> <span class='ocrx_word' id='word_1_160' title='bbox 318 1525 407 1559; x_wconf 85' lang='lat' dir='ltr'><strong>Lob.</strong></span> <span class='ocrx_word' id='word_1_161' title='bbox 432 1524 533 1558; x_wconf 82' lang='lat' dir='ltr'><em>Vind</em></span> <span class='ocrx_word' id='word_1_162' title='bbox 549 1525 590 1557; x_wconf 90' lang='lat' dir='ltr'><em>D.</em></span> <span class='ocrx_word' id='word_1_163' title='bbox 613 1524 692 1558; x_wconf 74' lang='lat' dir='ltr'><strong>Bas.</strong></span> <span class='ocrx_word' id='word_1_164' title='bbox 718 1525 772 1558; x_wconf 87' lang='lat' dir='ltr'><em>ab.</em></span> 
     </span>
    </p>
   </div>
   <div class='ocr_carea' id='block_1_14' title="bbox 103 1566 773 1661">
    <p class='ocr_par' dir='ltr' id='par_1_14' title="bbox 103 1566 773 1661">
     <span class='ocr_line' id='line_1_28' title="bbox 105 1566 773 1618; baseline -0.006 -10"><span class='ocrx_word' id='word_1_165' title='bbox 105 1570 180 1618; x_wconf 85' lang='grc' dir='ltr'><em>όπη</em></span> <span class='ocrx_word' id='word_1_166' title='bbox 207 1571 279 1606; x_wconf 71' lang='grc' dir='ltr'><em>οῦν</em></span> <span class='ocrx_word' id='word_1_167' title='bbox 301 1583 338 1605; x_wconf 92' lang='grc' dir='ltr'><em>τι</em></span> <span class='ocrx_word' id='word_1_168' title='bbox 361 1571 460 1604; x_wconf 85' lang='lat' dir='ltr'><strong>Vind.</strong></span> <span class='ocrx_word' id='word_1_169' title='bbox 487 1570 528 1604; x_wconf 99' lang='lat' dir='ltr'><em>F.</em></span> <span class='ocrx_word' id='word_1_170' title='bbox 574 1566 773 1604; x_wconf 83' lang='grc' dir='ltr'><em>ὁποιουντι</em></span> 
     </span>
     <span class='ocr_line' id='line_1_29' title="bbox 103 1614 772 1661; baseline -0.005 -8"><span class='ocrx_word' id='word_1_171' title='bbox 103 1620 206 1654; x_wconf 83' lang='lat' dir='ltr'><strong>vind.</strong></span> <span class='ocrx_word' id='word_1_172' title='bbox 225 1619 276 1653; x_wconf 74' lang='lat' dir='ltr'><em>&#39;E-</em></span> <span class='ocrx_word' id='word_1_173' title='bbox 303 1614 486 1661; x_wconf 83' lang='grc' dir='ltr'><em>ὁπητιοῦν</em></span> <span class='ocrx_word' id='word_1_174' title='bbox 510 1617 611 1650; x_wconf 86' lang='lat' dir='ltr'><strong>Vind.</strong></span> <span class='ocrx_word' id='word_1_175' title='bbox 627 1617 666 1651; x_wconf 93' lang='lat' dir='ltr'><em>B.</em></span> <span class='ocrx_word' id='word_1_176' title='bbox 689 1617 772 1651; x_wconf 82' lang='lat' dir='ltr'><strong>vat.</strong></span> 
     </span>
    </p>
   </div>
   <div class='ocr_carea' id='block_1_15' title="bbox 102 1662 482 1701">
    <p class='ocr_par' dir='ltr' id='par_1_15' title="bbox 102 1662 482 1701">
     <span class='ocr_line' id='line_1_30' title="bbox 102 1662 482 1701; baseline -0.011 0"><span class='ocrx_word' id='word_1_177' title='bbox 102 1666 152 1701; x_wconf 88' lang='lat' dir='ltr'><em>M.</em></span> <span class='ocrx_word' id='word_1_178' title='bbox 186 1662 318 1701; x_wconf 75' lang='grc' dir='ltr'><em>ὁτιοῦν</em></span> <span class='ocrx_word' id='word_1_179' title='bbox 341 1663 378 1698; x_wconf 85' lang='grc' dir='ltr'><em>τί</em></span> <span class='ocrx_word' id='word_1_180' title='bbox 402 1665 482 1697; x_wconf 84' lang='lat' dir='ltr'><strong>Gal.</strong></span> 
     </span>
    </p>
   </div>
   <div class='ocr_carea' id='block_1_16' title="bbox 101 1732 773 1827">
    <p class='ocr_par' dir='ltr' id='par_1_16' title="bbox 101 1732 773 1827">
     <span class='ocr_line' id='line_1_31' title="bbox 148 1732 773 1779; baseline -0.003 -11"><span class='ocrx_word' id='word_1_181' title='bbox 148 1732 246 1779; x_wconf 83' lang='grc' dir='ltr'><em>πρὸς</em></span> <span class='ocrx_word' id='word_1_182' title='bbox 277 1733 315 1768; x_wconf 84' lang='grc' dir='ltr'><em>τί</em></span> <span class='ocrx_word' id='word_1_183' title='bbox 344 1733 490 1778; x_wconf 83' lang='grc' dir='ltr'><em>τεῖνον]</em></span> <span class='ocrx_word' id='word_1_184' title='bbox 527 1745 685 1778; x_wconf 81' lang='lat' dir='ltr'><em>quorsum</em></span> <span class='ocrx_word' id='word_1_185' title='bbox 716 1745 773 1767; x_wconf 80' lang='lat' dir='ltr'><em>re-</em></span> 
     </span>
     <span class='ocr_line' id='line_1_32' title="bbox 101 1779 380 1827; baseline -0.014 -10"><span class='ocrx_word' id='word_1_186' title='bbox 101 1783 284 1827; x_wconf 73' lang='lat' dir='ltr'><em>spicientes</em></span> <span class='ocrx_word' id='word_1_187' title='bbox 305 1779 380 1814; x_wconf 87' lang='lat' dir='ltr'><strong>Fic.</strong></span> 
     </span>
    </p>
   </div>
   <div class='ocr_carea' id='block_1_17' title="bbox 102 1844 770 1949">
    <p class='ocr_par' dir='ltr' id='par_1_17' title="bbox 102 1844 770 1949">
     <span class='ocr_line' id='line_1_33' title="bbox 150 1844 770 1893; baseline -0.002 -10"><span class='ocrx_word' id='word_1_188' title='bbox 150 1846 392 1893; x_wconf 68' lang='grc' dir='ltr'><em>ὡριζόμεθα]</em></span> <span class='ocrx_word' id='word_1_189' title='bbox 440 1844 649 1892; x_wconf 74' lang='grc' dir='ltr'><em>ὁριζόμεθα</em></span> <span class='ocrx_word' id='word_1_190' title='bbox 682 1847 770 1882; x_wconf 86' lang='lat' dir='ltr'><strong>Lob.</strong></span> 
     </span>
     <span class='ocr_line' id='line_1_34' title="bbox 102 1895 482 1949; baseline -0.005 -19"><span class='ocrx_word' id='word_1_191' title='bbox 102 1895 205 1930; x_wconf 83' lang='lat' dir='ltr'><strong>Vind.</strong></span> <span class='ocrx_word' id='word_1_192' title='bbox 233 1895 275 1930; x_wconf 85' lang='lat' dir='ltr'><em>F.</em></span> <span class='ocrx_word' id='word_1_193' title='bbox 300 1895 381 1949; x_wconf 53' lang='grc' dir='ltr'><em>ναξ.</em></span> <span class='ocrx_word' id='word_1_194' title='bbox 406 1895 482 1928; x_wconf 91' lang='lat' dir='ltr'><em>BH.</em></span> 
     </span>
    </p>
   </div>
   <div class='ocr_carea' id='block_1_18' title="bbox 149 1960 436 2009">
    <p class='ocr_par' dir='ltr' id='par_1_18' title="bbox 149 1960 436 2009">
     <span class='ocr_line' id='line_1_35' title="bbox 149 1960 436 2009; baseline -0.007 -10"><span class='ocrx_word' id='word_1_195' title='bbox 149 1960 236 2009; x_wconf 79' lang='grc' dir='ltr'><em>ὅτε]</em></span> <span class='ocrx_word' id='word_1_196' title='bbox 262 1977 327 1999; x_wconf 87' lang='lat' dir='ltr'><em>om.</em></span> <span class='ocrx_word' id='word_1_197' title='bbox 354 1963 436 2001; x_wconf 84' lang='lat' dir='ltr'><strong>Gal,</strong></span> 
     </span>
    </p>
   </div>
   <div class='ocr_carea' id='block_1_19' title="bbox 101 2029 770 2115">
    <p class='ocr_par' dir='ltr' id='par_1_19' title="bbox 101 2029 770 2115">
     <span class='ocr_line' id='line_1_36' title="bbox 146 2029 770 2079; baseline -0.002 -12"><span class='ocrx_word' id='word_1_198' title='bbox 146 2029 264 2079; x_wconf 69' lang='grc' dir='ltr'><em>ἄλλῃ]</em></span> <span class='ocrx_word' id='word_1_199' title='bbox 291 2031 363 2068; x_wconf 76' lang='lat' dir='ltr'><em>ov&#39;n</em></span> <span class='ocrx_word' id='word_1_200' title='bbox 388 2035 600 2078; x_wconf 75' lang='lat' dir='ltr'><em>anteponunt</em></span> <span class='ocrx_word' id='word_1_201' title='bbox 625 2035 708 2077; x_wconf 81' lang='lat' dir='ltr'><strong>Ang.</strong></span> <span class='ocrx_word' id='word_1_202' title='bbox 731 2033 770 2066; x_wconf 88' lang='lat' dir='ltr'><em>B.</em></span> 
     </span>
     <span class='ocr_line' id='line_1_37' title="bbox 101 2079 770 2115; baseline -0.004 0"><span class='ocrx_word' id='word_1_203' title='bbox 101 2081 195 2115; x_wconf 84' lang='lat' dir='ltr'><strong>Flor.</strong></span> <span class='ocrx_word' id='word_1_204' title='bbox 220 2081 262 2114; x_wconf 85' lang='lat' dir='ltr'><em>R.</em></span> <span class='ocrx_word' id='word_1_205' title='bbox 297 2084 332 2114; x_wconf 81' lang='lat' dir='ltr'><em>et</em></span> <span class='ocrx_word' id='word_1_206' title='bbox 363 2092 386 2114; x_wconf 88' lang='lat' dir='ltr'>a</span> <span class='ocrx_word' id='word_1_207' title='bbox 414 2091 458 2113; x_wconf 89' lang='lat' dir='ltr'><em>m.</em></span> <span class='ocrx_word' id='word_1_208' title='bbox 483 2090 553 2113; x_wconf 84' lang='lat' dir='ltr'><strong>sec.</strong></span> <span class='ocrx_word' id='word_1_209' title='bbox 586 2079 647 2114; x_wconf 80' lang='lat' dir='ltr'><strong>int.</strong></span> <span class='ocrx_word' id='word_1_210' title='bbox 681 2090 770 2115; x_wconf 65' lang='lat' dir='ltr'><strong>vem.</strong></span> 
     </span>
    </p>
   </div>
   <div class='ocr_carea' id='block_1_20' title="bbox 100 2126 771 2309">
    <p class='ocr_par' dir='ltr' id='par_1_20' title="bbox 100 2126 771 2309">
     <span class='ocr_line' id='line_1_38' title="bbox 100 2126 268 2162; baseline -0.012 0"><span class='ocrx_word' id='word_1_211' title='bbox 100 2127 203 2162; x_wconf 87' lang='lat' dir='ltr'><strong>Vind.</strong></span> <span class='ocrx_word' id='word_1_212' title='bbox 226 2126 268 2160; x_wconf 88' lang='lat' dir='ltr'><em>F.</em></span> 
     </span>
     <span class='ocr_line' id='line_1_39' title="bbox 147 2191 770 2243; baseline -0.002 -14"><span class='ocrx_word' id='word_1_213' title='bbox 147 2191 391 2243; x_wconf 73' lang='grc' dir='ltr'><em>ἀπεδίδομεν]</em></span> <span class='ocrx_word' id='word_1_214' title='bbox 414 2191 633 2238; x_wconf 80' lang='grc' dir='ltr'><em>ἐπεδίδομεν</em></span> <span class='ocrx_word' id='word_1_215' title='bbox 644 2195 723 2228; x_wconf 86' lang='lat' dir='ltr'><strong>Bas.</strong></span> <span class='ocrx_word' id='word_1_216' title='bbox 737 2195 770 2228; x_wconf 93' lang='lat' dir='ltr'><em>b.</em></span> 
     </span>
     <span class='ocr_line' id='line_1_40' title="bbox 105 2248 771 2309; baseline -0.003 -11"><span class='ocrx_word' id='word_1_217' title='bbox 105 2248 107 2250; x_wconf 87' lang='lat'><strong>.</strong></span> <span class='ocrx_word' id='word_1_218' title='bbox 151 2261 210 2298; x_wconf 90' lang='grc' dir='ltr'><em>Ου</em></span> <span class='ocrx_word' id='word_1_219' title='bbox 234 2262 307 2308; x_wconf 80' lang='grc' dir='ltr'><em>γὰρ</em></span> <span class='ocrx_word' id='word_1_220' title='bbox 333 2256 427 2309; x_wconf 73' lang='grc' dir='ltr'><em>οὖν]</em></span> <span class='ocrx_word' id='word_1_221' title='bbox 463 2261 658 2309; x_wconf 79' lang='grc' dir='ltr'><em>οὕγαροῦν</em></span> <span class='ocrx_word' id='word_1_222' title='bbox 682 2263 771 2297; x_wconf 91' lang='lat' dir='ltr'><strong>Lob.</strong></span> 
     </span>
    </p>
   </div>
   <div class='ocr_carea' id='block_1_21' title="bbox 56 2330 769 2415">
    <p class='ocr_par' dir='ltr' id='par_1_21' title="bbox 56 2330 769 2415">
     <span class='ocr_line' id='line_1_41' title="bbox 56 2330 769 2384; baseline -0.004 -17"><span class='ocrx_word' id='word_1_223' title='bbox 56 2341 89 2384; x_wconf 82' lang='lat' dir='ltr'>C</span> <span class='ocrx_word' id='word_1_224' title='bbox 153 2330 376 2378; x_wconf 73' lang='grc' dir='ltr'><em>Τοιγαρτοι]</em></span> <span class='ocrx_word' id='word_1_225' title='bbox 408 2331 575 2379; x_wconf 72' lang='grc' dir='ltr'><em>τοιγάρτι</em></span> <span class='ocrx_word' id='word_1_226' title='bbox 602 2331 701 2367; x_wconf 88' lang='lat' dir='ltr'><strong>Vind.</strong></span> <span class='ocrx_word' id='word_1_227' title='bbox 725 2331 769 2365; x_wconf 85' lang='lat' dir='ltr'><em>E.</em></span> 
     </span>
     <span class='ocr_line' id='line_1_42' title="bbox 106 2379 361 2415; baseline -0.012 0"><span class='ocrx_word' id='word_1_228' title='bbox 106 2381 265 2415; x_wconf 84' lang='lat' dir='ltr'><em>Ceterum</em></span> <span class='ocrx_word' id='word_1_229' title='bbox 288 2379 361 2413; x_wconf 90' lang='lat' dir='ltr'><strong>Fic.</strong></span> 
     </span>
    </p>
   </div>
   <div class='ocr_carea' id='block_1_22' title="bbox 145 2444 700 2493">
    <p class='ocr_par' dir='ltr' id='par_1_22' title="bbox 145 2444 700 2493">
     <span class='ocr_line' id='line_1_43' title="bbox 145 2444 700 2493; baseline -0.002 -12"><span class='ocrx_word' id='word_1_230' title='bbox 145 2447 379 2493; x_wconf 71' lang='grc' dir='ltr'><em>φαλακρῶν]</em></span> <span class='ocrx_word' id='word_1_231' title='bbox 405 2460 444 2491; x_wconf 86' lang='grc' dir='ltr'><em>φ.</em></span> <span class='ocrx_word' id='word_1_232' title='bbox 470 2446 534 2481; x_wconf 85' lang='grc' dir='ltr'><em>καὶ</em></span> <span class='ocrx_word' id='word_1_233' title='bbox 559 2447 638 2482; x_wconf 79' lang='lat' dir='ltr'><strong>Bas.</strong></span> <span class='ocrx_word' id='word_1_234' title='bbox 662 2444 700 2481; x_wconf 93' lang='lat' dir='ltr'><em>b.</em></span> 
     </span>
    </p>
   </div>
   <div class='ocr_carea' id='block_1_23' title="bbox 97 2516 767 2715">
    <p class='ocr_par' dir='ltr' id='par_1_23' title="bbox 97 2516 765 2610">
     <span class='ocr_line' id='line_1_44' title="bbox 145 2516 765 2562; baseline -0.003 -10"><span class='ocrx_word' id='word_1_235' title='bbox 145 2517 340 2562; x_wconf 79' lang='grc' dir='ltr'><em>κομητῶν]</em></span> <span class='ocrx_word' id='word_1_236' title='bbox 372 2528 461 2561; x_wconf 78' lang='grc' dir='ltr'><em>κωμ.</em></span> <span class='ocrx_word' id='word_1_237' title='bbox 488 2516 588 2551; x_wconf 83' lang='lat' dir='ltr'><strong>vind.</strong></span> <span class='ocrx_word' id='word_1_238' title='bbox 612 2516 652 2551; x_wconf 88' lang='lat' dir='ltr'><em>F.</em></span> <span class='ocrx_word' id='word_1_239' title='bbox 678 2528 699 2551; x_wconf 84' lang='lat' dir='ltr'><strong>a</strong></span> <span class='ocrx_word' id='word_1_240' title='bbox 721 2527 765 2550; x_wconf 90' lang='lat' dir='ltr'><em>m.</em></span> 
     </span>
     <span class='ocr_line' id='line_1_45' title="bbox 97 2575 152 2610; baseline 0 -12"><span class='ocrx_word' id='word_1_241' title='bbox 97 2575 152 2610; x_wconf 80' lang='lat' dir='ltr'><em>pr.</em></span> 
     </span>
    </p>

    <p class='ocr_par' dir='ltr' id='par_1_24' title="bbox 100 2629 767 2715">
     <span class='ocr_line' id='line_1_46' title="bbox 147 2629 767 2677; baseline -0.002 -10"><span class='ocrx_word' id='word_1_242' title='bbox 147 2629 216 2676; x_wconf 70' lang='grc' dir='ltr'><em>οὐχ</em></span> <span class='ocrx_word' id='word_1_243' title='bbox 239 2629 289 2677; x_wconf 80' lang='grc' dir='ltr'><em>ἢ]</em></span> <span class='ocrx_word' id='word_1_244' title='bbox 326 2629 410 2676; x_wconf 72' lang='grc' dir='ltr'><em>οὐχὶ</em></span> <span class='ocrx_word' id='word_1_245' title='bbox 449 2631 534 2667; x_wconf 92' lang='lat' dir='ltr'><strong>Lob.</strong></span> <span class='ocrx_word' id='word_1_246' title='bbox 567 2631 668 2667; x_wconf 80' lang='lat' dir='ltr'><strong>vind.</strong></span> <span class='ocrx_word' id='word_1_247' title='bbox 691 2632 767 2666; x_wconf 89' lang='lat' dir='ltr'><em>BD.</em></span> 
     </span>
     <span class='ocr_line' id='line_1_47' title="bbox 100 2678 481 2715; baseline -0.003 -2"><span class='ocrx_word' id='word_1_248' title='bbox 100 2678 180 2715; x_wconf 85' lang='lat' dir='ltr'><strong>vat.</strong></span> <span class='ocrx_word' id='word_1_249' title='bbox 202 2679 283 2714; x_wconf 86' lang='lat' dir='ltr'><em>BM.</em></span> <span class='ocrx_word' id='word_1_250' title='bbox 317 2679 412 2713; x_wconf 79' lang='lat' dir='ltr'><strong>Flor.</strong></span> <span class='ocrx_word' id='word_1_251' title='bbox 437 2679 481 2713; x_wconf 89' lang='lat' dir='ltr'><em>T.</em></span> 
     </span>
    </p>
   </div>
   <div class='ocr_carea' id='block_1_24' title="bbox 99 2743 767 2829">
    <p class='ocr_par' dir='ltr' id='par_1_25' title="bbox 99 2743 767 2829">
     <span class='ocr_line' id='line_1_48' title="bbox 119 2743 767 2829; baseline 0.002 -46"><span class='ocrx_word' id='word_1_252' title='bbox 119 2744 398 2829; x_wconf 45' lang='grc' dir='ltr'><em>ι,ὁμολογιόμετῇ</em></span> <span class='ocrx_word' id='word_1_253' title='bbox 424 2743 668 2793; x_wconf 67' lang='grc' dir='ltr'><em>(ὁμολογῶμεν</em></span> <span class='ocrx_word' id='word_1_254' title='bbox 686 2747 767 2785; x_wconf 84' lang='lat' dir='ltr'><strong>Bas.</strong></span> 
     </span>
     <span class='ocr_line' id='line_1_49' title="bbox 99 2805 156 2829; baseline 0.018 -1"><span class='ocrx_word' id='word_1_255' title='bbox 99 2805 120 2828; x_wconf 81' lang='lat' dir='ltr'>a</span> <span class='ocrx_word' id='word_1_256' title='bbox 148 2819 156 2829; x_wconf 94' lang='lat'><em>.</em></span> 
     </span>
    </p>
   </div>
   <div class='ocr_carea' id='block_1_25' title="bbox 833 1174 1501 1269">
    <p class='ocr_par' dir='ltr' id='par_1_26' title="bbox 833 1174 1501 1269">
     <span class='ocr_line' id='line_1_50' title="bbox 880 1174 1501 1221; baseline -0.006 -10"><span class='ocrx_word' id='word_1_257' title='bbox 880 1177 1165 1221; x_wconf 76' lang='grc' dir='ltr'><em>σκντοτομῶσι]</em></span> <span class='ocrx_word' id='word_1_258' title='bbox 1212 1176 1309 1210; x_wconf 81' lang='lat' dir='ltr'><em>coria</em></span> <span class='ocrx_word' id='word_1_259' title='bbox 1342 1174 1501 1208; x_wconf 75' lang='lat' dir='ltr'><em>incidant</em></span> 
     </span>
     <span class='ocr_line' id='line_1_51' title="bbox 833 1221 1337 1269; baseline -0.008 -12"><span class='ocrx_word' id='word_1_260' title='bbox 833 1225 1029 1269; x_wconf 83' lang='lat' dir='ltr'><em>calceosque</em></span> <span class='ocrx_word' id='word_1_261' title='bbox 1055 1224 1242 1267; x_wconf 84' lang='lat' dir='ltr'><em>conficiant</em></span> <span class='ocrx_word' id='word_1_262' title='bbox 1264 1221 1337 1256; x_wconf 86' lang='lat' dir='ltr'><strong>Fic.</strong></span> 
     </span>
    </p>
   </div>
   <div class='ocr_carea' id='block_1_26' title="bbox 831 1289 1501 1430">
    <p class='ocr_par' dir='ltr' id='par_1_27' title="bbox 831 1289 1501 1430">
     <span class='ocr_line' id='line_1_52' title="bbox 879 1289 1501 1336; baseline -0.006 -11"><span class='ocrx_word' id='word_1_263' title='bbox 879 1293 1053 1336; x_wconf 85' lang='grc' dir='ltr'><em>Γελοῖον]</em></span> <span class='ocrx_word' id='word_1_264' title='bbox 1081 1289 1238 1327; x_wconf 74' lang='grc' dir='ltr'><em>Γέλοιον</em></span> <span class='ocrx_word' id='word_1_265' title='bbox 1261 1290 1440 1324; x_wconf 85' lang='lat' dir='ltr'><strong>Bekkerus</strong></span> <span class='ocrx_word' id='word_1_266' title='bbox 1466 1292 1501 1322; x_wconf 80' lang='lat' dir='ltr'><em>et</em></span> 
     </span>
     <span class='ocr_line' id='line_1_53' title="bbox 831 1335 1500 1382; baseline -0.003 -12"><span class='ocrx_word' id='word_1_267' title='bbox 831 1337 1079 1373; x_wconf 82' lang='lat' dir='ltr'><strong>Stallbaumius.</strong></span> <span class='ocrx_word' id='word_1_268' title='bbox 1127 1339 1214 1372; x_wconf 85' lang='lat' dir='ltr'>Item</span> <span class='ocrx_word' id='word_1_269' title='bbox 1256 1337 1293 1371; x_wconf 89' lang='lat' dir='ltr'><em>in</em></span> <span class='ocrx_word' id='word_1_270' title='bbox 1331 1335 1500 1382; x_wconf 83' lang='lat' dir='ltr'><strong>proximo.</strong></span> 
     </span>
     <span class='ocr_line' id='line_1_54' title="bbox 833 1384 1184 1430; baseline 0.003 -12"><span class='ocrx_word' id='word_1_271' title='bbox 833 1384 888 1418; x_wconf 89' lang='lat' dir='ltr'><strong>Cf.</strong></span> <span class='ocrx_word' id='word_1_272' title='bbox 914 1385 958 1419; x_wconf 81' lang='lat' dir='ltr'><em>ad</em></span> <span class='ocrx_word' id='word_1_273' title='bbox 982 1397 1018 1430; x_wconf 94' lang='grc' dir='ltr'><em>Ρ.</em></span> <span class='ocrx_word' id='word_1_274' title='bbox 1038 1386 1120 1421; x_wconf 78' lang='grc'>452.</span> <span class='ocrx_word' id='word_1_275' title='bbox 1144 1386 1184 1419; x_wconf 86' lang='lat' dir='ltr'><em>A.</em></span> 
     </span>
    </p>
   </div>
   <div class='ocr_carea' id='block_1_27' title="bbox 818 1447 1560 2841">
    <p class='ocr_par' dir='ltr' id='par_1_28' title="bbox 828 1447 1499 1640">
     <span class='ocr_line' id='line_1_55' title="bbox 872 1447 1499 1510; baseline -0.006 -23"><span class='ocrx_word' id='word_1_276' title='bbox 872 1451 982 1497; x_wconf 76' lang='grc' dir='ltr'><em>μέντ’</em></span> <span class='ocrx_word' id='word_1_277' title='bbox 1019 1449 1095 1510; x_wconf 88' lang='grc' dir='ltr'><em>αν]</em></span> <span class='ocrx_word' id='word_1_278' title='bbox 1122 1465 1189 1509; x_wconf 84' lang='grc' dir='ltr'><em>μεν</em></span> <span class='ocrx_word' id='word_1_279' title='bbox 1222 1447 1294 1486; x_wconf 78' lang='grc' dir='ltr'><em>τὲὶν</em></span> <span class='ocrx_word' id='word_1_280' title='bbox 1331 1450 1433 1486; x_wconf 80' lang='lat' dir='ltr'><strong>vind.</strong></span> <span class='ocrx_word' id='word_1_281' title='bbox 1457 1450 1499 1483; x_wconf 88' lang='lat' dir='ltr'><em>F.</em></span> 
     </span>
     <span class='ocr_line' id='line_1_56' title="bbox 829 1495 1498 1543; baseline -0.007 -9"><span class='ocrx_word' id='word_1_282' title='bbox 829 1501 910 1535; x_wconf 80' lang='lat' dir='ltr'><strong>Gal.</strong></span> <span class='ocrx_word' id='word_1_283' title='bbox 955 1497 1023 1543; x_wconf 79' lang='grc' dir='ltr'><em>μέν</em></span> <span class='ocrx_word' id='word_1_284' title='bbox 1056 1497 1095 1534; x_wconf 82' lang='grc' dir='ltr'><em>τ’</em></span> <span class='ocrx_word' id='word_1_285' title='bbox 1135 1495 1184 1533; x_wconf 68' lang='grc' dir='ltr'><em>ἂν</em></span> <span class='ocrx_word' id='word_1_286' title='bbox 1219 1498 1387 1532; x_wconf 80' lang='lat' dir='ltr'>editiones</span> <span class='ocrx_word' id='word_1_287' title='bbox 1418 1499 1498 1530; x_wconf 78' lang='lat' dir='ltr'><em>ante</em></span> 
     </span>
     <span class='ocr_line' id='line_1_57' title="bbox 828 1543 1497 1581; baseline -0.006 -1"><span class='ocrx_word' id='word_1_288' title='bbox 828 1546 919 1581; x_wconf 81' lang='lat' dir='ltr'>Astii</span> <span class='ocrx_word' id='word_1_289' title='bbox 959 1547 1153 1581; x_wconf 79' lang='lat' dir='ltr'><strong>secundam.</strong></span> <span class='ocrx_word' id='word_1_290' title='bbox 1212 1545 1312 1578; x_wconf 82' lang='lat' dir='ltr'><strong>Cous.</strong></span> <span class='ocrx_word' id='word_1_291' title='bbox 1358 1543 1435 1578; x_wconf 90' lang='lat' dir='ltr'><strong>Vol.</strong></span> <span class='ocrx_word' id='word_1_292' title='bbox 1469 1543 1497 1577; x_wconf 94' lang='grc' dir='ltr'><em>Ι.</em></span> 
     </span>
     <span class='ocr_line' id='line_1_58' title="bbox 829 1594 1032 1640; baseline -0.005 -13"><span class='ocrx_word' id='word_1_293' title='bbox 829 1605 862 1640; x_wconf 87' lang='grc' dir='ltr'><em>Ρ.</em></span> <span class='ocrx_word' id='word_1_294' title='bbox 890 1594 976 1635; x_wconf 87' lang='grc'>177,</span> <span class='ocrx_word' id='word_1_295' title='bbox 1001 1604 1032 1626; x_wconf 86' lang='lat' dir='ltr'><em>a.</em></span> 
     </span>
    </p>

    <p class='ocr_par' dir='ltr' id='par_1_29' title="bbox 875 1645 1498 1695">
     <span class='ocr_line' id='line_1_59' title="bbox 875 1645 1498 1695; baseline -0.005 -11"><span class='ocrx_word' id='word_1_296' title='bbox 875 1648 946 1694; x_wconf 87' lang='grc' dir='ltr'><em>τὴν</em></span> <span class='ocrx_word' id='word_1_297' title='bbox 973 1647 1126 1695; x_wconf 67' lang='grc' dir='ltr'><em>ἑτέραν]</em></span> <span class='ocrx_word' id='word_1_298' title='bbox 1153 1645 1226 1692; x_wconf 87' lang='grc' dir='ltr'><em>τὴν</em></span> <span class='ocrx_word' id='word_1_299' title='bbox 1251 1660 1316 1682; x_wconf 87' lang='lat' dir='ltr'><em>om.</em></span> <span class='ocrx_word' id='word_1_300' title='bbox 1341 1647 1431 1682; x_wconf 85' lang='lat' dir='ltr'><strong>Ven.</strong></span> <span class='ocrx_word' id='word_1_301' title='bbox 1454 1647 1498 1681; x_wconf 91' lang='grc' dir='ltr'><em>Β.</em></span> 
     </span>
    </p>

    <p class='ocr_par' dir='ltr' id='par_1_30' title="bbox 905 1703 1499 1752">
     <span class='ocr_line' id='line_1_60' title="bbox 905 1703 1499 1752; baseline -0.007 -10"><span class='ocrx_word' id='word_1_302' title='bbox 905 1705 1018 1752; x_wconf 88' lang='grc' dir='ltr'><em>όνον]</em></span> <span class='ocrx_word' id='word_1_303' title='bbox 1054 1704 1124 1740; x_wconf 75' lang='grc' dir='ltr'><em>ἐὰν</em></span> <span class='ocrx_word' id='word_1_304' title='bbox 1158 1703 1277 1749; x_wconf 85' lang='grc' dir='ltr'><em>μόνον</em></span> <span class='ocrx_word' id='word_1_305' title='bbox 1317 1705 1421 1739; x_wconf 79' lang='lat' dir='ltr'><strong>vind.</strong></span> <span class='ocrx_word' id='word_1_306' title='bbox 1457 1704 1499 1738; x_wconf 85' lang='lat' dir='ltr'><em>F.</em></span> 
     </span>
    </p>

    <p class='ocr_par' dir='ltr' id='par_1_31' title="bbox 828 1749 1560 1938">
     <span class='ocr_line' id='line_1_61' title="bbox 828 1749 1501 1797; baseline -0.004 -9"><span class='ocrx_word' id='word_1_307' title='bbox 828 1765 947 1797; x_wconf 90' lang='grc' dir='ltr'><em>μονον</em></span> <span class='ocrx_word' id='word_1_308' title='bbox 982 1749 1026 1788; x_wconf 79' lang='grc' dir='ltr'><em>ὂν</em></span> <span class='ocrx_word' id='word_1_309' title='bbox 1073 1752 1175 1787; x_wconf 84' lang='lat' dir='ltr'><strong>vind.</strong></span> <span class='ocrx_word' id='word_1_310' title='bbox 1211 1752 1288 1786; x_wconf 83' lang='lat' dir='ltr'><em>DE.</em></span> <span class='ocrx_word' id='word_1_311' title='bbox 1336 1752 1417 1786; x_wconf 82' lang='lat' dir='ltr'><strong>vat.</strong></span> <span class='ocrx_word' id='word_1_312' title='bbox 1454 1751 1501 1785; x_wconf 90' lang='lat' dir='ltr'><em>H.</em></span> 
     </span>
     <span class='ocr_line' id='line_1_62' title="bbox 828 1799 1055 1835; baseline -0.009 0"><span class='ocrx_word' id='word_1_313' title='bbox 828 1800 922 1835; x_wconf 83' lang='lat' dir='ltr'><strong>Flor.</strong></span> <span class='ocrx_word' id='word_1_314' title='bbox 947 1799 1055 1834; x_wconf 89' lang='lat' dir='ltr'><strong>ACV.</strong></span> 
     </span>
     <span class='ocr_line' id='line_1_63' title="bbox 877 1851 1560 1901; baseline -0.006 -9"><span class='ocrx_word' id='word_1_315' title='bbox 877 1854 1130 1901; x_wconf 75' lang='grc' dir='ltr'><em>ἐφυλάττομεν</em></span> <span class='ocrx_word' id='word_1_316' title='bbox 1149 1855 1162 1900; x_wconf 97' lang='grc'><em>]</em></span> <span class='ocrx_word' id='word_1_317' title='bbox 1236 1851 1501 1901; x_wconf 78' lang='grc' dir='ltr'><em>ἕφυλάττωμεν</em></span> <span class='ocrx_word' id='word_1_318' title='bbox 1522 1858 1560 1901; x_wconf 89' lang='lat' dir='ltr'><strong>D</strong></span> 
     </span>
     <span class='ocr_line' id='line_1_64' title="bbox 828 1904 1219 1938; baseline -0.008 0"><span class='ocrx_word' id='word_1_319' title='bbox 828 1904 932 1938; x_wconf 78' lang='lat' dir='ltr'><strong>Vind.</strong></span> <span class='ocrx_word' id='word_1_320' title='bbox 958 1905 998 1938; x_wconf 87' lang='lat' dir='ltr'><em>F.</em></span> <span class='ocrx_word' id='word_1_321' title='bbox 1024 1907 1104 1937; x_wconf 82' lang='lat' dir='ltr'><em>ante</em></span> <span class='ocrx_word' id='word_1_322' title='bbox 1129 1912 1219 1936; x_wconf 87' lang='lat' dir='ltr'><strong>corr.</strong></span> 
     </span>
    </p>

    <p class='ocr_par' dir='ltr' id='par_1_32' title="bbox 818 1955 1501 2841">
     <span class='ocr_line' id='line_1_65' title="bbox 874 1955 1499 2016; baseline -0.007 -21"><span class='ocrx_word' id='word_1_323' title='bbox 874 1959 918 1995; x_wconf 85' lang='grc' dir='ltr'><em>τὸ</em></span> <span class='ocrx_word' id='word_1_324' title='bbox 933 1959 1036 2016; x_wconf 84' lang='grc' dir='ltr'><em>πρὸς</em></span> <span class='ocrx_word' id='word_1_325' title='bbox 1059 1958 1159 1995; x_wconf 75' lang='grc' dir='ltr'><em>αὐτὰ</em></span> <span class='ocrx_word' id='word_1_326' title='bbox 1191 1960 1316 1994; x_wconf 81' lang='grc' dir='ltr'><em>τεῖνον</em></span> <span class='ocrx_word' id='word_1_327' title='bbox 1345 1955 1393 1992; x_wconf 80' lang='grc' dir='ltr'><em>τὰ</em></span> <span class='ocrx_word' id='word_1_328' title='bbox 1423 1969 1499 1991; x_wconf 85' lang='grc' dir='ltr'><em>επι-</em></span> 
     </span>
     <span class='ocr_line' id='line_1_66' title="bbox 827 2005 1501 2052; baseline -0.007 -10"><span class='ocrx_word' id='word_1_329' title='bbox 827 2005 1064 2052; x_wconf 80' lang='grc' dir='ltr'><em>τηδεύματα]</em></span> <span class='ocrx_word' id='word_1_330' title='bbox 1101 2007 1160 2040; x_wconf 81' lang='lat' dir='ltr'><em>Sic</em></span> <span class='ocrx_word' id='word_1_331' title='bbox 1192 2006 1392 2050; x_wconf 77' lang='lat' dir='ltr'><em>incorrupte</em></span> <span class='ocrx_word' id='word_1_332' title='bbox 1416 2005 1501 2038; x_wconf 87' lang='lat' dir='ltr'><em>haec</em></span> 
     </span>
     <span class='ocr_line' id='line_1_67' title="bbox 827 2051 1501 2095; baseline -0.007 -7"><span class='ocrx_word' id='word_1_333' title='bbox 827 2060 959 2088; x_wconf 84' lang='lat' dir='ltr'><strong>tantum</strong></span> <span class='ocrx_word' id='word_1_334' title='bbox 982 2054 1017 2088; x_wconf 91' lang='lat' dir='ltr'><em>in</em></span> <span class='ocrx_word' id='word_1_335' title='bbox 1041 2055 1136 2088; x_wconf 87' lang='lat' dir='ltr'><strong>Mon.</strong></span> <span class='ocrx_word' id='word_1_336' title='bbox 1159 2053 1199 2087; x_wconf 85' lang='lat' dir='ltr'><em>B.</em></span> <span class='ocrx_word' id='word_1_337' title='bbox 1224 2052 1316 2086; x_wconf 89' lang='lat' dir='ltr'><strong>Flor.</strong></span> <span class='ocrx_word' id='word_1_338' title='bbox 1340 2051 1384 2084; x_wconf 89' lang='lat' dir='ltr'><em>U.</em></span> <span class='ocrx_word' id='word_1_339' title='bbox 1411 2051 1501 2095; x_wconf 84' lang='lat' dir='ltr'>apud</span> 
     </span>
     <span class='ocr_line' id='line_1_68' title="bbox 828 2097 1501 2141; baseline -0.007 -7"><span class='ocrx_word' id='word_1_340' title='bbox 828 2103 999 2135; x_wconf 66' lang='lat' dir='ltr'>Galerium</span> <span class='ocrx_word' id='word_1_341' title='bbox 1025 2106 1060 2134; x_wconf 86' lang='lat' dir='ltr'><em>et</em></span> <span class='ocrx_word' id='word_1_342' title='bbox 1084 2100 1117 2133; x_wconf 91' lang='lat' dir='ltr'><em>in</em></span> <span class='ocrx_word' id='word_1_343' title='bbox 1141 2099 1239 2133; x_wconf 83' lang='lat' dir='ltr'>libris</span> <span class='ocrx_word' id='word_1_344' title='bbox 1259 2098 1360 2132; x_wconf 83' lang='lat' dir='ltr'>editis</span> <span class='ocrx_word' id='word_1_345' title='bbox 1379 2097 1501 2141; x_wconf 76' lang='lat' dir='ltr'><strong>legun-</strong></span> 
     </span>
     <span class='ocr_line' id='line_1_69' title="bbox 827 2144 1498 2190; baseline -0.006 -10"><span class='ocrx_word' id='word_1_346' title='bbox 827 2152 895 2180; x_wconf 80' lang='lat' dir='ltr'><strong>tur.</strong></span> <span class='ocrx_word' id='word_1_347' title='bbox 944 2147 984 2180; x_wconf 89' lang='lat' dir='ltr'><em>In</em></span> <span class='ocrx_word' id='word_1_348' title='bbox 1009 2146 1183 2180; x_wconf 85' lang='lat' dir='ltr'><em>codicibus</em></span> <span class='ocrx_word' id='word_1_349' title='bbox 1208 2144 1350 2190; x_wconf 76' lang='lat' dir='ltr'>leliquis</span> <span class='ocrx_word' id='word_1_350' title='bbox 1374 2145 1498 2177; x_wconf 85' lang='grc' dir='ltr'><em>τεῖνον</em></span> 
     </span>
     <span class='ocr_line' id='line_1_70' title="bbox 828 2191 1498 2227; baseline -0.006 -1"><span class='ocrx_word' id='word_1_351' title='bbox 828 2191 876 2227; x_wconf 77' lang='grc' dir='ltr'><em>τὰ</em></span> <span class='ocrx_word' id='word_1_352' title='bbox 910 2193 945 2227; x_wconf 89' lang='lat' dir='ltr'><em>in</em></span> <span class='ocrx_word' id='word_1_353' title='bbox 978 2193 1150 2226; x_wconf 84' lang='grc' dir='ltr'><em>τείνοντα</em></span> <span class='ocrx_word' id='word_1_354' title='bbox 1186 2191 1424 2226; x_wconf 83' lang='lat' dir='ltr'><em>confluxerunt</em></span> <span class='ocrx_word' id='word_1_355' title='bbox 1462 2194 1498 2223; x_wconf 83' lang='lat' dir='ltr'><em>et</em></span> 
     </span>
     <span class='ocr_line' id='line_1_71' title="bbox 827 2237 1494 2284; baseline -0.006 -11"><span class='ocrx_word' id='word_1_356' title='bbox 827 2238 876 2273; x_wconf 78' lang='grc' dir='ltr'><em>τὰ</em></span> <span class='ocrx_word' id='word_1_357' title='bbox 902 2251 964 2284; x_wconf 75' lang='lat' dir='ltr'><em>pio</em></span> <span class='ocrx_word' id='word_1_358' title='bbox 990 2237 1034 2273; x_wconf 89' lang='grc' dir='ltr'><em>τὸ</em></span> <span class='ocrx_word' id='word_1_359' title='bbox 1062 2239 1225 2284; x_wconf 75' lang='lat' dir='ltr'>sexiptum</span> <span class='ocrx_word' id='word_1_360' title='bbox 1250 2242 1325 2280; x_wconf 81' lang='lat' dir='ltr'><strong>est,</strong></span> <span class='ocrx_word' id='word_1_361' title='bbox 1351 2240 1494 2281; x_wconf 82' lang='lat' dir='ltr'>excepto</span> 
     </span>
     <span class='ocr_line' id='line_1_72' title="bbox 826 2282 1495 2330; baseline -0.006 -11"><span class='ocrx_word' id='word_1_362' title='bbox 826 2290 942 2319; x_wconf 83' lang='lat' dir='ltr'>tamen</span> <span class='ocrx_word' id='word_1_363' title='bbox 967 2286 1052 2319; x_wconf 78' lang='lat' dir='ltr'><strong>Ven.</strong></span> <span class='ocrx_word' id='word_1_364' title='bbox 1077 2286 1116 2319; x_wconf 93' lang='grc' dir='ltr'><em>Β.</em></span> <span class='ocrx_word' id='word_1_365' title='bbox 1154 2285 1213 2330; x_wconf 86' lang='lat' dir='ltr'><em>qui</em></span> <span class='ocrx_word' id='word_1_366' title='bbox 1241 2282 1284 2318; x_wconf 86' lang='grc' dir='ltr'><em>τὸ</em></span> <span class='ocrx_word' id='word_1_367' title='bbox 1312 2287 1347 2317; x_wconf 83' lang='lat' dir='ltr'><em>et</em></span> <span class='ocrx_word' id='word_1_368' title='bbox 1371 2285 1495 2316; x_wconf 87' lang='grc' dir='ltr'><em>τεῖνον</em></span> 
     </span>
     <span class='ocr_line' id='line_1_73' title="bbox 826 2326 1494 2385; baseline -0.005 -19"><span class='ocrx_word' id='word_1_369' title='bbox 826 2332 1007 2373; x_wconf 67' lang='lat' dir='ltr'>smmvit,</span> <span class='ocrx_word' id='word_1_370' title='bbox 1038 2332 1097 2366; x_wconf 85' lang='lat' dir='ltr'><em>sed</em></span> <span class='ocrx_word' id='word_1_371' title='bbox 1132 2343 1193 2385; x_wconf 84' lang='lat' dir='ltr'><em>pro</em></span> <span class='ocrx_word' id='word_1_372' title='bbox 1227 2343 1274 2364; x_wconf 86' lang='grc' dir='ltr'><em>τα</em></span> <span class='ocrx_word' id='word_1_373' title='bbox 1301 2326 1494 2373; x_wconf 77' lang='grc' dir='ltr'><em>ἐπιτηδεύ-</em></span> 
     </span>
     <span class='ocr_line' id='line_1_74' title="bbox 824 2375 1493 2422; baseline -0.006 -10"><span class='ocrx_word' id='word_1_374' title='bbox 824 2390 927 2422; x_wconf 84' lang='grc' dir='ltr'><em>ματα</em></span> <span class='ocrx_word' id='word_1_375' title='bbox 949 2390 1050 2411; x_wconf 86' lang='grc'>111111111</span> <span class='ocrx_word' id='word_1_376' title='bbox 1077 2375 1314 2421; x_wconf 79' lang='grc' dir='ltr'><em>ἐπιτήδευμα,</em></span> <span class='ocrx_word' id='word_1_377' title='bbox 1344 2381 1493 2410; x_wconf 81' lang='lat' dir='ltr'><em>ceterum</em></span> 
     </span>
     <span class='ocr_line' id='line_1_75' title="bbox 824 2422 1492 2470; baseline -0.004 -12"><span class='ocrx_word' id='word_1_378' title='bbox 824 2425 982 2459; x_wconf 82' lang='lat' dir='ltr'>vitiosam</span> <span class='ocrx_word' id='word_1_379' title='bbox 1015 2425 1222 2470; x_wconf 86' lang='lat' dir='ltr'>reliquorum</span> <span class='ocrx_word' id='word_1_380' title='bbox 1256 2423 1434 2456; x_wconf 83' lang='lat' dir='ltr'><em>lectionem</em></span> <span class='ocrx_word' id='word_1_381' title='bbox 1457 2422 1492 2455; x_wconf 88' lang='lat' dir='ltr'><em>in</em></span> 
     </span>
     <span class='ocr_line' id='line_1_76' title="bbox 824 2469 1492 2527; baseline -0.003 -23"><span class='ocrx_word' id='word_1_382' title='bbox 824 2471 979 2515; x_wconf 85' lang='lat' dir='ltr'>margine</span> <span class='ocrx_word' id='word_1_383' title='bbox 1003 2471 1195 2527; x_wconf 80' lang='lat' dir='ltr'>appositam</span> <span class='ocrx_word' id='word_1_384' title='bbox 1212 2470 1359 2503; x_wconf 82' lang='lat' dir='ltr'><strong>exhibet.</strong></span> <span class='ocrx_word' id='word_1_385' title='bbox 1384 2469 1492 2502; x_wconf 86' lang='lat' dir='ltr'>Prae-</span> 
     </span>
     <span class='ocr_line' id='line_1_77' title="bbox 822 2514 1489 2562; baseline -0.005 -12"><span class='ocrx_word' id='word_1_386' title='bbox 822 2521 920 2551; x_wconf 82' lang='lat' dir='ltr'>terea</span> <span class='ocrx_word' id='word_1_387' title='bbox 943 2529 1005 2562; x_wconf 85' lang='lat' dir='ltr'><em>pro</em></span> <span class='ocrx_word' id='word_1_388' title='bbox 1032 2514 1131 2550; x_wconf 78' lang='grc' dir='ltr'><em>αὐτα</em></span> <span class='ocrx_word' id='word_1_389' title='bbox 1155 2517 1187 2550; x_wconf 88' lang='lat' dir='ltr'><em>in</em></span> <span class='ocrx_word' id='word_1_390' title='bbox 1212 2515 1312 2549; x_wconf 87' lang='lat' dir='ltr'><strong>Vind.</strong></span> <span class='ocrx_word' id='word_1_391' title='bbox 1333 2515 1375 2548; x_wconf 92' lang='lat' dir='ltr'><em>F.</em></span> <span class='ocrx_word' id='word_1_392' title='bbox 1400 2516 1489 2558; x_wconf 80' lang='lat' dir='ltr'><strong>Aug.</strong></span> 
     </span>
     <span class='ocr_line' id='line_1_78' title="bbox 821 2558 1492 2598; baseline -0.004 -1"><span class='ocrx_word' id='word_1_393' title='bbox 821 2563 863 2598; x_wconf 90' lang='grc' dir='ltr'><em>Β.</em></span> <span class='ocrx_word' id='word_1_394' title='bbox 889 2564 967 2597; x_wconf 85' lang='lat' dir='ltr'><strong>Par.</strong></span> <span class='ocrx_word' id='word_1_395' title='bbox 987 2564 1062 2596; x_wconf 93' lang='lat' dir='ltr'><em>DK.</em></span> <span class='ocrx_word' id='word_1_396' title='bbox 1088 2575 1156 2596; x_wconf 81' lang='lat' dir='ltr'><strong>sec.</strong></span> <span class='ocrx_word' id='word_1_397' title='bbox 1180 2562 1288 2596; x_wconf 86' lang='lat' dir='ltr'><strong>Bekk.</strong></span> <span class='ocrx_word' id='word_1_398' title='bbox 1315 2558 1409 2596; x_wconf 73' lang='grc' dir='ltr'><em>αὐτὸ</em></span> <span class='ocrx_word' id='word_1_399' title='bbox 1430 2573 1492 2594; x_wconf 86' lang='lat' dir='ltr'><em>ex-</em></span> 
     </span>
     <span class='ocr_line' id='line_1_79' title="bbox 822 2607 1493 2644; baseline -0.003 -1"><span class='ocrx_word' id='word_1_400' title='bbox 822 2614 909 2644; x_wconf 83' lang='lat' dir='ltr'><strong>stat.</strong></span> <span class='ocrx_word' id='word_1_401' title='bbox 948 2607 992 2644; x_wconf 85' lang='grc' dir='ltr'><em>τὸ</em></span> <span class='ocrx_word' id='word_1_402' title='bbox 1019 2612 1143 2643; x_wconf 83' lang='grc' dir='ltr'><em>τεῖνον</em></span> <span class='ocrx_word' id='word_1_403' title='bbox 1167 2608 1269 2642; x_wconf 85' lang='lat' dir='ltr'>etiam</span> <span class='ocrx_word' id='word_1_404' title='bbox 1293 2607 1493 2642; x_wconf 82' lang='lat' dir='ltr'>scholiastes</span> 
     </span>
     <span class='ocr_line' id='line_1_80' title="bbox 821 2652 1486 2701; baseline -0.005 -11"><span class='ocrx_word' id='word_1_405' title='bbox 821 2656 933 2700; x_wconf 82' lang='lat' dir='ltr'>legit,</span> <span class='ocrx_word' id='word_1_406' title='bbox 981 2655 1042 2689; x_wconf 86' lang='lat' dir='ltr'><em>sed</em></span> <span class='ocrx_word' id='word_1_407' title='bbox 1083 2667 1202 2701; x_wconf 85' lang='lat' dir='ltr'>parum</span> <span class='ocrx_word' id='word_1_408' title='bbox 1234 2658 1317 2699; x_wconf 76' lang='lat' dir='ltr'>apte</span> <span class='ocrx_word' id='word_1_409' title='bbox 1349 2666 1412 2699; x_wconf 81' lang='lat' dir='ltr'><em>per</em></span> <span class='ocrx_word' id='word_1_410' title='bbox 1443 2652 1486 2688; x_wconf 84' lang='grc' dir='ltr'><em>τὸ</em></span> 
     </span>
     <span class='ocr_line' id='line_1_81' title="bbox 823 2700 1490 2747; baseline -0.001 -12"><span class='ocrx_word' id='word_1_411' title='bbox 823 2700 1036 2746; x_wconf 76' lang='grc' dir='ltr'><em>ἐπιτήδειον</em></span> <span class='ocrx_word' id='word_1_412' title='bbox 1049 2702 1208 2747; x_wconf 78' lang='lat' dir='ltr'><strong>explicat.</strong></span> <span class='ocrx_word' id='word_1_413' title='bbox 1231 2700 1389 2734; x_wconf 89' lang='lat' dir='ltr'><strong>Ficinus.</strong></span> <span class='ocrx_word' id='word_1_414' title='bbox 1402 2712 1490 2745; x_wconf 81' lang='lat' dir='ltr'><em>quac</em></span> 
     </span>
     <span class='ocr_line' id='line_1_82' title="bbox 822 2747 1488 2795; baseline 0 -13"><span class='ocrx_word' id='word_1_415' title='bbox 822 2748 992 2793; x_wconf 78' lang='lat' dir='ltr'>(species)</span> <span class='ocrx_word' id='word_1_416' title='bbox 1027 2748 1076 2783; x_wconf 86' lang='lat' dir='ltr'><em>ad</em></span> <span class='ocrx_word' id='word_1_417' title='bbox 1104 2749 1183 2795; x_wconf 76' lang='lat' dir='ltr'><em>ipsa</em></span> <span class='ocrx_word' id='word_1_418' title='bbox 1213 2748 1336 2783; x_wconf 82' lang='lat' dir='ltr'><em>eadem</em></span> <span class='ocrx_word' id='word_1_419' title='bbox 1368 2747 1488 2783; x_wconf 76' lang='lat' dir='ltr'><strong><em>studia</em></strong></span> 
     </span>
     <span class='ocr_line' id='line_1_83' title="bbox 818 2795 1029 2841; baseline -0.005 -11"><span class='ocrx_word' id='word_1_420' title='bbox 818 2795 1029 2841; x_wconf 81' lang='lat' dir='ltr'><strong>pertinebat.</strong></span> 
     </span>
    </p>
   </div>
  </div>
 </body>
</html>
