1807 3219
442 187 780 232 CIVITAS
825 190 947 234 LIB.
977 191 1031 234 V.
1061 193 1130 231 472

1410 194 1490 234 1⁰1

105 303 271 361 κύματε
299 299 540 359 ἐκφυγόντι
565 303 652 345 νῦν
679 301 730 346 τὰ
759 302 962 360 μέγιστον
990 302 1064 347 καὶ
1084 300 1396 359 χαλεπώτατον
1415 305 1493 359 τῆς

106 431 186 468 Vat.
209 428 255 464 H.
302 426 439 472 Reliqui
457 426 591 461 codices
617 427 771 474 editique

111 481 191 510 ante
211 474 406 510 Bekkerum
432 470 532 516 δύω,
568 486 669 519 quam
697 476 769 508 for-

105 533 192 556 mam
215 533 236 556 a
258 520 433 555 veteribus
461 520 690 564 grammaticis
706 521 768 554 Fi-

105 568 227 603 sehero
245 567 288 601 ad
303 566 406 599 Well.
424 565 473 600 H.
500 577 536 611 p.
558 567 767 603 155—158.

106 618 144 648 et
163 613 302 648 Sturzio
325 612 368 646 ad
396 611 512 645 Maitt.
540 623 575 657 p.
596 613 652 648 46.
677 625 766 647 com-

105 659 300 694 memoratis
320 658 394 692 sine
415 657 627 692 dubitatione
645 659 768 694 Atticis

105 716 320 747 concessam,
351 716 373 738 a
400 703 562 738 Dawesio
587 709 624 739 et
646 716 768 739 recen-

102 752 270 794 tioribus,
303 762 388 796 quos
423 750 592 784 Matthiae
626 763 767 796 gramm.

103 811 138 845 p.
155 799 234 833 262.
254 800 448 838 enumerat,
465 798 643 842 poetarum
659 798 766 842 potis-

102 845 220 880 simum
251 843 456 877 auctoritate
478 846 514 876 et
532 843 633 877 metri
647 855 766 878 neces-

102 892 208 926 sitate
241 894 403 934 negatam
442 888 596 923 Platonis
632 889 767 924 codices

102 936 293 981 singulares
322 935 378 969 vel
409 935 481 969 bini
517 947 767 981 nonnunquam,

103 983 220 1029 plures
237 985 273 1016 et
287 981 438 1026 potiores
455 982 635 1026 perpaucis
656 982 692 1016 in
715 982 765 1016 lo-

103 1029 153 1063 cis
178 1040 242 1063 nec
267 1039 430 1074 usquam,
454 1027 520 1061 nisi
545 1028 646 1062 fallor
665 1054 676 1070 ‚
700 1040 767 1062 non

102 1074 381 1109 dissentientibus
409 1073 610 1119 quibusdam
634 1074 767 1108 minime

103 1121 202 1155 malis
223 1120 396 1163 exhibent,
419 1123 459 1152 ut
480 1121 553 1154 fere
570 1120 766 1154 abiudicati-

103 1168 148 1202 d’a
166 1167 209 1202 ab
236 1178 277 1200 eo
300 1166 469 1200 videatur.
492 1165 497 1167 ”
516 1165 607 1199 Nam
622 1166 767 1200 Phaedr.

69 1220 80 1229 '
102 1210 285 1259 pag-’'237-
300 1212 344 1246 D.
363 1214 402 1245 ut
426 1212 469 1246 ab
492 1211 542 1244 eis
561 1211 691 1245 initium
714 1214 766 1247 fa-

102 1259 190 1294 ciam
206 1284 217 1302 ,
248 1259 284 1293 in
319 1258 440 1304 quibus
479 1254 557 1290 δύω
592 1258 768 1313 vulgatum

60 1331 74 1347 ,
103 1309 200 1347 erat,
245 1301 325 1339 δύω
349 1300 429 1338 τινέ
460 1299 565 1337 ἐστον
602 1303 689 1338 ἰδεα
724 1316 766 1338 ex

103 1351 182 1387 XX.
201 1349 428 1385 Bekkerianis
443 1352 574 1383 tantum
586 1354 672 1393 tres,
685 1352 766 1387 Vat.

102 1398 143 1432 A.
168 1399 255 1434 Ven.
273 1397 315 1431 C.
338 1397 419 1431 Par.
437 1395 480 1431 E.
501 1398 658 1440 tuentur,
685 1396 766 1431 reli-

101 1443 162 1489 qui
189 1455 264 1478 cum
288 1443 376 1478 Lob.
405 1442 512 1478 Goth.
541 1442 634 1477 Mon.
666 1443 767 1478 Stob.

103 1487 177 1525 δύό
202 1490 356 1531 habent,
388 1495 429 1522 ut
450 1514 460 1530 ‚
495 1488 626 1523 etiamsi
649 1501 768 1525 verum

102 1537 168 1578 sit,
194 1536 285 1582 quod
302 1534 545 1570 Stallbaumius
563 1535 606 1570 de
621 1535 767 1569 Floren-

101 1582 182 1617 tinis
200 1581 391 1627 significat,
415 1580 452 1614 in
472 1593 537 1616 uno
553 1581 594 1615 C.
614 1579 705 1625 δύο,
728 1582 765 1616 in

101 1628 240 1674 reliquis
257 1639 318 1662 sex
337 1625 418 1662 δύω
437 1627 522 1671 legi,
546 1631 659 1662 tamen
679 1628 763 1663 illud

102 1675 187 1710 satis
207 1678 316 1709 tutum
333 1674 528 1708 habeamus.
574 1674 669 1708 Idem
692 1678 763 1708 sta-

100 1720 261 1756 tuendum
280 1721 324 1755 de
345 1721 463 1765 Symp.
491 1731 526 1764 p.
547 1722 624 1756 178.
642 1721 684 1754 Β.
703 1720 765 1754 ubi

101 1765 175 1801 δύο
198 1764 321 1802 τούτω
348 1778 370 1800 a
392 1766 552 1800 Bekkero
581 1766 766 1800 secundum

101 1813 184 1848 XII.
213 1813 302 1847 inter
319 1812 430 1848 XVII.
460 1812 647 1857 repositum
670 1815 706 1846 et
730 1812 765 1846 in

101 1860 188 1894 Lob.
209 1863 245 1894 et
259 1858 344 1893 Zitt.
363 1861 536 1902 repertum
553 1870 573 1892 a
592 1858 764 1892 Stallbau-

101 1906 169 1940 mio
198 1917 242 1940 ex
271 1904 363 1938 nullo
400 1903 675 1939 Florentinorum
706 1907 767 1939 aut

102 1949 411 1986 Vindobonensium
439 1949 576 1984 allatum
605 1954 668 1985 est.
716 1951 766 1985 Et

100 1997 214 2043 Epist.
231 1997 312 2033 VII.
329 2008 362 2041 p.
380 1997 460 2031 333.
477 1997 520 2031 D.
541 1997 630 2030 inter
644 2008 766 2031 novem

101 2043 253 2079 Bekkeri
278 2042 414 2077 codices
442 2054 529 2077 unus
542 2043 642 2079 Vind.
662 2044 703 2078 Β.
723 2055 765 2077 ex

101 2090 253 2136 quinque
277 2088 491 2124 Florentinis
519 2089 586 2124 duo
615 2085 765 2134 ἀδελφώ

103 2133 183 2170 δύω
216 2147 291 2170 cum
315 2135 511 2180 Stephano,
542 2135 667 2181 reliqui
695 2133 765 2170 δύο

102 2182 242 2216 habent.
278 2180 360 2215 Non
381 2181 489 2226 magis
505 2182 676 2226 vulgatum
695 2179 767 2216 δύο

102 2227 202 2262 unius
239 2227 298 2262 vel
334 2239 521 2272 paucorum
555 2227 767 2262 dissensione

103 2273 242 2308 dubium
281 2273 359 2307 fieri
398 2277 515 2319 potest
556 2274 609 2308 his
661 2273 765 2308 locis:

103 2320 223 2365 Symp.
247 2320 323 2354 180.
342 2318 394 2352 D:
426 2317 507 2354 ἐπεὶ
537 2317 577 2353 δὲ
607 2317 654 2363 δὴ
687 2318 768 2355 δύω

103 2362 211 2400 ἐστόν
234 2365 316 2399 Par.
343 2363 388 2398 Κ.
435 2365 488 2399 Ib.
510 2363 589 2399 δύω
610 2363 675 2400 wi
691 2364 766 2401 θεοὶ

101 2412 183 2446 Par.
203 2411 280 2446 DK.
313 2410 411 2456 Apol.
439 2413 496 2447 20.
521 2412 570 2446 A:
595 2409 674 2446 δύω
689 2410 768 2448 ὐἱέε

101 2458 183 2493 Par.
201 2457 245 2492 D.
269 2457 372 2492 Vind.
390 2458 431 2491 B.
464 2457 569 2503 Hipp.
587 2458 664 2492 mai.
685 2460 764 2496 301.

103 2505 155 2539 D:
181 2500 227 2538 ού
251 2500 323 2548 γάρ
351 2500 403 2544 εἷς
421 2500 547 2547 ἐσμὲν,
572 2501 666 2538 ἀλλὰ
687 2502 764 2539 δύω

102 2551 183 2585 Par.
203 2562 233 2584 e.
269 2552 378 2594 Gorg.
396 2551 476 2585 481.
498 2550 548 2584 D:
575 2549 654 2584 δύω
678 2547 764 2586 ὄντε

102 2596 183 2630 Par.
201 2597 245 2632 V.
279 2596 386 2641 Soph.
416 2597 495 2631 228.
523 2596 575 2630 E:
601 2594 680 2631 δύω
695 2609 768 2631 πα-

103 2639 253 2698 θήματε
274 2643 361 2678 Ven.
379 2642 420 2676 A.
449 2642 621 2678 Phaedon.
640 2645 695 2678 60.
716 2645 766 2678 B:

103 2688 186 2724 δυω
209 2684 295 2723 ὅντε
318 2689 405 2724 Ven.
422 2689 463 2722 B.
508 2688 583 2724 civ.
610 2690 658 2723 II.
687 2691 766 2725 360.

104 2735 157 2769 B:
183 2732 263 2769 δύω
287 2732 448 2769 τοιούτω
465 2733 645 2769 δακτυλίω
666 2735 765 2771 vind.

105 2782 146 2815 B.
170 2781 250 2816 Par.
269 2780 345 2814 DK.
375 2781 442 2815 III.
468 2782 548 2816 391.
573 2782 622 2814 C:
657 2779 766 2826 νοσή-

104 2838 196 2870 ματε
215 2825 292 2861 δύω
322 2827 419 2863 vind.
443 2827 484 2861 B.
508 2828 587 2862 411.
607 2827 661 2861 E:
681 2825 766 2862 δύω

106 2870 217 2917 τέχνα
243 2872 344 2909 Vind.
369 2874 443 2908 ΒΕ.
484 2873 579 2908 Flor.
605 2874 650 2908 T.
681 2874 766 2908 1111.

828 429 908 463 439.
927 428 977 462 E:
1014 424 1093 462 δύω
1113 422 1204 471 ἡμῖν
1231 425 1384 471 αἱρίσθω
1409 425 1492 471 εἴδη

826 475 906 509 vat.
928 474 978 507 M.
1002 473 1102 508 Polit.
1128 474 1207 508 265.
1236 474 1284 506 A:
1311 471 1390 507 δύω
1414 470 1490 507 τινὲ

828 517 906 555 ὁδώ
931 520 1018 554 Lob.
1066 520 1139 553 Iam
1166 519 1269 565 pauci
1309 523 1494 564 supersunt

824 566 1007 600 secundum
1034 565 1167 600 codices
1193 565 1302 609 magis
1322 566 1374 599 vel
1396 565 1492 600 dubii

824 613 880 645 vel
898 612 1103 646 contrariam
1123 611 1156 644 in
1174 615 1307 656 partem
1328 611 1490 644 inclinan-

825 662 895 692 tes:
921 658 1011 691 Tim.
1038 659 1095 693 31.
1123 657 1174 690 B:
1209 654 1289 691 δύω
1318 655 1359 690 δὲ
1385 653 1490 700 μόνω

823 704 1006 738 secundum
1034 705 1112 737 vat.
1130 703 1171 737 B.
1198 704 1286 738 Ven.
1311 703 1352 736 C.
1391 703 1488 736 Vind.

823 750 865 785 A.
889 754 926 784 et
947 748 1181 795 superscripto
1202 746 1273 783 δύο
1296 748 1393 782 Flor.
1414 749 1489 783 BC.

824 800 860 830 et
876 796 937 830 int.
961 807 1051 829 vers.
1076 796 1155 829 Par.
1184 796 1261 829 SY.
1295 794 1381 828 Lob.
1419 792 1490 829 δύο

823 862 870 868 -
899 842 1081 876 secundum
1119 841 1270 884 reliquos
1288 866 1298 882 ‚
1338 841 1419 875 Par.
1447 841 1489 875 A.

823 889 923 923 vind.
947 889 991 922 F.
1025 887 1304 921 CCCXXXVII.
1331 891 1397 921 etc.
1431 886 1490 932 qni

823 935 1036 979 praevalent.
1062 934 1168 978 Soph.
1193 933 1272 968 254.
1292 933 1346 966 D:
1372 931 1426 966 τω’
1450 943 1490 976 ’γε

823 978 902 1015 δύω
930 992 998 1015 see.
1021 980 1140 1014 Clark.
1174 979 1281 1013 Coisl.
1311 980 1398 1014 Ven.
1418 979 1489 1013 AB.

824 1027 923 1062 vind.
940 1027 982 1060 A.
1012 1026 1091 1060 Par.
1115 1025 1225 1059 CFH.
1253 1043 1299 1050 —-
1323 1022 1393 1059 δύο
1418 1037 1488 1058 sec.

822 1075 901 1109 Vat.
929 1073 969 1106 A.
995 1073 1080 1108 Ven.
1103 1072 1177 1105 CD.
1200 1072 1281 1106 Par.
1302 1071 1378 1104 ΒΕ.
1402 1071 1489 1104 Lob.

825 1119 959 1164 (Flor.)
993 1119 1124 1152 Phileb.
1152 1119 1207 1154 53.
1234 1118 1285 1152 D:
1310 1113 1417 1151 ἐστὸν
1440 1113 1489 1161 δή

824 1177 902 1200 τινε
922 1162 999 1199 δύω
1033 1177 1102 1199 sec.
1124 1164 1242 1198 Clark.
1273 1163 1378 1197 Coisl.
1402 1164 1489 1198 Ven.

824 1212 897 1246 AD.
921 1212 1000 1245 Par.
1019 1211 1161 1245 BCFH.
1185 1230 1232 1235 -—
1257 1207 1326 1244 δύο
1351 1209 1488 1243 secund.

825 1259 904 1292 vat.
931 1258 972 1291 A.
1007 1257 1091 1291 ven.
1115 1257 1190 1291 BC.
1224 1257 1305 1291 Par.
1323 1256 1366 1289 Ε.
1401 1256 1488 1300 Ang.

826 1303 867 1337 C.
901 1303 987 1337 Lob.
1015 1303 1167 1347 (Flor.)
1200 1303 1300 1336 Polit.
1328 1303 1408 1337 269.
1435 1302 1488 1335 E:

826 1347 904 1384 δύω
928 1346 1003 1383 τινὲ
1035 1346 1116 1383 θεαί
1155 1362 1224 1383 sec.
1261 1348 1366 1382 Coisl.
1401 1348 1487 1382 Ven.

824 1396 898 1429 BD.
923 1395 1024 1430 vind.
1050 1396 1091 1429 A.
1128 1396 1206 1429 Par.
1226 1395 1319 1428 BCF
1322 1395 1367 1428 Η.
1402 1394 1488 1428 Lob.

825 1442 905 1487 (qui
932 1438 1007 1475 τινὲ
1035 1441 1142 1486 primo
1168 1442 1241 1475 loco
1264 1440 1391 1486 ponit.)
1418 1437 1489 1474 δύο

824 1507 871 1513 -——
890 1500 959 1523 sec.
986 1487 1102 1522 Clark.
1132 1488 1213 1522 Vat.
1235 1487 1275 1521 A.
1306 1488 1391 1521 Ven.
1416 1486 1489 1521 AC.

824 1534 904 1569 Par.
932 1534 976 1567 Ε.
1011 1534 1145 1578 (Flor.)
1193 1533 1370 1567 Postremo
1401 1532 1489 1578 Hip-

823 1581 942 1626 parch.
962 1582 1043 1615 228.
1065 1580 1107 1613 Ε.
1137 1579 1195 1613 ubi
1210 1579 1389 1613 Bekkerus
1415 1579 1488 1612 vul-

821 1633 938 1672 gatum
976 1623 1047 1660 δύο
1087 1630 1166 1660 ante
1190 1622 1487 1669 τῶπιγράμματε,

822 1674 913 1718 quod
938 1678 1049 1706 tamen
1075 1673 1175 1706 etiam
1194 1672 1230 1705 in
1250 1671 1336 1705 Lob.
1354 1671 1490 1715 legitur,

819 1719 955 1753 infirma
981 1718 1162 1752 Barberini
1191 1723 1226 1751 et
1255 1717 1329 1751 Pal.
1357 1718 1398 1751 Β.
1426 1728 1488 1750 au·-

821 1765 982 1799 ctoritate
1008 1769 1127 1798 contra
1147 1764 1262 1798 Clark.
1282 1763 1386 1797 Coisl.
1407 1764 1486 1798 Vat.

819 1812 862 1846 A.
883 1813 968 1847 Ven.
988 1811 1094 1845 BCD.
1115 1809 1381 1844 Par.BCEFG.
1399 1810 1488 1852 Ang.

823 1858 864 1891 C.
911 1857 1153 1891 Stallbamnius
1180 1868 1263 1890 vero
1299 1859 1418 1889 tacens
1445 1856 1488 1889 de

823 1904 941 1938 Clark.
962 1903 1092 1949 pariter
1109 1907 1213 1948 atque
1231 1903 1274 1936 de
1289 1901 1370 1937 VII.
1389 1901 1487 1935 Flor.

821 1961 956 1995 unoque
987 1949 1087 1984 Vind.
1128 1949 1248 1983 tenuit.
1309 1948 1375 1981 Hic
1404 1954 1500 1981 sane*

823 1994 902 2030 δύω
923 1995 1138 2030 scribendum
1159 1998 1245 2030 erat.
1279 1995 1349 2028 Sed
1367 1998 1487 2027 nostro

821 2043 916 2083 loco,
951 2041 1104 2088 quamvis
1134 2054 1154 2075 a
1183 2040 1356 2075 codicibus
1382 2040 1486 2074 multo

822 2088 955 2122 firmius
985 2085 1062 2122 δύω
1090 2088 1198 2133 primo
1220 2091 1362 2131 aspectu
1390 2086 1484 2120 vide-

821 2139 900 2176 tur,
924 2147 989 2168 non
1006 2136 1137 2167 frustra
1157 2134 1241 2167 Ven.
1259 2134 1299 2167 B.
1327 2137 1363 2166 et
1383 2131 1484 2167 Vind.

822 2181 867 2215 Ε.
891 2182 972 2215 vat.
988 2181 1033 2214 H.
1062 2181 1105 2214 ab
1136 2180 1284 2225 optimo,
1308 2190 1409 2225 quem
1427 2178 1486 2212 ille

821 2227 855 2261 in
872 2227 985 2260 multis
998 2253 1007 2268 ‚
1031 2226 1065 2260 hi
1086 2226 1120 2259 in
1142 2226 1315 2271 plerisque
1336 2236 1484 2269 sequun-

822 2278 901 2315 tur,
925 2273 1163 2307 discessionem
1181 2273 1355 2310 fecerunt,
1382 2282 1485 2315 quum

822 2320 912 2354 idem
939 2319 1020 2353 Par.
1046 2319 1087 2353 A.
1117 2318 1159 2353 L.
1186 2318 1249 2353 VI.
1276 2330 1309 2362 p.
1340 2318 1425 2364 509ἑ
1440 2316 1483 2350 D.

822 2366 912 2399 inter
923 2377 1038 2399 omnes
1055 2376 1142 2399 unus
1164 2361 1242 2398 δύω
1264 2360 1366 2398 αύτιὸ
1389 2365 1486 2396 εἶναι

822 2412 986 2446 exhibens
1003 2410 1103 2445 huius
1128 2411 1180 2444 rei
1201 2410 1331 2444 arbiter
1350 2420 1415 2442 non
1433 2408 1485 2442 in-

820 2463 1003 2502 corruptus
1030 2460 1207 2502 appareat.
1254 2456 1304 2490 Et
1327 2454 1486 2491 Vaticani

820 2504 956 2550 quidem
979 2504 1142 2538 dissensio
1166 2505 1325 2546 suspecta
1349 2513 1389 2535 eo
1409 2512 1486 2535 esse

818 2553 955 2596 potest,
988 2550 1077 2595 quod
1109 2550 1149 2583 L.
1174 2548 1237 2583 IH.
1277 2559 1314 2593 p.
1335 2549 1416 2583 393.
1441 2548 1483 2581 A.

821 2598 856 2632 in
889 2608 990 2630 versu
1024 2595 1205 2630 Homerico
1248 2591 1409 2639 Ἀτρείδα
1443 2590 1484 2628 δὲ

822 2641 980 2686 μάλιστα
1013 2640 1082 2676 δύο
1113 2653 1188 2675 cum
1220 2641 1316 2674 Amb.
1344 2641 1385 2674 C.
1421 2640 1484 2674 ha-

821 2690 900 2723 bet:
924 2689 959 2722 in
985 2688 1085 2723 Vind.
1111 2690 1146 2720 et
1172 2687 1254 2720 Ven.
1280 2687 1371 2720 nulla
1393 2687 1483 2720 eius-

822 2735 913 2769 modi
936 2734 1083 2779 suspicio
1108 2732 1210 2766 cadit.
1243 2732 1401 2778 Denique
1420 2733 1483 2766 ali<-

821 2781 903 2826 quid
933 2779 1150 2814 tribuendum
1193 2782 1269 2812 erat
1310 2779 1484 2813 Vindobo-

824 2827 918 2862 nensi
940 2827 984 2860 D.
1009 2825 1136 2860 diversi
1157 2825 1292 2870 generis
1315 2826 1413 2859 libro.

869 2870 1091 2917 ἐκφυγόντι]
1130 2870 1277 2916 ἔφυγον.
1317 2871 1353 2906 τί
1402 2871 1481 2905 Par.
