1807 3219
413 138 755 182 CIVITAS
798 137 923 181 LIB.
947 137 1021 180 VI.
1051 139 1121 178 485
1402 144 1486 185 145

84 243 147 292 *H
169 244 254 293 οὖν
282 249 552 306 οἰκειότερον
588 252 726 310 σοφία
762 268 804 295 τι
843 249 1052 308 ἀληθείας
1087 249 1146 294 ἂν
1176 249 1346 306 εὕροις;
1393 254 1485 297 Καὶ

89 320 206 369 πῶς;
235 313 267 374 ἦ
295 316 336 362 δ’
369 317 430 370 ὅς.
480 314 540 362 ςΗ
566 314 650 363 οὖν
680 319 872 364 δυνατὸν
901 318 1014 363 εἶναι
1053 319 1134 375 τήν
1175 317 1314 375 αὐτὴν
1345 319 1484 376 φύσιν

90 385 345 443 φιλόσοφόν
385 403 432 431 τε
470 388 544 432 καὶ
573 391 843 445 φιλοψευδῆ;
903 386 1120 444 Οὐδαμῶς
1147 403 1209 443 γε.
1274 387 1364 431 Τόν
1395 388 1482 444 ἄρα
1504 397 1545 439 D

88 460 151 512 τῷ
182 455 276 500 ὄντι
314 460 546 514 φιλομαθῆ
584 457 728 515 πάσης
767 456 976 514 ἀληθείας
1015 459 1084 500 δεῖ
1120 454 1258 508 εὐθύς
1294 457 1340 501 ἐκ
1380 459 1485 502 νέου

89 523 158 569 ὅτι
187 524 374 582 μάλιστα
403 523 650 581 ὀρέγεσθαι.
711 530 946 578 Παντελῶς
980 541 1041 581 γε.
1097 523 1226 568 ’Auni
1269 525 1358 583 μήν
1397 526 1485 585 ὅτῳ

88 609 137 649 γε
169 596 229 645 εἰς
258 593 306 638 ἕν
337 610 380 637 τι
416 595 462 637 αἱ
491 594 722 652 ἐπιθυμίαι
751 594 930 652 σφόδρα
961 594 1198 652 ῥέπουσιν,
1239 595 1366 651 ’ἴσμεν
1395 611 1486 639 που

90 660 159 706 ὅτι
188 663 248 713 εἰς
276 658 413 706 τᾶλλα
441 660 583 720 τούτῳ
621 661 954 717 ἀσθενέστεραι,
995 663 1141 717 ὥσπερ
1173 662 1315 718 ῥεῦμα
1348 662 1487 707 ἐκεῖσε

90 728 462 786 ἅπωχετευμένον.
509 735 561 774 Τί
590 731 678 788 μήν
689 752 701 787 3
727 727 802 775 ῗΩιι
832 731 886 789 δὴ
916 731 1027 786 πρὸς
1056 731 1111 775 τὰ
1141 730 1381 788 μαθήματα
1409 733 1485 776 καὶ

88 801 181 841 πᾶν
209 798 258 842 τὸ
287 802 494 842 τοιοῦτον
523 798 786 856 ἐῤῥυήκασι,
816 800 915 854 περὶ
943 799 1024 856 τήν
1049 804 1126 856 τῆς
1147 805 1315 858 ψυχῆς,
1346 799 1485 858 οἶμαι,

87 865 258 924 ἡδονήν
288 865 424 924 αὐτῆς
453 866 560 911 καθ’
590 868 732 927 αὐτὴν
762 866 850 913 εἶεν
881 868 959 921 ἂν,
999 868 1078 921 τὰς
1108 870 1155 913 δὲ
1185 869 1257 913 διὰ
1286 874 1367 914 τοῦ
1398 869 1486 915 σώ-

90 951 227 991 ματος
256 934 522 989 ἐκλείποιεν,
554 939 592 981 εἰ
620 937 680 994 μὴ
707 929 1038 993 πεπλασμένως,
1069 934 1168 981 ἄλλ’
1202 936 1383 995 άληθῶς
1413 956 1488 996 φι-

89 1002 286 1060 λόσοφός
313 1020 378 1056 τις
407 1005 486 1062 εἴη.
544 1003 733 1064 Μεγάλη
774 1003 960 1063 ἀνάγκη.
1019 1004 1235 1063 Σώφρων
1263 1007 1351 1064 μὴν
1382 1006 1408 1053 ὅ
1436 1023 1485 1065 γε
1513 1016 1550 1058 Ε

136 1150 301 1207 ἀγαπᾷν.
317 1149 481 1201 Ὀρθῶς]
506 1151 675 1201 ἀγαπᾶν,
695 1152 758 1200 ὁρ·

89 1199 152 1234 θ
198 1189 273 1235 Ald
818 1151 974 1200 αγουσα.
1013 1156 1160 1198 Similia,
1188 1168 1253 1192 non
1273 1156 1405 1200 eadem,
1427 1157 1488 1192 illa

122 1212 174 1256 ως

817 1205 913 1244 sunt,
939 1214 1027 1247 quae
1050 1203 1126 1239 Vol.
1151 1203 1180 1238 Ι.
1204 1216 1239 1249 p.
1262 1206 1343 1246 320,
1367 1205 1401 1239 b.
1426 1216 1487 1238 no-

131 1239 200 1301 5H]
224 1243 248 1290 ἡ
265 1246 371 1287 Vind.
395 1246 441 1282 F.

135 1285 228 1338 ουν]
257 1305 324 1329 om.
345 1292 424 1328 Fic.

136 1356 206 1405 ὃὶν]
243 1373 308 1396 om.
341 1361 428 1396 Lob.
469 1360 570 1397 Vind.
601 1362 643 1397 B.
676 1362 758 1398 Vat.

88 1407 139 1442 M.
165 1410 244 1441 ante
268 1404 451 1452 ἀληθείας
474 1407 576 1445 Vind.
600 1408 646 1444 F.
670 1409 757 1454 Ang.

88 1454 146 1510 Β.ς
154 1454 251 1488 Flor.
270 1454 348 1489 RT.

131 1493 200 1546 Ἦ]
224 1493 252 1544 ἦ
274 1500 356 1536 Bas.
379 1501 414 1537 b.
437 1495 462 1545 ἢ
487 1500 589 1536 Vind.
613 1500 656 1536 F.

136 1568 191 1615 τῷ
204 1564 339 1613 ὄντι]
386 1582 452 1604 om.
495 1569 576 1604 Fic.
622 1567 762 1604 τωόντι

91 1603 193 1652 Vind.
217 1616 262 1650 E.
287 1628 364 1649 των
384 1611 467 1650 ὄντι
488 1617 576 1652 Ven.
599 1616 642 1650 Β.

136 1662 217 1716 δεῖ]
245 1659 292 1705 δὴ
319 1662 421 1698 Vind.
445 1661 488 1697 F.
513 1665 592 1696 ante
616 1673 705 1697 corr.

91 1704 237 1788 ctlpquz]
273 1708 330 1742 Ita
353 1708 455 1745 Vind.
478 1708 523 1749 F.
546 1709 609 1743 sed
644 1720 762 1743 corre-

139 1821 244 1864 ἴσμεν
261 1834 337 1857 που
363 1817 449 1868 ὅτι]
475 1835 540 1858 om.
564 1823 643 1860 Fic.

138 1865 288 1913 τᾶλλα]
336 1865 455 1903 τᾶλλα
501 1869 603 1907 Vind.
650 1871 759 1907 BEF.

92 1914 187 1950 Mon.
210 1916 253 1950 Β.
278 1916 400 1961 Steph.

139 1979 286 2028 ω’σπερ]
315 1997 366 2024 ως
389 1985 469 2020 Par.
492 1965 537 2020 D.
561 1997 649 2021 corr.
689 1986 760 2020 Sed

92 2029 200 2073 magis
236 2031 440 2064 crediderim
466 2031 508 2065 ad
531 2042 679 2078 sequens
702 2026 760 2067 Ὧι

94 2087 170 2110 eam
193 2076 396 2110 varietatem
418 2081 598 2133 spectare,
623 2082 659 2112 et
677 2091 759 2113 vero

92 2127 174 2167 post
192 2122 304 2164 illam,
330 2135 418 2168 quae
443 2125 486 2158 ad
511 2120 760 2168 ἀπωχετευμέ-

95 2179 162 2201 νον
180 2149 323 2212 specta't,
348 2169 384 2202 in
409 2171 659 2204 commentariis
669 2172 763 2205 Bek-

96 2213 172 2246 ke1i
204 2214 315 2258 posita
347 2218 383 2248 et
412 2219 526 2250 tamen
559 2229 599 2251 eo
642 2229 763 2252 versus

96 2271 235 2340 guinem
259 2263 378 2295 notata
402 2265 467 2304 est,
490 2268 528 2296 ut
551 2263 617 2297 huc
639 2264 765 2298 referri

121 2317 139 2339 e
166 2309 234 2340 eat.

145 2371 283 2420 ε’κεῖσε]
310 2376 382 2410 alio
404 2376 483 2412 Fic.

147 2439 468 2489 οἷπωχετευμένον]
496 2442 763 2492 ἄποχετενόμε-

99 2500 162 2523 ναι
192 2491 292 2525 Vind.
316 2492 360 2526 F.
397 2493 484 2536 Ang.
520 2493 563 2527 Β.
602 2492 698 2529 Flor.
718 2496 763 2530 R.

99 2535 224 2571 Stallb.
257 2548 311 2581 pr.
352 2534 647 2582 ε’πωχετενμένον
683 2541 762 2576 Par.

98 2581 145 2616 K.
170 2593 239 2616 sec.
262 2583 373 2618 Bekk.
399 2584 492 2619 Mon.
506 2585 546 2620 B.
571 2588 607 2619 et
628 2585 662 2619 in
682 2586 763 2622 Par.

97 2627 144 2664 D.
175 2625 192 2662 ἐ
225 2639 327 2673 super
361 2642 385 2663 α
426 2631 582 2675 positum.
632 2628 763 2676 οἷποχε-

97 2671 299 2717 τευόμενον
333 2675 443 2719 (Ven.
469 2677 537 2721 B.)
571 2677 647 2712 Ald.
682 2679 763 2714 Bas.

98 2719 154 2754 ab.
179 2721 300 2774 Steph.
324 2724 400 2757 Ast.
448 2724 568 2757 Genus
591 2724 765 2770 participii

98 2764 143 2798 ad
168 2767 356 2811 proximum
389 2780 509 2803 nomen
533 2772 765 2805 accommoda-

99 2813 172 2845 tum
203 2816 276 2855 est,
309 2816 348 2847 ut
379 2815 421 2850 L.
445 2815 512 2852 III.
545 2828 580 2862 p.
604 2817 683 2853 401.
720 2818 763 2853 D.

172 2870 381 2914 ΡιΑΤοΝῙε
412 2873 488 2915 ΟΡ.
518 2874 567 2914 Π.

816 1249 902 1283 tavi.
951 1248 1112 1283 Ceterum
1136 1249 1316 1284 lectionem
1340 1261 1360 1284 a
1381 1251 1487 1284 Stall-

816 1294 953 1328 baumio
996 1295 1030 1329 in
1071 1296 1181 1341 prima
1216 1296 1271 1331 ed.
1313 1302 1488 1342 receptam

817 1341 1028 1375 Themistius
1077 1346 1216 1376 secutus
1261 1342 1401 1377 videtur
1437 1354 1489 1377 or.

817 1385 933 1422 XXII.
958 1399 992 1432 p.
1011 1389 1093 1422 269.
1108 1388 1160 1423 D:
1189 1384 1263 1434 ὅτῳ
1283 1386 1356 1432 γὰρ
1378 1385 1490 1432 ανδρὶ

817 1432 871 1472 εἰς
896 1430 935 1467 ἓν
962 1445 999 1467 τι
1019 1434 1197 1468 τοιοῦτον
1218 1423 1410 1491 (κυβείαν,
1436 1447 1489 1468 κι-

815 1477 1041 1523 θαριστικὴν
1069 1482 1165 1525 etc.)
1211 1480 1251 1514 αἱ
1294 1478 1491 1537 επιθυμίαι

816 1525 938 1559 πᾶσαι
973 1524 1151 1581 ῥέπουσι,
1188 1524 1312 1573 τούτῳ
1347 1524 1386 1561 δε
1420 1524 1491 1561 οὐκ

817 1567 866 1605 ὃὶν
897 1572 950 1611 εἰς
969 1569 1131 1627 τοῖμείνω
1164 1562 1347 1617 γίγνοιντο
1357 1574 1491 1630 φιλίαι

819 1617 994 1673 ἰσχυραὶ,
1030 1615 1175 1674 ὥσπερ
1190 1619 1311 1664 ῥεῦμα
1349 1617 1410 1653 ἐπὶ
1445 1617 1489 1654 τὸ

817 1662 1071 1708 πρανέστερον
1152 1662 1491 1710 αποτετραμμέναι.

818 1711 889 1744 Sed
926 1711 1016 1744 idem
1049 1723 1099 1746 or.
1130 1712 1228 1747 XXI.
1266 1724 1301 1757 p.
1325 1714 1406 1747 260.
1448 1713 1490 1747 A.

817 1757 940 1790 πᾶσαι
963 1754 1099 1801 αὐτοῦ,
1118 1757 1240 1814 inquit,
1267 1757 1308 1791 αἱ
1330 1758 1399 1802 τῆς
1417 1765 1491 1813 ψυ-

816 1803 885 1847 χῆς
899 1784 1099 1847 ἑπιθυμίαί
1116 1801 1194 1838 α’πό
1218 1816 1296 1838 των
1313 1802 1490 1860 μαθημα-

817 1862 893 1883 των
912 1847 1056 1884 ἑκεῖσε’
1039 1848 1346 1906 εποχετεύσονται
1365 1847 1490 1906 ω’σπερ

818 1894 940 1940 ῥεῦμα
960 1893 1021 1931 ἐπὶ
1053 1894 1123 1931 τὸν
1148 1895 1401 1942 πρανέστερον
1427 1895 1491 1933 τό·

816 1953 902 1978 πον.

865 1987 936 2033 δὴ]
964 1985 1008 2022 δε
1031 1988 1126 2023 Μοη.
1139 1989 1180 2023 B.
1204 1989 1284 2024 Par.
1295 1989 1372 2024 DK.
1393 1990 1491 2024 Flor.

816 2034 863 2070 U.
893 2035 967 2069 Ald.
992 2036 1074 2069 Bas.
1101 2047 1132 2070 a.
1158 2036 1278 2080 Steph.
1306 2037 1384 2070 Ast.
1403 2048 1456 2081 pr.

864 2077 1007 2138 αὐτῆς]
1028 2079 1109 2136 τὴν
1135 2082 1222 2127 Ang.
1248 2082 1288 2115 B.
1324 2083 1421 2116 Flor.
1445 2082 1490 2116 R.

866 2125 962 2162 καθ’
977 2123 1132 2184 αυτὴν]
1166 2126 1367 2172 καθαυτὴν
1390 2128 1490 2165 Vind.

820 2175 865 2209 F.
890 2171 986 2207 καθ’
1010 2185 1123 2229 εαυτη
1129 2186 1149 2206 ν
1173 2174 1270 2209 Flor.
1295 2175 1337 2209 R.

867 2217 964 2263 εἷεν]
991 2217 1078 2254 886⁰
1064 2232 1102 2254 εν
1101 2187 1221 2254 ⁷7Vind.
1244 2221 1287 2253 F.

868 2264 1094 2310 ἐκλείποιεν]
1122 2263 1306 2300 εκλίποιεν
1330 2266 1432 2302 Vind.
1451 2267 1491 2302 B.

823 2313 1043 2358 Cupiditates
1073 2312 1164 2346 iuius
1199 2316 1297 2346 totae
1322 2313 1366 2346 ad
1390 2313 1493 2347 disci-

821 2359 934 2405 plinas
967 2370 1152 2392 conversae
1186 2359 1357 2404 animique
1389 2360 1491 2392 volu-

820 2409 952 2452 ptatem
975 2408 1179 2450 appetentes
1215 2405 1308 2439 circa
1341 2406 1492 2450 emporis
1547 2449 1549 2451 Ι

819 2452 1014 2507 voluptates
1062 2451 1271 2485 flaccescere
1318 2452 1488 2486 dicuntur.

820 2499 874 2532 Ad
899 2495 967 2536 τὰς
994 2498 1216 2554 repetendum
1241 2508 1284 2530 ex
1303 2498 1493 2543 superiori-

819 2545 884 2578 bus
909 2546 963 2577 est
985 2542 1083 2587 περί.
1119 2544 1175 2577 Cf.
1201 2544 1279 2579 Vol.
1303 2543 1333 2578 I.
1358 2556 1391 2589 p.
1409 2544 1491 2585 365,

821 2602 853 2625 a.
877 2591 911 2623 b.

866 2631 1131 2678 πεπλασμένως
1151 2635 1164 2679 ]

819 2682 901 2717 Pa1.
925 2682 970 2716 K.
994 2686 1030 2714 et
1055 2694 1075 2714 a
1099 2693 1144 2715 m.
1169 2691 1196 2714 s.
1222 2681 1318 2716 Flor.
1345 2682 1385 2716 C.

870 2725 951 2761 ἀλλ’
963 2729 995 2782 ]Ν
1004 2724 1097 2760 ἀλλὰ
1123 2727 1223 2762 Vind.
1247 2727 1292 2761 F.

1236 2633 1492 2679 πεπλασμένος

865 2772 939 2818 μὴν
971 2768 995 2807 6
1022 2775 1085 2817 γε]
1117 2784 1156 2816 γε
1171 2771 1257 2830 μὴν
1288 2770 1307 2808 ὁ
1343 2774 1423 2808 Par.
1447 2774 1491 2808 Κ.
1518 2777 1551 2818 Ε

1008 2831 1048 2864 γε
1066 2817 1143 2864 μὴν
1166 2816 1229 2864 ὅγε
1253 2820 1348 2856 Μοῃ.
1369 2821 1412 2855 Β

1254 2877 1299 2918 K

820 2819 916 2855 Flor.
940 2819 986 2854 U.
