1807 3219
501 123 532 164 C
554 123 571 163 Ι
592 122 633 163 V
653 123 670 163 1
691 122 727 163 Τ
746 123 790 163 Α
811 123 840 164 S
884 123 1006 166 LlB.
1027 125 1121 166 Vll.
1151 128 1220 164 554

1468 128 1553 168 327

163 235 276 289 πρὸς
317 232 486 287 δόξαν,
532 233 607 277 καὶ
645 232 712 278 ὅτι
745 234 899 291 νόησις
939 234 1052 290 πρὸς
1097 233 1263 288 δόξαν,
1309 232 1553 292 ἐπιστήμην

163 301 277 359 πρὸς
305 302 454 345 πίστιν
482 301 557 346 καὶ
587 302 793 346 διάνοιαν
824 303 934 358 πρὸς
967 304 1187 348 εἰκασίαν·
1218 301 1300 359 τήν
1329 302 1373 347 δ’
1395 301 1462 359 ἐφ’
1485 300 1552 355 οἷς

166 376 306 416 ταῦτα
337 369 582 426 ἀναλογίαν
609 371 682 414 καὶ
712 372 927 426 διαίρεσιν
952 374 1049 429 διχῆ
1070 371 1302 427 ἑκατέρου,
1334 373 1549 424 δοξαστοῦ

162 457 208 485 τε
236 440 310 484 καὶ
339 442 528 497 νοητοῦ,
561 438 723 495 ἐῶμεν,
754 435 790 482 ai
823 439 1063 494 Γλαύκων,
1112 441 1185 483 ἴνα
1215 438 1272 497 μὴ
1301 439 1412 496 ἡμᾶς
1440 444 1548 484 πολ-

162 509 418 554 λαπλασίων
445 505 591 564 λόγων
633 506 854 566 ἐμπλήσῃ,
900 507 931 566 ἢ
959 508 1077 554 ὅσων
1106 510 1152 553 οἱ
1181 508 1549 566 παρεληλυθότες.
1577 507 1615 550 Β

93 688 163 724 534
208 677 364 722 τρίτην]
387 677 515 734 τρίτον
537 678 615 713 Ald.
640 679 721 713 Bas.
749 681 805 714 ab.

207 736 279 782 μεν
294 724 418 759 ταῦτα
439 722 576 767 δόξαν,
598 724 828 769 ξυναμφότε-

160 783 211 817 ρα
238 768 279 806 δ’
311 768 432 805 ἐκεῖνα
457 770 622 816 νόησιν]
673 773 831 812 Quatuor

188 818 279 852 riora
303 830 368 852 om.
404 817 490 851 Lob.
528 819 607 853 Vat.
632 818 713 852 ΒΜ.
747 818 827 853 Par.

196 864 238 898 Κ.
255 875 334 921 sec3
358 863 469 898 Bekk.
497 867 532 898 et
556 875 577 898 a
601 875 642 898 m.
668 876 721 909 pr.
741 865 830 897 Ven.

159 911 204 947 C.
227 907 293 954 μὲν
318 907 441 944 ἐκεῖνα
466 908 618 954 νόησιν,
643 911 765 945 ταῦτα
790 907 830 944 δὲ

160 954 279 999 δόξαν
299 957 392 990 Μοιι.
403 957 444 989 Β.
470 955 537 1000 μὲν
563 961 598 990 et
620 958 655 991 in
679 969 722 992 m.
741 955 828 991 ἐκεῖ·

159 1014 224 1038 ναι
242 1000 372 1045 δόξαν,
397 1001 660 1047 ξυναμφότερα
682 1002 723 1037 δὲ
739 1003 829 1037 ταῦ·

159 1061 208 1084 τοι
226 1047 357 1093 ’νόησιν
380 1049 471 1083 Flor.
482 1049 527 1083 U.
552 1049 830 1094 quemadmodum

159 1095 194 1130 in
227 1107 281 1141 pr.
315 1095 369 1129 ed.
404 1095 646 1130 Stallbaumius
681 1099 829 1129 testatus

159 1146 225 1176 est.
273 1141 314 1175 In
337 1152 406 1175 sec.
431 1153 513 1175 vero
538 1139 661 1175 ἐκεῖνα
685 1140 828 1186 νόησιν,

159 1188 283 1222 ταῦτα
314 1186 354 1221 δὲ
384 1184 532 1229 δόξαν
523 1199 557 1221 ιιι
569 1188 655 1222 eius
680 1188 830 1232 margine

159 1235 292 1280 scripta
321 1233 489 1279 perbibet.
536 1234 651 1267 Etiam
684 1234 829 1267 Ficinus

158 1281 263 1315 aliter
279 1281 366 1314 haec
383 1280 571 1314 ordinavit:
597 1285 631 1315 et
649 1282 746 1314 ambo
765 1282 829 1314 illa

158 1328 261 1362 simul
284 1327 576 1381 intelligenti-am,
610 1327 695 1360 haec
714 1333 829 1361 autem

159 1375 259 1408 ambo
283 1374 385 1406 simul
407 1373 613 1416 opinionem.
639 1384 706 1418 qua
726 1373 829 1406 liber-

158 1423 234 1454 tate
267 1430 372 1464 saepe
419 1430 494 1452 eum
540 1430 637 1452 usum
674 1419 829 1455 vidimus.

158 1465 228 1500 Pro
253 1462 300 1508 δ’,
326 1463 416 1510 quod
440 1468 477 1498 et
499 1464 611 1508 ipsum
634 1465 720 1499 Lob.
745 1465 828 1498 Par.

158 1512 203 1546 K.
229 1511 408 1553 omittunt,
440 1509 477 1544 in
500 1511 599 1545 vind.
624 1512 700 1545 BE.
734 1511 828 1547 Mon.

159 1559 203 1594 C.
229 1557 270 1592 δὲ
295 1557 462 1610 scriptum
485 1561 550 1592 est.

204 1603 293 1661 καὶ]
318 1603 382 1637 καὶ
401 1599 531 1644 δόξαν.
553 1603 635 1638 Par.
657 1603 703 1637 Κ.

191 1661 290 1707 περι
310 1646 464 1693 γένεσιν]
491 1661 555 1683 σπι.
576 1649 655 1684 Par.
668 1649 712 1684 D.
733 1647 831 1692 πρὸς

157 1694 299 1742 γένεσιν
322 1695 402 1730 Par.
414 1694 461 1730 K.
484 1692 712 1741 περιγένεσιν
728 1695 830 1731 Vind.

157 1743 269 1834 Εδιε]
294 1785 335 1823 δὲ
359 1785 423 1821 καὶ
445 1787 526 1822 Par.
546 1786 592 1822 K.

207 1857 293 1902 περὶ
311 1853 470 1901 οὐσίαν]
501 1856 717 1901 περιουσίαν
739 1854 830 1891 idem

159 1917 232 1941 sec.
255 1904 333 1950 Bip.

209 1971 346 2018 οὐσία]
368 1973 426 2008 1ta
447 1974 530 2009 Par.
552 1972 593 2006 A.
617 1970 705 2007 Lob.
728 1970 829 2005 Vind.

163 2021 238 2055 ΒΕ.
274 2021 368 2055 Μοιι.
392 2020 434 2054 C.
468 2021 549 2054 Vat.
582 2017 697 2051 BHM.
740 2018 828 2053 Ven.

161 2068 237 2104 Bc.
259 2066 336 2100 Fic.
384 2065 521 2111 Reliqui
555 2063 689 2098 codices
722 2075 743 2097 a
776 2075 828 2097 me

160 2115 200 2148 et
221 2125 243 2147 a
266 2113 427 2147 Bekkero
451 2111 566 2146 collati
584 2112 681 2154 (nam
695 2110 737 2143 de
748 2109 829 2143 Flo-

161 2159 303 2194 rentinis
326 2157 543 2193 Stallbaumii
560 2155 728 2191 silentium
746 2155 829 2189 mihi

161 2208 360 2259 suspectum
390 2205 474 2261 est)
517 2215 591 2237 cum
625 2202 829 2236 editionibus

161 2251 315 2286 omnibus
360 2248 494 2285 ου’σίαν
533 2250 690 2289 habent,
737 2249 829 2293 quod

159 2299 255 2332 ferre
285 2300 420 2343 potest,
454 2296 508 2331 cui
539 2295 724 2349 καλοῦμεν
747 2306 829 2340 sup-

162 2344 260 2402 plere
292 2343 417 2399 placet.
478 2342 549 2376 Sed
566 2342 734 2399 proxima
769 2341 830 2375 ina

163 2388 249 2434 περὶ
270 2387 412 2434 γένεσιν
435 2391 471 2423 et
492 2386 588 2436 περὶ
609 2384 743 2421 οὐσίαν
776 2387 829 2421 ita

163 2436 258 2470 dicta
282 2441 383 2478 sunt,
417 2434 516 2480 quasi
553 2437 648 2468 εἰναι
671 2445 831 2489 praeces-

163 2482 291 2525 sisset,
323 2493 387 2516 nec
411 2481 511 2515 aliter
534 2480 711 2535 sequentia
734 2477 830 2523 πρὸς

163 2526 305 2573 δόξαν,
329 2526 426 2571 πρὸς
441 2526 585 2570 πίστιν,
609 2524 706 2570 πρὸς
731 2526 829 2560 εἰκα-

163 2574 261 2610 σιάν.
294 2553 370 2608 'Cur
393 2585 475 2608 vero
501 2552 597 2607 εἶναι
613 2572 830 2618 suppleamus

163 2623 200 2655 et
223 2633 284 2656 οτι
314 2631 378 2666 pro
409 2620 603 2654 accusativo
634 2619 831 2661 habeamus,

163 2667 255 2714 quod
288 2677 395 2711 genus
434 2665 648 2700 attractionis
689 2664 831 2699 durissi-

164 2723 254 2748 mum
277 2716 353 2756 est,
376 2712 469 2746 nulla
493 2722 616 2746 caussa
638 2710 781 2745 videtur.

210 2757 376 2834 γένεσιν-Ι]
402 2756 570 2813 γέννησιν
593 2759 674 2793 vat.
693 2757 738 2792 H.

213 2803 365 2849 νόησιν]
387 2802 515 2848 νόησις
538 2804 634 2839 Flor.
655 2803 830 2839 ACRTV.

885 682 921 713 et
954 678 1079 718 iidem,
1126 677 1183 724 qui
1213 675 1324 713 οὐσία
1335 704 1345 723 ,

884 725 962 760 Par.
987 727 1028 759 A.
1054 725 1140 760 Ven.
1166 726 1206 760 C.
1240 726 1319 759 item
1342 725 1496 758 Ficinus.

932 770 994 805 καὶ
1026 767 1086 805 ὅτι
1121 768 1249 814 νόησις
1281 769 1376 814 πρὸς
1409 769 1550 816 δόξαν]

886 817 982 851 Haec
1013 818 1114 861 vulgo
1150 817 1275 851 omissa
1309 829 1351 851 ex
1392 817 1470 851 Par.
1505 819 1548 851 A.

886 864 988 898 vind.
1010 863 1084 897 ΒΕ.
1133 863 1228 897 Μοιι.
1263 864 1303 897 C.
1352 864 1436 899 Ven.
1471 863 1547 898 BC.

886 911 974 954 Ang.
998 911 1039 943 B.
1076 910 1157 945 vat.
1182 910 1228 944 H
1257 906 1349 944 Flor.
1376 910 1550 945 ACRTV.

885 956 964 991 Fic.
989 956 1143 1013 recipere
1167 967 1232 989 non
1256 955 1422 997 dubitavi,
1447 967 1550 1000 quum

886 1002 960 1036 sine
984 1002 1024 1036 iis
1050 999 1229 1056 ἐπιστήμη
1257 1006 1291 1035 et
1310 999 1462 1036 διανοια
1483 1013 1550 1035 ιιοιι

884 1053 1003 1094 pantes
1033 1046 1198 1092 νοήσεως
1233 1061 1309 1082 esse
1354 1060 1464 1093 neque
1509 1060 1551 1081 ea

886 1095 1076 1137 contineri,
1116 1095 1176 1128 sed
1200 1095 1295 1128 iuxta
1319 1106 1393 1128 eam
1418 1093 1551 1139 positae
1575 1114 1580 1119 -

885 1141 1078 1182 videantur,
1090 1141 1178 1186 quod
1198 1140 1444 1175 incommodum
1457 1141 1549 1173 Bek—

884 1187 988 1220 kerus
1012 1189 1141 1221 frustra
1175 1191 1340 1221 commate
1371 1190 1449 1220 ante
1474 1184 1549 1220 ἐπι-

885 1231 1026 1277 στήμην
1060 1233 1202 1267 delendo
1239 1233 1368 1267 evitare
1410 1237 1551 1266 conatus

886 1284 958 1321 est,
994 1279 1141 1336 scriptor
1176 1280 1265 1313 haud
1301 1279 1402 1313 dubie
1425 1276 1491 1332 μὲν
1515 1282 1551 1312 et

887 1323 927 1359 δὲ
958 1330 1037 1370 post
1070 1323 1274 1379 ἐπιστήμην
1308 1330 1343 1359 et
1375 1323 1550 1359 διάνοιαν

884 1371 1066 1405 inserendo
1090 1372 1266 1406 evitasset.
1314 1372 1425 1413 Quam
1449 1371 1550 1405 facile

886 1418 1044 1452 excidere
1067 1419 1262 1463 potuerint,
1287 1430 1383 1452 nemo
1407 1429 1474 1451 ιιοιι
1497 1417 1548 1451 vi-

885 1464 964 1498 det:
1001 1464 1214 1508 glossematis
1245 1465 1466 1509 suspicionem
1490 1475 1549 1498 co-

885 1510 996 1544 dicum
1019 1510 1147 1544 indoles
1170 1511 1333 1544 defendit.

932 1553 1159 1600 ἕπιστήμην]
1200 1554 1379 1601 ἐπιστήμη
1401 1557 1482 1591 Par.
1506 1557 1549 1592 A.

885 1602 972 1637 Lob.
1014 1603 1114 1637 Vind.
1148 1604 1222 1638 ΒΕ.
1264 1603 1357 1638 Μοιι.
1392 1603 1432 1637 C.
1469 1604 1549 1638 Vat.

885 1649 969 1683 HM.
996 1653 1054 1691 et,
1089 1649 1204 1683 addito
1236 1661 1256 1683 a
1287 1661 1329 1683 m.
1355 1661 1381 1683 s.
1411 1647 1472 1693 δὲ,
1507 1649 1549 1682 B.

885 1696 972 1730 Ven.
996 1696 1038 1729 B.
1062 1695 1157 1729 Flor.
1183 1695 1356 1730 ACRTV.
1379 1696 1453 1730 Fic.
1486 1693 1550 1729 καὶ

885 1738 1088 1785 ἐπιστήμην
1111 1742 1210 1775 Vind.
1226 1742 1266 1775 F.
1289 1740 1353 1776 και
1371 1739 1550 1786 ἐπιστήμη

885 1790 972 1833 Ang.
997 1788 1036 1821 Β.
1077 1787 1239 1823 Cernitur
1261 1788 1318 1822 hic
1341 1788 1552 1834 praestantia

884 1833 1008 1868 Veneti
1033 1833 1074 1868 C

932 1878 1130 1923 διάνοιαν]
1159 1876 1313 1914 διάνοια
1336 1879 1423 1914 Lob.
1449 1878 1551 1916 vind.

885 1926 961 1960 BE.
985 1926 1078 1960 Mon.
1103 1927 1144 1960 C.
1170 1928 1255 1971 Ang.
1282 1928 1320 1960 Β.
1359 1927 1439 1961 Vat.
1464 1926 1549 1960 HM.

884 1972 980 2006 Flor.
1016 1973 1189 2007 ACRTV.
1223 1976 1258 2006 et
1290 1973 1449 2014 Ficinus,
1491 1972 1550 2018 qui

884 2019 970 2052 haec
1007 2019 1086 2053 inde
1109 2020 1154 2053 ab
1181 2014 1242 2053 ὅτι
1266 2017 1376 2054 ου’σία
1399 2019 1448 2052 ita
1472 2019 1550 2052 red-

885 2065 994 2099 didit:
1023 2066 1123 2108 Quod
1145 2071 1261 2100 autem
1292 2072 1342 2100 est
1371 2067 1420 2099 ad
1444 2077 1551 2111 gene-

883 2113 1055 2146 rationem
1077 2113 1247 2153 essentia,
1285 2113 1323 2146 id
1343 2113 1391 2146 ad
1417 2112 1551 2154 opinio-

883 2170 961 2192 nem
981 2159 1239 2203 intelligentiax
1263 2159 1396 2203 quodve
1419 2159 1549 2192 intelli-

884 2205 1010 2250 gentia
1037 2209 1088 2238 est
1120 2205 1168 2238 ad
1195 2205 1407 2249 opinionem,
1445 2205 1483 2238 id
1516 2209 1550 2239 et

885 2251 933 2284 ad
947 2251 1051 2291 fidem
1068 2251 1225 2290 scicntia,
1250 2257 1285 2285 et
1304 2251 1352 2284 acl
1370 2251 1549 2297 imagina-

882 2298 1009 2332 tionem
1034 2297 1178 2351 denique
1197 2298 1381 2342 cogitatio.

930 2340 962 2376 δ’
975 2344 988 2387 ]
1013 2339 1053 2376 δε
1077 2342 1176 2376 Vind.
1202 2343 1243 2378 F.

931 2385 1150 2433 ἀναλογίαν]
1171 2386 1376 2434 ἀναλογίαν
1395 2400 1434 2423 τε
1456 2388 1551 2423 Μοιι.

885 2435 927 2471 C.
953 2435 1027 2469 Ast.
1053 2446 1120 2469 sec.
1145 2439 1181 2469 et
1203 2439 1285 2471 tert.

931 2481 1042 2526 διχῆ]
1069 2481 1152 2527 διχῇ
1177 2481 1272 2516 editi.

930 2529 991 2584 τε]
1018 2539 1083 2561 om.
1108 2517 1196 2562 L'ob.
1221 2529 1300 2561 vat.
1324 2525 1405 2561 ΒΜ

931 2571 1074 2618 ἐῶμεν]
1110 2570 1229 2617 εῶμεν
1253 2573 1354 2610 Vind.
1378 2573 1417 2606 B.
1452 2573 1549 2606 θεῶ

886 2629 952 2662 μεν
977 2621 1064 2663 Ang.
1084 2621 1125 2653 B.

888 2710 919 2743 c
930 2665 1228 2711 πολλαπλασίων]
1239 2664 1449 2699 πολλασίων
1457 2663 1550 2698 Μοιι.

935 2751 1048 2803 ὅσων]
1072 2757 1142 2792 Pro
1165 2769 1204 2791 eo
1219 2755 1428 2791 Bekkems
1418 2768 1453 2789 m
1470 2756 1549 2789 Par.

889 2803 930 2838 A.
955 2805 1036 2839 Vat.
1062 2805 1137 2838 BH.
1164 2805 1250 2838 Ven.
1276 2804 1317 2837 C.
1341 2812 1434 2837 οσον
1457 2801 1549 2835 ime—

1394 678 1552 724 exceptis
