1807 3219
446 165 786 209 CIVITAS
831 164 954 207 LIB.
979 164 1032 206 V.
1063 165 1132 204 460

1440 169 1493 208 51

45 289 111 326 461
123 275 232 333 μένῃ
262 275 350 321 ἀπὸ
381 276 656 330 εἰκοσιέτιδος
692 278 817 335 μέχρι
852 276 1311 332 τετταρακονταέτιδος
1337 277 1496 321 τίκτειν

111 401 336 445 valetudinis,
369 413 434 436 non
467 401 632 436 victoriae
655 414 776 437 caussa

112 451 310 489 currerent,
334 448 443 482 minus
465 448 534 482 iam
556 449 672 483 valere
697 461 775 483 cur-

111 494 217 528 rendo
264 494 436 528 diceretur
456 521 467 537 ‚
536 506 613 529 eum
658 495 776 529 statim

112 552 226 574 omnes
249 541 368 585 viginti
392 540 542 586 quinque
574 540 670 575 annis
703 553 776 575 ma-

109 585 219 620 iorem
253 598 328 620 esse
362 587 591 622 intellexerint
630 587 776 632 ideoque

110 632 247 666 Socrati
271 644 331 677 pro
354 632 415 666 illo
439 634 563 668 aetatis
583 645 669 667 anno
687 634 775 667 hanc

110 678 320 712 debilitatem
329 679 503 713 nominare
514 680 658 714 licuerit.
674 680 774 720 Quod

109 724 213 758 etiam
246 725 274 757 si
305 725 464 758 credibile
496 730 587 760 esset
604 752 614 767 ‚
661 729 774 759 tamen

108 776 176 804 non
199 770 254 804 hic
277 774 353 804 erat
383 769 444 805 tali
474 771 700 817 designationi
722 772 773 805 lo‘-

109 827 192 858 cus,
218 817 283 851 nisi
306 818 395 850 forte
419 818 462 851 ob
485 818 519 852 id
542 819 664 863 ipsmn,
683 818 773 863 quod

107 863 223 896 cursui
253 862 364 897 minus
410 864 522 898 idonei
554 865 687 906 forent,
729 864 772 898 ad

107 909 247 954 nuptias
279 909 417 944 idoneos
460 910 553 944 visos
591 910 771 950 credimus.

107 956 160 989 Ac
182 966 304 989 vereor
327 956 502 1001 equidem,
526 968 569 990 ne
591 956 649 990 illa
666 956 774 990 inter-

107 1001 259 1046 pretatio
282 1002 372 1036 nullo
392 1002 459 1036 alio
477 1003 695 1037 fundamento
719 1003 773 1036 ni-

108 1051 224 1090 tatur,
266 1047 333 1081 nisi
364 1049 479 1082 verbis
515 1046 562 1083 τὰ
587 1051 681 1082 ποῖοι
706 1046 772 1084 αὖ·

107 1093 186 1127 τῶν
235 1094 283 1128 ita
331 1094 534 1137 intellectis,
581 1099 620 1128 ut
665 1096 772 1141 primo

108 1143 251 1184 aspectu
268 1140 496 1184 intelligenda
507 1141 680 1175 videntur:
698 1143 773 1187 qui-

107 1197 191 1220 nam
223 1191 303 1220 sunt
333 1187 396 1221 isti
436 1189 568 1232 viginti
609 1189 774 1229 mulieris,

107 1233 263 1279 triginta
285 1233 354 1266 viri
371 1233 483 1266 anni?
506 1233 627 1278 quibus
651 1234 699 1268 ita
718 1246 772 1267 re-

102 1278 271 1323 sponderi
293 1290 357 1323 par
383 1282 459 1313 erat
473 1305 483 1321 ‚
521 1283 560 1312 ut
582 1279 710 1313 initium
736 1283 772 1313 et

107 1323 185 1358 finis
216 1327 310 1358 certo
341 1324 650 1367 demonstraretur;
682 1325 773 1370 quod

105 1381 209 1414 quum
244 1370 279 1404 in
320 1370 434 1415 priore
483 1375 583 1416 parte
625 1371 772 1416 propriis

105 1416 219 1450 verbis
242 1417 368 1450 factum
392 1420 503 1459 esset,
539 1417 628 1451 idem
660 1417 696 1451 in
720 1417 772 1453 al-.

98 1464 181 1501 ¹tera
199 1462 530 1497 Schleiermacherus
558 1463 772 1498 desiderasse

105 1519 246 1553 eamque
269 1509 312 1541 ob
335 1520 408 1542 rem
440 1509 705 1555 metaphoricum
728 1510 770 1543 il-

104 1553 214 1587 lorum
251 1555 433 1589 verborum
472 1567 609 1589 sensum
650 1567 770 1601 panun

107 1603 223 1645 apt=m1
262 1600 432 1639 iudicasse
463 1602 608 1636 videtur.
665 1602 771 1636 Certe

104 1644 183 1691 ipsa
215 1645 344 1690 primae
372 1646 558 1682 iuventutis
592 1660 771 1693 compara-

103 1693 153 1725 tio
177 1704 252 1725 cum
275 1692 384 1738 prima
406 1693 506 1728 stadii
530 1699 647 1739 parte,
670 1706 771 1740 quam

105 1737 283 1772 celerrime
307 1739 438 1773 emetiri
469 1751 625 1774 cursores
650 1741 771 1782 solent,

104 1784 198 1818 nulla
220 1784 351 1819 ratione
387 1785 571 1830 improbari
600 1787 664 1820 hoc
698 1786 772 1821 loco

106 1832 243 1875 potest,
277 1831 403 1876 quippe
435 1844 522 1877 quae
545 1831 699 1866 caussam
723 1832 773 1866 si-

101 1875 264 1919 gnificet,
298 1888 358 1910 cur
392 1889 468 1912 eam
491 1878 616 1912 aetatis
639 1881 772 1923 partem

107 1925 316 1956 transactam
338 1934 415 1957 esse
447 1927 627 1969 oporteat,
660 1925 772 1969 prius-

106 1979 210 2012 quam
251 1967 367 2002 liberis
407 1970 624 2014 procreandis
665 1981 773 2015 opera

105 2014 219 2050 detur.
246 2014 344 2053 ,Nam
366 2015 459 2049 vitae
482 2013 580 2060 ἀκμὴ
607 2016 682 2050 sive
706 2017 771 2050 flos

105 2060 232 2105 duplex
256 2064 328 2102 est,
358 2062 473 2105 prouti
495 2063 550 2096 vel
574 2066 666 2096 motu
691 2075 771 2096 con-

103 2105 204 2140 citari
234 2106 331 2141 homo
364 2109 420 2142 vel
458 2108 652 2143 constitisse
695 2121 771 2142 cor-

103 2163 190 2196 pore
220 2155 255 2186 et
290 2156 404 2187 mente
436 2155 616 2199 cogitatur.
672 2155 771 2188 Hanc

104 2197 205 2239 Plato
246 2194 369 2244 οἷκμὴν
413 2197 586 2244 στόματός
627 2212 667 2235 τε
707 2199 770 2235 καὶ

105 2240 342 2288 φρονήσεως,
374 2245 468 2280 illam
491 2245 559 2291 τὴν
585 2244 770 2290 ὀξυτάτην

106 2286 251 2332 δρόμου
277 2287 398 2334 ἀκμὴν
423 2294 594 2337 appellat,
628 2305 696 2338 qua
719 2293 770 2326 vi—

105 2338 210 2379 gente
240 2347 281 2370 ac
317 2338 474 2371 fervente
516 2339 651 2372 minime
691 2339 770 2373 talis

105 2393 184 2416 esse
208 2381 296 2415 solet
318 2382 380 2420 vir,
404 2383 537 2428 qualem
560 2384 768 2429 Leg.L.VI.

106 2440 138 2471 p.
162 2428 242 2462 775.
266 2431 301 2461 et
326 2428 407 2462 alibi
438 2429 473 2463 in
504 2430 629 2475 nuptiis
654 2432 769 2475 requi-

104 2473 173 2514 rit,
212 2474 267 2507 cui
293 2475 460 2509 consentit
480 2476 684 2511 Aristoteles
703 2477 770 2510 Po-

104 2519 158 2554 lit.
182 2520 223 2554 L.
248 2520 324 2555 VIJ.
351 2533 380 2555 c.
406 2521 460 2556 14.
484 2533 519 2566 p.
540 2524 619 2557 251.
637 2523 768 2558 Goettl.

104 2565 159 2600 Ad
182 2577 255 2599 rem
277 2566 384 2610 igitur
408 2568 580 2612 aptissima
601 2572 655 2602 est
678 2580 770 2602 com-

103 2611 252 2656 paratio.
315 2612 439 2658 Neque
480 2625 562 2647 vero
601 2615 770 2648 nominum

105 2660 141 2690 et
175 2659 354 2693 verborum
387 2669 408 2692 a
438 2659 606 2693 curriculo
641 2661 683 2694 ad
718 2662 771 2695 vi-

103 2705 176 2736 tam
222 2704 466 2739 translatorum
523 2705 670 2740 insolens
717 2711 772 2741 est

103 2759 196 2784 usus.
243 2751 302 2784 Sic
324 2748 505 2794 κάμπτειν
529 2751 614 2796 βίον
645 2755 680 2786 et
711 2752 770 2787 τέ-

104 2795 169 2834 λος
192 2794 278 2841 βίου
309 2797 433 2841 tragici
456 2798 595 2840 dicunt,
628 2810 771 2844 quormn

103 2841 207 2878 locos.
219 2841 381 2887 indicavit
404 2843 562 2879 Monkius
583 2844 628 2879 ad
646 2845 768 2891 Eur-ip.

831 402 970 447 Hippol.
1013 403 1069 437 86.
1117 401 1280 447 βαλβῖδα
1328 400 1496 446 λυπηρὰν

833 449 919 493 βίου
954 448 1094 493 legimus
1136 448 1281 482 Medeae
1322 460 1355 483 v.
1394 450 1496 484 1240.

831 496 929 529 Pors.
951 495 995 528 ad
1019 497 1227 528 senectutem
1244 494 1421 539 pervenire
1442 492 1495 528 ἐλ·

831 541 919 573 θεῖν
943 541 1074 584 λευκῆς
1110 538 1148 579 ἐς
1182 541 1323 585 δρόμον
1354 538 1496 585 ἡλικίης

831 586 959 620 incerto
995 590 1118 632 poetae
1152 586 1277 620 dicitur
1318 588 1407 632 apud
1438 588 1495 621 Ia-

833 633 982 666 cobsium
1007 633 1107 668 anim.
1130 633 1166 666 in
1190 634 1317 667 anthol.
1340 635 1417 668 Vol.
1431 633 1494 668 111.

831 690 865 724 p.
890 681 923 714 3.
948 690 981 723 Ρ.
1007 680 1085 713 651.
1144 679 1220 712 Alia
1246 679 1362 712 eodem
1385 679 1495 723 perti-

831 725 945 758 nentia
969 725 1106 768 collegit
1128 725 1306 759 Dissenius
1331 725 1373 758 ad
1398 725 1494 759 Pind.

829 771 979 804 Boeckh.
1005 782 1039 816 p.
1062 772 1141 805 404.
1189 771 1291 811 Quod
1315 782 1421 815 genus
1444 771 1495 805 lo-

831 817 956 862 quendi
988 829 1053 852 non
1090 817 1141 851 ita
1175 829 1356 861 assurgere
1390 829 1496 864 supra

829 862 1000 909 pedestris
1033 863 1198 897 orationis
1232 867 1268 896 et
1298 863 1496 898 Platonicae

829 910 965 943 modum
1012 909 1182 952 arbitror,
1230 912 1268 942 ut
1312 913 1497 954 propterea

829 957 936 989 verba
992 952 1146 989 ἐπειδὰν
1193 953 1262 999 τὴν
1311 953 1495 999 ὀξυτάτην

829 999 974 1045 δρόμου
1008 999 1132 1045 οἷκμὴν
1173 1001 1276 1046 παρῇ
1311 1013 1353 1034 ex
1392 1005 1496 1045 po‘e'ta

829 1049 941 1093 aliquo
966 1048 1074 1093 petita
1092 1059 1259 1089 censeam,
1284 1059 1372 1092 quae
1388 1047 1495 1081 Stall-

827 1094 955 1128 baumii
980 1094 1091 1139 opinio
1116 1097 1188 1134 est,
1214 1093 1272 1139 qui
1292 1093 1327 1126 in
1352 1093 1495 1138 reliquis

829 1152 905 1174 cum
936 1140 1249 1173 Schleiermachero
1284 1139 1390 1181 facit,
1433 1139 1495 1173 sed

827 1186 885 1220 illa
909 1198 975 1220 non
994 1186 1133 1231 proprie
1157 1186 1249 1219 dicta
1273 1186 1438 1230 agnoscit.

877 1232 1034 1266 Γυναικὶ
1052 1252 1099 1257 —
1125 1243 1495 1275 πεντεκαιπεντηκον-

828 1276 999 1322 ταέτους]
1025 1278 1165 1312 laudant
1182 1278 1350 1311 Eusebius
1373 1289 1496 1323 praep.

828 1337 881 1360 ev.
906 1325 946 1359 L.
972 1325 1069 1359 XIII.
1098 1336 1130 1369 p.
1156 1325 1235 1359 415.
1268 1328 1303 1357 et
1332 1325 1495 1358 Theodo-

829 1374 923 1404 retus
947 1371 1099 1417 Therap.
1131 1371 1172 1406 L.
1204 1370 1321 1406 VIIII.
1354 1381 1389 1416 p.
1414 1372 1495 1405 941.

827 1417 910 1452 sch.

873 1460 961 1507 μὲν]
1009 1459 1050 1496 δὲ
1087 1461 1211 1496 ταῦτα

826 1509 960 1543 Theod.

875 1553 1138 1598 εἰκοσιέτιδος]
1163 1554 1218 1587 Ita
1241 1553 1321 1588 Par.
1341 1555 1382 1588 A.
1409 1553 1495 1597 Ang.

826 1601 868 1636 B.
889 1603 967 1636 Vat.
978 1602 1023 1635 H.
1049 1599 1287 1639 εἰκοσιετίδος
1310 1600 1494 1635 ΥἰηόᾸζΕ.

826 1648 921 1681 Flor.
946 1647 1050 1681 ACV.
1096 1647 1195 1680 Stob.
1231 1650 1266 1680 et
1308 1657 1327 1679 a
1359 1657 1402 1680 ln.
1443 1656 1493 1691 pr.

826 1694 963 1729 VemB.
989 1691 1239 1731 εἰκοσαέτιδος
1264 1692 1495 1727 Eus.Theod.

828 1737 1053 1778 εἰκοσέτιδος
1075 1738 1191 1772 Astius
1214 1739 1247 1771 in
1269 1739 1418 1773 secunda
1442 1738 1495 1773 ed.

829 1785 1078 1824 εἰκοσαιτίδος
1118 1784 1238 1829 reliqui
1288 1784 1420 1818 codices
1461 1788 1497 1818 et

829 1832 1004 1867 editiones.
1052 1832 1166 1872 Quum
1195 1833 1381 1875 praecepto
1406 1830 1496 1863 Atti-

828 1877 989 1911 cistarmn
1021 1878 1064 1911 de
1097 1888 1162 1910 non
1194 1877 1354 1910 mutanda
1379 1888 1496 1910 mune-

828 1924 950 1957 raliiun
974 1924 1008 1957 in
1033 1922 1228 1968 compositis
1245 1922 1495 1963 terminatione,

828 1970 872 2004 de
903 1982 969 2014 quo
1002 1969 1211 2004 Maittairius
1243 1980 1323 2013 pag.
1349 1968 1404 2003 47.
1441 1969 1496 2003 ed.

828 2017 943 2050 SturZ.
979 2019 1014 2049 et
1045 2014 1240 2050 Lobeckius
1284 2014 1326 2047 ad
1365 2015 1492 2058 Phryn.

827 2074 862 2107 Ρ.
886 2063 966 2097 407.
1002 2060 1218 2101 conferendi,
1264 2060 1371 2093 codex
1403 2060 1495 2105 opti-

826 2119 900 2141 mus
925 2120 999 2142 cum
1032 2108 1172 2142 asseclis
1205 2106 1276 2140 suis
1315 2107 1422 2150 (Vat.
1450 2107 1493 2141 H.

827 2154 927 2189 vind.
954 2155 1016 2197 E.)
1050 2158 1086 2187 et
1116 2164 1191 2187 cum
1225 2149 1356 2185 duobus
1380 2152 1494 2185 diver-

826 2212 887 2233 sae
919 2200 1069 2234 familiae
1104 2198 1285 2241 adscriptis
1309 2199 1426 2242 (Aug.
1452 2199 1493 2233 Β.

826 2246 927 2281 vind.
950 2247 1014 2290 F.)
1040 2246 1259 2290 suffragetur,
1284 2255 1406 2288 parere
1427 2256 1492 2278 non

826 2292 992 2327 dubitavi.
1015 2292 1067 2326 De
1092 2294 1233 2325 accentu
1254 2294 1378 2331 autem,
1393 2302 1494 2334 quem

825 2343 964 2383 praeter
987 2341 1225 2382 grammaticos
1257 2337 1356 2370 modo
1390 2336 1495 2379 signi-

825 2385 947 2418 ficatos
981 2385 1240 2418 Choeroboscus
1274 2381 1362 2426 apud
1396 2382 1507 2423 Bek--⁴

825 2431 945 2464 kerum
970 2430 1088 2464 anecd.
1113 2442 1146 2474 p.
1176 2429 1276 2463 1375.
1303 2429 1345 2461 ab
1371 2427 1493 2461 Atticis

825 2476 877 2510 ita
910 2477 1056 2521 positum
1093 2475 1201 2510 tradit
1221 2500 1231 2513 ,
1280 2473 1494 2507 accusativus

826 2520 943 2564 ἑξέτιν
974 2523 1059 2567 Leg.
1095 2522 1136 2555 L.
1171 2520 1250 2555 VH.
1284 2530 1321 2565 Ρ.
1345 2519 1424 2554 794.
1451 2520 1493 2553 C.

825 2569 860 2602 in
885 2569 1037 2604 omnibus
1074 2567 1171 2601 libris
1196 2568 1334 2599 exstans
1358 2565 1493 2599 dubita-

828 2615 954 2648 tionem
978 2615 1101 2648 nullam
1125 2612 1296 2656 relinquit.
1332 2612 1383 2645 Ab
1408 2623 1493 2655 oxy-

827 2665 907 2694 tono
932 2665 1019 2694 enim
1045 2657 1188 2701 ἓξετίδα
1211 2657 1288 2691 fieri
1308 2657 1493 2692 debuisset.

826 2708 876 2741 Et
907 2707 1079 2750 Aristoph.
1114 2706 1196 2749 Lys.
1232 2704 1312 2738 643.
1354 2701 1494 2742 δεκέτις

828 2753 930 2788 etiam
959 2753 1138 2786 Bekkerus
1171 2749 1297 2791 edidit,
1339 2749 1398 2794 qui
1429 2749 1494 2782 hoc

826 2799 900 2832 loco
935 2801 1075 2843 praeter
1111 2795 1384 2831 consuetudinem
1415 2794 1491 2828 vul—

827 2848 929 2889 gatae
952 2848 1055 2878 tenax
1077 2843 1145 2878 suit
1173 2846 1210 2877 et
1233 2840 1493 2876 Stallbaumium

1217 2900 1302 2940 ΒΞ

1260 1461 1381 1496 Ursini
1420 1462 1495 1497 cod.
