1807 3219
172 464 205 505 E
238 457 294 502 ἂν
325 458 654 515 παρακλητικὸν
692 457 793 502 οὐδ’
825 457 1049 513 ἐγερτικὸν
1096 459 1175 514 εἴη.
1234 456 1448 508 Εἰκότως.

148 2639 182 2679 F,

241 147 327 186 284

689 141 1172 185 PLATONIS

241 253 443 311 οὐδαμοῦ
482 253 566 310 γοέρ
602 255 632 311 ἡ
662 254 763 306 ὄψις
793 254 905 311 αὐτῇ
946 251 1036 310 ἅμα
1072 252 1257 310 ἐσήμηνε
1295 252 1376 297 τόν
1408 252 1627 298 δάκτυλον

239 321 527 372 τούναντίον,
558 322 588 378 ἦ
618 321 836 366 δάκτυλον
866 321 991 366 εἶναι.
1038 320 1105 365 Ου’
1134 321 1219 377 γὰρ
1252 316 1354 373 οὖν,
1383 322 1482 379 ἔφη.
1534 321 1624 366 Οὗ-

238 395 373 443 κοῦν,
419 386 475 447 ἦν
509 388 554 434 δ’
583 390 692 447 ἐγώ,
730 389 905 442 εἰκότως
932 389 983 434 τό
1012 405 1059 445 γε
1087 393 1296 433 τοιοῦτον
1320 388 1512 445 νοήσεως
1541 387 1626 433 οὐκ

1500 458 1552 499 Τί
1580 456 1628 500 δὲ

236 524 290 582 δή
300 546 313 575 ;
355 525 404 571 τὸ
435 525 620 582 μέγεθος
650 526 799 570 αὐτῶν
840 526 915 569 καὶ
944 526 1024 581 τὴν
1053 524 1320 581 σμικρότητα
1349 524 1376 580 ἡ
1409 524 1509 576 ὄψις
1538 520 1626 580 ἆρα

234 596 394 645 ἱκανῶς
425 593 528 653 ὁρᾷ,
560 595 631 637 καὶ
665 593 798 639 οὐδὲν
830 593 942 650 αὐτῇ
973 592 1171 649 διαφέρει
1202 594 1249 637 ἐν
1278 593 1395 651 μέσῳ
1420 592 1517 636 τινα
1545 591 1626 635 αυ’-

233 667 324 706 τῶν
358 668 533 706 κεῖσθαι
561 662 588 718 ἢ
617 661 681 706 ἐπ’
710 661 902 719 ἐσχάτου
941 663 1015 705 καὶ
1045 660 1256 712 ὡσαύτως
1284 660 1423 717 πάχος
1453 661 1527 705 καὶ
1557 666 1623 705 λε-

233 731 424 788 πτότητα
454 729 484 787 ἢ
514 728 793 786 μαλακότητα
833 730 908 773 καὶ
947 729 1219 786 σκληρότητα
1249 729 1277 786 ἦ
1308 729 1426 786 ἁφής

1473 731 1548 774 καὶ
1579 733 1625 773 αἱ

234 799 366 844 ἄλλαι
396 799 625 856 αἰσθήσεις
657 793 721 854 ἆρ’
763 796 847 842 οὐκ
893 798 1048 850 ἐνδεῶς
1088 797 1142 842 τοὶ
1175 802 1360 842 τοιαῦτα
1387 800 1622 854 δηλοῦσινς

229 926 254 960 ii
277 926 376 971 pauci
401 930 495 960 sunt:
518 925 740 971 plurimorum
764 924 896 958 animus

229 985 296 1006 non
332 973 395 1006 11ἰ5ἰ
430 972 609 1006 contrariis
655 971 896 1004 animadversis

230 1019 411 1053 sollicitari
447 1024 482 1052 et
518 1018 562 1052 ad
592 1017 897 1063 philosophandum

229 1065 355 1122 impelli
380 1065 479 1098 solet.

277 1108 493 1167 ἐπερέσθαι]
519 1107 719 1152 ἐπέρεσθαι
739 1107 841 1143 Vind.
851 1108 895 1142 F.

228 1157 321 1191 Flor.
345 1158 388 1191 R.
428 1154 650 1199 ἐπαίρεσθαι
685 1155 785 1188 Vind.
818 1154 894 1187 ΒΕ.

229 1203 323 1237 Mon.
349 1205 390 1236 C.
417 1204 495 1237 V.at
519 1202 563 1235 Η
586 1202 682 1235 Flor.
708 1200 814 1234 ACV.
849 1201 898 1233 ad

229 1250 491 1306 disceptandum
512 1259 702 1294 prouocare
720 1247 791 1280 Fic.

275 1294 376 1348 ἕστι].
419 1292 494 1329 ἐστὶ
542 1295 627 1328 Lob.
674 1293 775 1326 Vind.
822 1292 896 1328 ΒΕ.

227 1342 342 1376 Astius
366 1341 402 1374 in
427 1344 509 1374 tert.

271 1384 396 1443 ξιῦτῇ]
422 1388 477 1420 Ita
500 1387 582 1420 Par.
606 1389 648 1420 A.
674 1379 787 1428 αὕτηι
810 1384 895 1418 Lob.

231 1431 328 1478 αὕτη
354 1433 455 1467 Vind.
482 1433 588 1466 BEF.
624 1432 718 1465 Mon.
744 1431 785 1464 C.
811 1431 896 1465 Ven-

225 1481 266 1514 B.
271 1482 378 1534 Ang.
405 1480 444 1513 B.
470 1480 550 1513 V.at
574 1479 619 1512 H.
644 1478 739 1512 Flor.
752 1477 894 1511 ACTV.

227 1522 323 1570 αὕτη
349 1525 471 1571 reliqui
495 1536 570 1559 eum
589 1523 691 1560 editis
710 1526 789 1556 ante
802 1523 894 1556 Bek-

223 1573 356 1606 kerum.

272 1614 375 1663 ἅμα]
411 1629 476 1651 om
500 1616 587 1650 Lob.
613 1615 706 1649 Mon.
731 1616 773 1649 Β.
811 1616 891 1650 Vat.

222 1665 304 1699 ΒΜ.
329 1665 416 1699 Ven.
442 1664 485 1697 C.
510 1663 590 1697 Par.
613 1662 657 1695 Κ.
685 1662 780 1695 Flor.
804 1661 848 1694 U.

270 1707 448 1754 ἐσήμηνε]
481 1709 539 1742 Ita
572 1709 652 1743 Par.
676 1708 753 1741 AD.
789 1707 890 1741 Vind.

223 1757 266 1790 F.
293 1757 384 1790 Mon.
409 1757 450 1789 Β.
476 1756 561 1788 Ven.
572 1754 612 1788 C.
637 1755 723 1798 Ang
735 1753 889 1788 B.F10r.

221 1803 363 1838 ACTV.
388 1797 562 1857 εσήμηνέ
566 1811 606 1834 τε
629 1800 725 1834 Flor.
741 1800 785 1833 U.
810 1800 890 1833 Par.

225 1849 269 1882 Κ.
295 1860 362 1882 sec.
386 1848 463 1892 Bip.
499 1844 654 1890 ἐσήμηνε
687 1858 754 1879 sec.
780 1846 890 1880 Bekk.

224 1892 397 1938 ἐσήμαινε
421 1894 506 1928 Lob.
532 1893 634 1925 Vind.
644 1892 719 1925 ΒΕ.
744 1891 836 1926 Mon.
850 1891 890 1927 C.

223 1942 339 1985 (F.lor
376 1941 418 1974 R.
460 1943 513 1982 et,
554 1939 624 1972 nisi
655 1939 777 1980 fallor,
812 1938 891 1973 Vat.

223 1987 339 2022 BHM.
366 1987 453 2020 ven.
474 1987 516 2019 Β.
543 1985 586 2018 de
609 1984 731 2028 quibus
755 1963 893 2018 Β811118-

222 2044 280 2067 rus
312 2033 394 2067 item
429 2035 468 2065 ut
499 2031 542 2064 de
575 2029 676 2065 Vind.
699 2031 741 2064 B.
765 2030 892 2075 tacuit)

223 2091 299 2114 cum
330 2079 407 2112 Ald.
439 2079 522 2112 Bas.
555 2077 609 2111 ab.
654 2077 775 2120 steph.
814 2077 889 2110 Ast.

221 2137 273 2170 pr.
299 2137 368 2159 sec.
414 2124 588 2157 on-istum
612 2123 715 2156 etiam
740 2123 889 2167 Stepha—

221 2183 284 2204 nus
302 2171 436 2204 videtur
454 2169 677 2212 desiderasse,
699 2168 764 2202 etsi
782 2180 821 2225 p.
830 2169 888 2203 25.

220 2217 377 2262 scripsit:
401 2215 513 2257 „Vide
532 2226 641 2248 annon
665 2215 820 2259 potiusc
805 2211 886 2258 ἐσή-

219 2274 327 2306 μαινε
366 2262 582 2296 scribendum
615 2261 695 2296 sitf‘
765 2260 812 2294 At
854 2261 889 2294 id

219 2309 328 2364 ipsum
351 2308 518 2341 ediderat.

268 2351 327 2389 Ου’
345 2351 415 2397 ’γεὶρ
439 2353 532 2397 ουν]
560 2349 750 2396 οὕγαροῦν
771 2352 857 2387 Lob.

262 2398 334 2435 τό
327 2401 384 2444 ,ε]
409 2398 453 2434 τὸ
479 2399 581 2434 Vind.
605 2400 647 2433 F.
673 2401 759 2442 Ang.
784 2399 825 2431 B.

214 2446 462 2526 Βτοιοῦτον]
499 2445 653 2479 τοιοῦτο
686 2445 773 2478 Lob.
806 2445 887 2481 Vat.

262 2534 345 2572 οὐδ’
361 2533 571 2581 ἕγερτικὸν]
600 2549 666 2571 om.
691 2537 776 2570 Ven.
800 2536 840 2570 Β.
865 2548 887 2571 a

214 2595 378 2664 m'ff'ae
398 2626 470 2672 δή]
505 2628 542 2662 τι
571 2627 636 2662 δαὶ
658 2625 705 2671 δή
741 2628 820 2661 Par.
842 2629 884 2662 A.

218 2675 264 2721 δὴ
292 2688 357 2710 om.
384 2675 477 2709 Mon.
503 2676 544 2709 B.
573 2676 654 2709 Par.
679 2675 756 2708 DK.
788 2674 884 2709 Flor.

214 2724 260 2756 U.
295 2733 370 2755 cum
412 2721 513 2755 editis
555 2724 635 2755 ante
676 2721 882 2754 Bekkerum.

217 2767 462 2802 Stallbaumius
484 2767 519 2800 in
538 2771 684 2812 utraque-
707 2767 761 2800 ed.
778 2766 881 2800 etiam

217 2814 306 2860 apud
329 2813 556 2855 Iamblichumr
582 2813 619 2847 id
651 2816 788 2848 exstare
810 2824 882 2847 mo-

953 927 1035 966 net,
1071 924 1131 959 sed
1154 924 1333 958 Iamblichi
1355 923 1465 958 locum
1488 935 1555 957 non
1578 923 1621 957 5ἰ

953 971 1120 1014 gnificat,
1144 983 1208 1004 nec
1232 982 1295 1015 ego
1318 970 1442 1003 inveni.

951 1063 996 1096 F·
1001 1007 1270 1098 σέιιίρόὲτα]
1274 1014 1501 1061 σμικρότατα
1520 1015 1618 1052 Vind.

1428 1108 1450 1125 r·

952 1105 1228 1190 ΕΙὲῗαιέΟῐῆεῗὶξκ
1227 1158 1263 1189 et
1274 1109 1367 1188 {aog-
1386 1108 1618 1199 11111111οηΕὲ

1000 1200 1173 1256 ἱκανῶς]
1189 1200 1236 1254 ἱκ.
1255 1199 1319 1234 καὶ
1343 1201 1436 1234 Μοη.
1463 1201 1504 1234 C.

954 1245 1108 1347 Αδρρεὲὶῗ]
1154 1244 1251 1294 ὁρας
1293 1248 1373 1280 Bas.
1410 1248 1465 1281 ab.
1497 1247 1617 1292 steph.

953 1386 984 1419 D
987 1336 1162 1420 Ιἔσχιίιῖτίω]
1183 1336 1268 1418 {tjrzc'
1263 1351 1345 1418 ’ἓων
1368 1339 1462 1373 Μο11.
1474 1340 1514 1418 1133.
1532 1339 1619 1418 ξεῖ.

953 1443 1039 1465 rum.
1087 1386 1451 1465 ἰτῒὲῑΐνεηῗὶεὴὲὶἓῖήε
1513 1397 1531 1418 e
1581 1398 1619 1419 e

1000 1474 1129 1521 ἁφής]
1171 1477 1213 1510 In
1244 1477 1342 1511 Vind.
1375 1478 1417 1513 B.
1451 1475 1543 1511 Mon.
1577 1478 1619 1511 Β.

951 1524 1025 1557 Ald.
1060 1524 1141 1557 Bas.
1174 1525 1232 1558 ab.
1268 1523 1360 1557 nulla
1392 1524 1427 1558 h.
1459 1523 1482 1558 l.
1513 1523 1620 1556 inter-

950 1570 1214 1659 Ρηὲἓὲἰὲήρσεέις]
1251 1615 1320 1649 Hic
1344 1615 1421 1650 Ald.
1445 1619 1619 1660 punctum,

947 1663 1028 1696 Β35.
1074 1662 1128 1696 ab.
1178 1661 1459 1706 interrogationis
1503 1667 1618 1696 notam

947 1709 1085 1742 habent.

994 1755 1061 1799 δηλ
1065 1754 1191 1794 οὔσαις
1213 1754 1226 1797 ]
1282 1752 1461 1796 δηλοῦσιν
1482 1779 1493 1797 ,
1540 1753 1617 1788 Ald.

947 1802 1027 1835 Bas.
1050 1802 1104 1834 ab.
1131 1800 1221 1845 quod
1244 1799 1331 1833 ferri
1335 1803 1476 1854 potest.

993 1843 1016 1892 ἢ
1040 1840 1114 1880 (ὁδε
1134 1847 1250 1890 ποιεῖ]
1271 1845 1305 1878 ει
1317 1839 1391 1879 ωδε
1412 1846 1513 1879 ποιεῖ
1533 1846 1565 1879 V
1566 1850 1612 1880 at.

948 1893 987 1928 Β.
1022 1894 1103 1927 Ven.
1129 1893 1170 1926 Β.
1219 1891 1252 1926 ει
1278 1885 1343 1925 ωδ’
1374 1889 1493 1925 ἐποίει
1525 1891 1611 1926 Lob.

949 1940 1027 1973 Vat.
1052 1939 1100 1973 Ἦ.
1127 1932 1202 1972 ωδε
1227 1940 1331 1971 ποιεῖ
1352 1938 1430 1971 Ρ31·.
1455 1938 1498 1971 D.
1522 1949 1543 1971 a
1565 1949 1612 1972 111.

948 1997 1127 2030 pr.
1152 1982 1184 2018 δ’
1216 1981 1334 2017 ἕποιει
1366 1984 1447 2018 Par.
1472 1984 1516 2018 K.
1541 1995 1610 2017 sec.

949 2031 1024 2076 Bip.
1154 2027 1188 2064 δ’
1209 2026 1328 2063 ἐποίει
1350 2041 1419 2064 sec.
1443 2030 1552 2063 Bekk.

949 2043 1025 2111 0)δεῖ
1042 2089 1094 2121 πη
1112 2076 1213 2110 Vind.
1227 2077 1269 2110 E.
1293 2072 1316 2120 ἢ
1331 2088 1398 2119 ουχ
1418 2076 1492 2110 (ὁδε
1510 2042 1615 2109 ποιεηῖ

947 2124 1041 2158 Mon.
1066 2125 1108 2157 Β.
1143 2126 1179 2156 et
1211 2134 1297 2156 corr.
1335 2122 1432 2155 Flor.
1465 2122 1511 2157 U.
1568 2122 1608 2155 Id

946 2169 1279 2203 Schleiermacherus
1309 2172 1446 2202 secutus
1489 2171 1544 2201 est
1575 2172 1610 2202 et

946 2215 1188 2249 Stallbamnius
1210 2214 1245 2248 in
1268 2226 1336 2248 sec.
1347 2214 1498 2270 recepit.
1538 2214 1608 2247 Sed

945 2273 1034 2306 quae
1053 2261 1274 2306 praecedunt,
1299 2258 1357 2303 ἄρ’
1372 2272 1441 2294 ουκ
1461 2257 1608 2315 ἐνδεῶς,

945 2307 1037 2341 idem
1059 2307 1278 2351 significant,
1302 2307 1393 2352 quod
1420 2303 1479 2350 αρ’
1499 2303 1604 2340 οἷνεν-

945 2353 1040 2393 δεῶς
1063 2365 1125 2387 5811
1149 2365 1298 2392 ικανως.

991 2397 1134 2433 αὐτῶν·
1154 2399 1166 2443 ]
1224 2396 1375 2439 αυτιόνς
1421 2399 1503 2432 Β35.
1551 2399 1606 2433 ab.

945 2445 1065 2500 steph.
1097 2446 1173 2480 Ast.
1196 2456 1249 2489 pr.
1275 2457 1343 2479 sec.
1377 2445 1502 2478 Stallb.
1536 2457 1604 2479 sec.

946 2488 1101 2535 αὐτῶν,
1150 2491 1357 2533 Bekkems,
1402 2491 1476 2525 Ast.
1522 2495 1604 2524 tert.

942 2537 1064 2571 Stallb.
1087 2548 1139 2582 pr.

989 2596 1024 2617 τ
1013 2595 1096 2627 ε’τιι)
1097 2581 1228 2637 μένη]
1245 2594 1284 2616 τε
1317 2580 1540 2627 τεταγιιένη,
1577 2586 1670 2620 e524

942 2641 1030 2663 corr.
1051 2626 1294 2683 τεταγμένη,
1319 2629 1412 2662 Mon.
1436 2630 1477 2662 B.

985 2671 1074 2719 77'vc1'2
1076 2675 1227 2719 κασται]
1253 2671 1492 2719 ἠνάγκασθαι
1509 2675 1600 2709 Mon.

941 2721 981 2755 C.
1007 2725 1087 2755 ante
1110 2732 1198 2755 corr.

985 2767 1059 2813 τῷ]
1083 2779 1150 2810 μεν
1173 2768 1254 2801 Bas.
1279 2767 1314 2800 b.

985 2802 1239 2858 παραγγέλλει]
1263 2809 1482 2856 παραγγέλει
1502 2811 1599 2846 Vind.
