1807 3219
462 109 805 154 CIVITAS
850 109 1075 155 LIB.V1.
1105 117 1171 152 501

1425 112 1510 153 203

112 225 189 271 καὶ
219 221 540 281 ἀπιστήσουσιν
571 222 677 280 ἡμῖν
704 223 929 281 λέγουσιν,
981 220 1041 274 ὦς
1081 221 1167 267 οὐκ
1198 219 1255 267 ἄν
1295 236 1402 267 ποτε
1433 221 1512 265 ἄλ-

115 300 203 346 λως
233 291 562 351 εὐδαιμονήσειε
597 291 748 344 πόλις,
791 294 829 336 εἰ
869 291 929 349 μή
969 289 1107 347 αὐτὴν
1147 291 1438 347 διαγράψειαν
1469 289 1513 333 οἱ

115 367 178 419 τῷ
213 364 322 419 θείῳ
359 363 684 418 παραδείγματι
718 359 940 416 χρεόμενοι
979 356 1231 416 ζωγράφοις

115 435 358 482 πανοῦσιν,
399 425 430 487 ἦ
460 428 504 474 δ’
538 429 609 483 ὃς,
653 428 812 483 ἐάνπερ
855 430 1112 472 αἴσθωνται.

115 500 254 557 λέγεις
289 497 459 554 τρόπον
498 502 575 554 τῆς
612 500 885 555 διαγραφῆς;
942 495 1192 552 Λαβόντες,
1233 491 1290 552 ἦν
1331 495 1371 540 δ’
1416 495 1514 552 ἐγώ,
1541 501 1604 536 501

1289 358 1355 403 Ου’
1385 362 1514 415 χαλε-

1173 425 1284 471 duo}
1324 427 1377 484 δὴ
1415 428 1516 471 τίνα

118 570 265 624 ὤσπερ
295 569 460 612 πίνακα
489 565 621 611 πόλιν
651 584 696 611 τε
725 568 800 611 καὶ
831 565 921 623 ἤθη
953 563 1211 620 ἀνθρώπων
1234 580 1415 619 πρωτον
1436 581 1516 620 μεν

116 637 326 693 καθαρὰν
356 636 588 693 ποιήσειαν
618 653 699 689 αν,
741 634 766 680 ὃ
803 633 857 679 οὐ
900 633 1020 678 πάνυ
1064 632 1241 692 ῥᾴδιον·

47 705 249 753 476οἶσθ’
252 739 265 760 ,
298 705 366 750 ὅτι
394 703 539 762 τούτῳ
578 704 634 748 ἂν
663 703 802 756 εὐθὺς
839 708 929 747 τῶν
964 703 1112 748 ἄλλων
1135 705 1408 759 διενεγκεῖν,
1453 718 1516 758 τῳ

1295 632 1396 677 ἄλλ
1434 634 1518 676 οὐν

115 775 221 834 μήτε
251 773 434 818 ἰδιώτου
463 749 568 830 μήτε
610 773 778 825 πόλεως
816 773 1020 829 ἐθελῆσαι
1064 771 1118 816 ἂν
1161 772 1364 824 ἅψασθαι
1407 769 1517 826 μηδὲ

114 843 306 902 γράφειν
335 842 525 900 νόμους,
563 842 669 898 πρὶν
699 841 727 899 ἢ
766 845 1041 899 παραλαβεῖν
1079 839 1294 898 καθαράν
1325 838 1354 897 ἢ
1387 838 1517 883 αὐτοὶ

48 995 116 1031 501
155 992 398 1048 a'6mcypocae3ow'j'9,·
412 990 618 1039 Λαβόντες]
633 992 786 1037 διαγρα-

117 1040 194 1085 φῆς
210 1037 391 1085 λαβόντες
415 1041 488 1074 sine
511 1040 788 1084 interpunctione

116 1087 218 1121 Vind.
251 1087 297 1120 E.
344 1087 455 1120 Alteri
488 1086 590 1123 Vind.
614 1087 659 1119 F.
687 1098 708 1120 a
741 1098 788 1120 111.

116 1144 189 1168 sec.
221 1131 273 1167 οὶ
285 1129 490 1176 φιλόσοφοι
515 1132 788 1178 superscriptum

117 1180 234 1215 habet.

162 1221 275 1283 ἤθη]
289 1227 369 1280 post
391 1220 493 1269 ἆνθρ
497 1221 610 1257 ω’πων
631 1224 725 1258 Flor.
742 1224 789 1258 T.

162 1238 272 1316 αν,ο
253 1266 290 1316 ο]
319 1265 367 1304 ἂν
391 1237 493 1306 ὅθεν
509 1271 602 1304 Flor.
612 1271 654 1304 R.
680 1266 788 1325 ὅθεν,

118 1331 140 1354 e
169 1329 259 1353 corr.
297 1313 421 1361 ὅθεν,
463 1317 565 1354 Vind.
601 1317 644 1350 F.
694 1312 789 1350 ὅθεν

116 1366 204 1409 Ang.
229 1364 271 1399 Β.
303 1363 373 1397 Pro
397 1367 577 1405 commate,
602 1363 692 1408 quod
714 1375 790 1397 cum

116 1412 213 1446 Astio
242 1410 530 1454 interposuimus,
561 1409 685 1456 reliqui
717 1409 790 1443 edi-

117 1462 214 1492 tores
233 1461 409 1514 ,punctum
424 1457 593 1490 fecerunt.

165 1500 234 1538 ἄλλ
271 1514 342 1536 ουν
368 1499 467 1536 οἷσθ’
483 1503 493 1546 ]
522 1515 568 1536 an
593 1501 789 1537 πρεείς-ί)

117 1549 192 1585 Fic.
220 1560 317 1583 cluus
340 1548 548 1582 auctoritate
564 1548 684 1582 Astius
710 1544 788 1582 ἀλλ’

120 1592 192 1631 ov'n
215 1591 313 1629 οἷσθ’
329 1607 396 1636 -;
432 1594 595 1639 scripsit,
629 1595 719 1628 idem
754 1594 790 1628 in

118 1643 198 1676 Bas.
232 1642 268 1677 b.
305 1643 444 1675 exstare
482 1641 571 1675 falso
614 1641 787 1676 nuntians.

120 1688 225 1730 Quod
263 1687 430 1721 Socrates
469 1687 688 1721 Adimantiuu
723 1687 789 1721 hoc

118 1735 188 1769 iam
220 1733 312 1768 scire
334 1733 452 1778 pouit,
484 1733 519 1766 id
544 1733 685 1774 eodem,
720 1745 788 1778 quo

119 1780 188 1816 alia
210 1781 246 1814 in
277 1779 330 1813 his
361 1779 594 1821 sermonibus,
625 1779 793 1824 pertinet,

119 1830 160 1861 ut
184 1826 281 1880 prius
305 1826 424 1860 habita
456 1837 533 1859 cum
556 1837 598 1860 eo
625 1826 793 1870 colloquia

119 1872 296 1918 respicere
318 1872 486 1908 videatur.
503 1891 551 1898 —-
572 1868 688 1906 οἶσθα
703 1871 791 1906 Lob.

119 1919 221 1954 Vind.
245 1919 285 1952 B.

169 1962 311 2009 εὐθὺς]
340 1965 529 2020 praecipue
550 1963 628 2001 Fic.

168 2012 380 2055 διενεγκεῖν]
397 2008 620 2055 διενέγκοιεν
637 2009 731 2044 Mon.
745 2009 787 2044 Β.

121 2057 220 2092 Flor.
246 2058 291 2092 U.
325 2058 504 2093 Bekkerus
542 2060 579 2091 et
614 2056 790 2091 Stallbau-

120 2101 471 2148 mius.61.evs'yuoctsv
494 2103 625 2137 Euseb.
651 2114 694 2136 ex
719 2114 787 2148 quo

121 2150 270 2184 Astius
260 2162 296 2184 1n
319 2161 389 2186 sec.
410 2153 446 2183 et
465 2153 547 2184 tert.
565 2147 789 2194 διενέγκειαν

122 2196 228 2238 fecit,
270 2207 394 2241 parum
424 2198 529 2287 tznax
563 2195 656 2238 eius,
698 2196 789 2241 quod

120 2246 219 2277 recte
251 2242 295 2276 ad
319 2242 427 2276 Alcib.
477 2243 592 2278 ..305
623 2243 790 2276 observa-

120 2292 232 2324 verat.
281 2288 476 2333 Stephanus
499 2300 535 2333 p.
557 2288 614 2323 24.
643 2285 704 2322 ὁτι
729 2290 788 2322 aut

123 2335 402 2390 expungendum,
427 2338 488 2368 aut
510 2334 609 2368 sicuti
633 2338 712 2378 post
736 2332 788 2368 οἷ-

123 2381 197 2425 δα,
232 2380 273 2415 εὖ
295 2377 404 2424 οἶδα,
432 2380 534 2424 ι’,σθι
560 2392 600 2414 εν
622 2381 716 2424 ἴσθι,
740 2381 790 2414 ita

123 2427 227 2462 etiam
247 2430 326 2472 post
351 2406 467 2461 οἶσθα
497 2438 600 2472 posse
631 2424 789 2461 πλεονα-

123 2475 198 2516 ζειν
245 2474 464 2508 statuendum
504 2474 676 2507 censebat.
734 2474 791 2509 Cf.

124 2520 297 2555 Phaedon.
329 2532 364 2565 p.
399 2521 456 2555 63.
493 2519 541 2553 C:
577 2520 647 2554 νῦν
675 2517 713 2554 δὲ
747 2519 788 2554 εὐ

126 2566 224 2610 ι’,στε
252 2562 313 2601 ὅτι
330 2563 418 2622 παρ’
441 2561 583 2621 ἄνδρας
602 2578 640 2600 τε
659 2563 789 2608 ἐλπίζω

124 2610 332 2669 αφίξεσθαι
359 2609 551 2668 ἀγαθούς·
584 2611 648 2646 καὶ
676 2613 790 2647 τοῦτο

124 2670 191 2715 μεν
206 2656 276 2693 ουίι
293 2654 340 2692 οὶν
361 2670 462 2692 πανυ
484 2658 790 2715 διισχυρισαίμην·

127 2701 189 2740 ὅτι
203 2703 332 2762 μέντοι
350 2703 454 2749 παρὰ
469 2703 591 2745 θεοὺς
607 2703 792 2765 δεσπότας

126 2749 229 2786 πάνυ
256 2749 431 2807 ἀγαθοὺς
458 2747 585 2795 ἥξειν,
631 2751 672 2785 ευ’
695 2751 791 2806 ἴστε,

128 2810 200 2842 οτι,
225 2797 328 2842 εἴπερ
347 2811 383 2833 τι
397 2794 486 2833 ἄλλο
503 2798 581 2833 τῶν
597 2795 793 2843 τοιούτων,

846 990 1142 1037 διισχυρισαίμην
1166 986 1215 1025 ὃὶν
1231 989 1296 1026 καὶ
1318 989 1447 1024 τοῦτο.
1472 989 1517 1023 ad

844 1050 944 1084 quem
967 1040 1078 1073 locum
1109 1038 1328 1072 Heindorfius
1353 1037 1419 1071 duo
1445 1036 1518 1070 Xe-

845 1087 1056 1139 nophonteos
1082 1096 1124 1118 ex
1146 1084 1363 1129 Cyropaedia
1388 1083 1518 1116 adscri-

845 1132 917 1177 psit
940 1135 1056 1165 nostro
1082 1131 1269 1165 simillimos
1293 1130 1335 1163 Ι.
1362 1130 1406 1162 V.
1431 1141 1460 1163 c.
1481 1129 1516 1163 4.

847 1175 1006 1221 §.1zs3n
1034 1175 1073 1211 δε
1089 1178 1158 1212 τοῦ
1180 1174 1340 1211 Γαδάτα
1359 1175 1514 1211 ἱππικου

846 1225 924 1258 τῶν
951 1224 1124 1258 δυνατων
1159 1236 1216 1263 τις
1254 1221 1405 1277 α’νδρῶν
1439 1219 1519 1255 ἐπεὶ

847 1269 948 1314 εώρα
992 1268 1112 1305 αὐτὸν
1153 1267 1409 1324 οἷΜφεστηκότα
1439 1265 1515 1302 απὸ

845 1318 915 1351 τοῦ
934 1315 1142 1371 Ἀσσυρίου,
1168 1313 1362 1371 ενόμισεν,
1377 1310 1458 1372 ὅτι,
1485 1313 1525 1348 εἴ

846 1376 883 1397 τι
899 1363 1012 1402 ουτος
1032 1343 1156 1397 πάθόι
1174 1389 1191 1419 ,
1222 1359 1340 1401 αυτὸς
1372 1373 1420 1395 αν
1455 1362 1519 1394 λα-

847 1410 929 1466 βεῖν
953 1408 1058 1452 παρὰ
1083 1409 1153 1444 τοῦ
1167 1406 1369 1463 Ἀσσυρίου
1394 1405 1522 1441 πάντα

846 1454 895 1490 τὰ
920 1454 1089 1490 Γαδατα.
1127 1451 1226 1489 ου’τω
1249 1453 1294 1499 δὴ
1313 1475 1361 1479 -
1381 1451 1523 1488 κελεύει

846 1523 894 1528 -
916 1501 1032 1546 λέγειν
1061 1502 1112 1548 τῷ
1143 1498 1336 1547 Ασσυρίῳ,
1374 1497 1453 1544 ὅτι,
1489 1500 1524 1534 εἰ

846 1547 1023 1604 βούλοιτο
1048 1537 1286 1591 ἐνεδρεῦσαι,
1322 1526 1453 1603 λαβεῖν
1472 1542 1522 1580 ὃὶν

846 1593 1028 1630 Γαδαταν
1064 1594 1128 1628 καὶ
1165 1592 1257 1633 τοὺς
1292 1592 1363 1628 σὺν
1402 1590 1520 1638 αυτῷ.

845 1654 935 1687 quae
981 1653 1085 1686 quum
1120 1641 1322 1686 optimorum
1364 1640 1519 1674 codicum

844 1689 914 1722 fide
950 1688 1073 1721 meiito
1108 1699 1170 1731 pro
1202 1687 1296 1720 veris
1336 1686 1518 1727 habentur,

848 1745 892 1768 ne
925 1733 1022 1768 nobis
1054 1733 1190 1778 quidem
1222 1733 1277 1767 διε
1265 1735 1420 1776 νεμεῖν
1445 1744 1517 1765 inu-

847 1784 925 1814 tale
953 1783 988 1813 et
1021 1780 1207 1813 orationem
1241 1779 1433 1824 particulae
1458 1774 1519 1812 ὅτι

849 1838 982 1867 caussa,
1006 1837 1109 1871 quam
1132 1836 1236 1870 saepe
1255 1825 1413 1870 obliquae
1437 1825 1518 1859 addi

849 1875 1008 1914 constat,
1047 1872 1183 1916 erigere
1210 1871 1340 1906 licebit.
1398 1871 1518 1905 Etiam

849 1921 930 1973 quia
966 1918 1216 1963 significantem
1258 1917 1441 1952 infinitivus
1480 1917 1518 1951 in

848 1965 988 2010 obliqua
1011 1965 1166 1999 oratione
1179 1964 1341 2021 sequitur
1355 1965 1516 2009 Epinom.

847 2023 883 2057 p.
907 2013 994 2066 9823
1009 2011 1052 2045 D.
1078 2007 1188 2045 τοῦθ’
1199 2007 1316 2067 ἡμῶν
1329 2013 1408 2050 τοῖς
1427 2011 1515 2044 πολ-

847 2059 926 2098 λοῖς
946 2054 1039 2092 αὐτὸ
1062 2054 1286 2092 τούναντίον
1305 2052 1472 2111 ε’δοξεν,
1456 2068 1517 2090 οτι

846 2102 896 2139 τὰ
919 2101 1018 2138 αὕτα
1040 2103 1105 2138 καὶ
1125 2101 1304 2142 ωσαύτως
1325 2100 1516 2147 πράττειν,

845 2149 971 2195 ’ψυχὴν
992 2147 1062 2185 οὐκ
1091 2148 1195 2194 ε’χειν.
1242 2150 1430 2184 Eusebium
1454 2161 1517 2183 au-

847 2201 918 2231 tem
950 2197 1018 2230 iam
1050 2208 1155 2242 supra
1178 2196 1220 2230 L.
1244 2196 1274 2231 I.
1307 2208 1340 2241 p.
1365 2197 1444 2230 347.
1471 2197 1514 2229 A.

846 2256 909 2289 pro
933 2243 1100 2277 infinitivo
1128 2243 1270 2277 vidimus
1304 2242 1520 2276 usitatiorem

845 2290 981 2324 modum
1005 2289 1191 2330 exhibere,
1230 2301 1297 2333 quo
1322 2289 1396 2322 loco
1422 2288 1516 2322 Mon.

845 2337 888 2371 Β.
912 2347 1094 2381 perperam
1117 2347 1138 2370 a
1159 2315 1320 2369 B'ekkero
1346 2346 1421 2368 cmn
1436 2335 1519 2367 Ste-

845 2383 958 2428 phano
983 2382 1176 2416 consentire
1199 2382 1358 2415 traditur.
1399 2380 1519 2415 Habet

848 2440 923 2463 cum
947 2428 1122 2483 plerisque
1148 2428 1249 2471 δεῖν,
1271 2439 1338 2461 non
1364 2427 1432 2461 δεῖ.

895 2472 1067 2518 ἰδιώτου]
1095 2472 1247 2517 ἰδιώτην
1272 2474 1352 2507 Vat.
1376 2474 1423 2508 Η.

895 2542 1071 2589 ἐθελῆσαι
1093 2538 1165 2589 ἂν]
1196 2540 1260 2577 sae
1249 2543 1414 2587 λῆσαιεν
1442 2542 1535 2584 Ειιγ

847 2592 1076 2682 εθὶξίροιφειν]
1099 2632 1235 2681 γράφει
1257 2634 1360 2670 Vind.
1384 2634 1428 2669 E.

895 2703 985 2751 πριν
1012 2700 1062 2762 ἢ]
1093 2702 1207 2763 πρινὴ
1241 2704 1343 2739 Vind.
1365 2704 1410 2739 F.
1439 2704 1515 2739 Ald.

847 2753 930 2788 Bas.
956 2753 1012 2788 ab.
1037 2748 1062 2795 ἢ
1080 2750 1169 2796 πρὶν
1186 2751 1267 2786 Vat.
1291 2751 1331 2787 B.

896 2795 1098 2843 καθαραν]
1124 2799 1210 2833 haec
1226 2803 1390 2844 purgata
1415 2796 1489 2832 Fic.
