1807 3219
461 137 802 186 CIVITAS
845 142 969 186 LIB.
999 142 1054 185 V.
1084 144 1152 183 453
1462 146 1516 185 19

125 258 200 302 καὶ
229 255 466 306 Γλαύκων,
498 253 630 299 οὐδὲν
659 256 728 300 δεῖ
753 254 860 312 ὑμῖν
891 252 1051 306 ἄλλους
1090 250 1398 311 ἀμφισβητεῖν·
1434 251 1515 297 αύ-

125 327 195 371 τοὶ
223 324 310 383 γάρ
347 326 395 370 ἐν
436 321 546 382 ἀρχῇ
587 327 663 381 τῆς
699 325 1004 376 κατοικίσεως,
1065 321 1121 379 ἣν
1162 320 1333 381 ᾠκίζετε
1369 320 1514 373 πόλιν,

107 395 388 452 ὡμολογεῖτε
418 395 510 438 δεῖν
539 393 650 436 κατὰ
688 390 827 450 φύσιν
865 392 1049 437 ἕκαστον
1086 389 1165 434 ἕνα
1200 391 1251 434 ἓν
1286 390 1333 434 τὸ
1375 388 1517 435 αὑτοῦ

125 462 342 519 πράττειν.
399 460 778 519 Ὡμολογήσαμεν,
820 458 965 518 οἶμαι·
1001 464 1095 511 πῶς
1122 458 1207 516 γὰρ
1240 458 1322 514 οὔ,·
1368 458 1518 503 ’Έστιν

127 529 210 578 οὖν
237 534 356 584 ὅπως
384 529 439 576 οὐ
467 530 676 587 πάμπολυ
710 529 910 586 διαφέρει
937 528 1051 586 γυνή
1075 525 1236 583 ἀνδρὸς
1252 527 1332 585 τήν
1352 527 1517 584 φύσιν,·

126 604 233 653 Πῶς
262 599 306 645 δ’
337 598 393 644 οὐ
424 599 648 655 διαφέρεις
694 597 875 642 Οὐκοῦν
906 598 1010 642 ἄλλο
1052 597 1127 642 καὶ
1167 597 1299 653 ἔργον
1327 596 1516 653 ἑκατέρῳ

125 667 340 726 προσήκει
376 665 661 723 προσταττειν
701 665 751 710 τὸ
788 666 900 711 κατὰ
945 666 1026 723 τήν
1066 664 1206 710 αὐτοῦ
1245 664 1405 721 φύσινς
1463 666 1516 708 Τι’
1546 671 1603 713 C.

124 756 238 795 μην,
279 739 384 788 Πῶς
416 738 500 780 οὐν
530 735 610 791 οὐχ
640 734 908 792 ἁμαρτάνετε
947 737 1034 778 νῦν
1064 733 1139 777 καὶ
1168 732 1379 778 τάναντία
1411 732 1518 789 ὑμῖν

126 805 278 859 αὐτοῖς
306 806 471 862 λέγετε,
515 803 759 860 φάσκοντες
791 805 848 847 αὐ
879 801 984 855 τοὺς
1023 802 1189 856 ἄνδρας
1225 803 1299 846 καὶ
1328 819 1407 855 τας
1435 821 1516 860 γυ-

124 881 282 928 ναῖκας
313 877 405 919 δεῖν
431 871 486 916 τοὶ
531 872 643 916 αὐτὰ
671 872 901 928 πράττειν,
949 875 1155 915 πλεῖστον
1195 871 1518 928 κεχωρισμένην

126 943 268 1002 φύσιν
298 944 495 1000 ἕχονταςς
513 939 655 993 ’Ἐξεις
683 958 744 994 τι,
780 936 815 985 ὦ
845 939 1089 996 θαυμάσιε,
1120 939 1233 994 πρὸς
1262 939 1380 983 ταῦτ’
1405 938 1517 983 ἀπο-

127 1017 380 1070 λογεῖσθαις
426 1008 504 1062 Ὡς
544 1010 624 1065 μὲν
662 1010 888 1066 ἐξαίφνης,
932 1009 1042 1066 ἔφη,
1083 1005 1139 1052 οὐ
1175 1006 1295 1051 πάνυ
1334 1005 1516 1064 ῥᾴδιον·

127 1080 238 1126 ἄλλα
269 1084 354 1126 σοῦ
383 1077 594 1136 δεήσομαί
635 1094 679 1123 τε
717 1078 792 1123 καὶ
836 1078 990 1135 δέομαι
1026 1077 1101 1122 καὶ
1138 1074 1216 1120 τὸν
1251 1072 1362 1129 ὑπὲρ
1391 1073 1520 1130 ἡμῶν

125 1219 194 1242 sec.
218 1205 328 1240 Bekk.
374 1205 452 1238 Vat.
487 1204 532 1238 H.
566 1204 660 1237 Flor.
685 1204 790 1238 ACV.

119 1251 766 1308 «6311311513.332.Α16.Βες.31).

172 1296 314 1343 ετέρου]
340 1297 491 1340 εταίρου
515 1297 614 1330 Vind.
640 1297 682 1330 Ε.

118 1368 155 1426 -Β
173 1344 431 1389 πολιορκῆται]
446 1344 699 1388 πολιορκεῖται
712 1342 793 1377 Gal.

121 1414 125 1419 ·
158 1403 207 1428 as.

176 1457 275 1516 ἔφη]
303 1471 368 1494 om.
394 1459 492 1493 Vind.
518 1458 560 1493 Ε.

174 1503 375 1551 Λέγωμεν]
423 1503 574 1549 λέγομεν
623 1503 721 1539 Vind.
752 1504 792 1538 F.

127 1553 214 1596 Ang.
237 1553 279 1586 B.
303 1552 396 1586 Flor.
419 1552 464 1586 R.
487 1551 568 1585 Par.
586 1551 632 1586 Κ.
656 1550 794 1585 secund.

126 1565 239 1634 Bekk.
264 1598 344 1633 Gal.
378 1598 461 1632 Bas.
501 1594 592 1642 λέγω
617 1594 684 1640 μὲν
708 1598 793 1631 Ven.

127 1646 168 1680 Β.
196 1645 296 1680 Vind.
312 1644 358 1678 Ε
383 1644 463 1679 vat.
487 1644 533 1678 H.
570 1643 665 1678 Flor.
688 1644 793 1678 ACV.

124 1690 245 1727 dicam
267 1691 343 1726 Fic.

174 1751 228 1794 τε]
251 1761 318 1784 om.
343 1747 436 1783 Mon.
452 1748 502 1785 Β.

173 1806 253 1851 δεῖ]
278 1803 342 1850 δε,
379 1817 401 1840 a
424 1817 520 1840 111.5.
545 1804 661 1839 addito
693 1807 794 1839 acuto

128 1857 165 1887 et
187 1852 424 1908 superscripta
447 1851 579 1907 syllaba
603 1862 667 1894 ov,
692 1851 793 1884 Vind.

127 1899 170 1933 F.
205 1894 294 1933 δέον
317 1899 408 1933 Flor.
435 1899 480 1933 R.
518 1895 604 1939 δέος
635 1899 722 1942 Ang.
753 1897 793 1931 B.

129 1957 197 1980 om.
225 1944 326 1978 Vind.
350 1944 394 1978 D.

103 2031 109 2033 -
173 1987 286 2046 υμῖν]
312 1987 403 2034 ημῖν
426 1990 514 2023 Lob.
538 1989 636 2023 Vind.
646 1989 721 2024 ΒΕ.
748 1992 795 2031 et,

129 2049 209 2093 sup.
239 2049 288 2080 v,
332 2037 374 2071 D.
416 2036 510 2071 Flor.
543 2036 617 2070 AC.
657 2036 737 2070 Bas.
764 2047 796 2070 a.

129 2080 231 2140 ἡμᾶς
262 2084 344 2124 Bas.
367 2084 402 2117 b.

179 2126 337 2174 ἄλλους]
369 2124 490 2169 ἄλλως
514 2128 613 2163 Vind.
636 2128 679 2162 D.
728 2127 796 2165 Mi-

129 2187 205 2210 rum
229 2180 283 2210 est
304 2175 338 2209 in
360 2176 426 2209 hac
449 2175 638 2209 sententiae
661 2174 796 2220 perspi-

131 2223 262 2256 cuitate
300 2222 490 2256 Heusdium
526 2232 619 2276 spec.
652 2221 729 2255 crit.
762 2221 796 2253 in

131 2269 221 2302 Plat.
247 2269 371 2302 1803.
382 2280 415 2312 p.
443 2270 520 2322 119.
557 2263 692 2307 ἄλλους
714 2278 795 2312 per-

131 2325 267 2349 versum
291 2313 406 2347 dicere
429 2319 466 2347 et
487 2314 522 2348 in
534 2310 704 2358 αλλήλοις
723 2325 797 2346 mu-

131 2361 272 2404 tandum
283 2359 506 2405 pronuntiare
523 2361 688 2405 potuisse,
699 2370 797 2404 quem

131 2401 218 2441 sa'tis
242 2416 415 2450 superque
437 2406 637 2440 refutavit
627 2418 662 2439 111
679 2417 796 2439 comm.

133 2453 267 2494 fflstius,
290 2452 351 2485 sed
374 2451 573 2486 refutationi
605 2452 724 2486 nolens
746 2451 798 2485 in-

132 2499 254 2533 iuriam
285 2497 439 2539 addidit,
485 2498 564 2532 dum
610 2498 796 2532 Heusdium

133 2545 256 2580 scribit
281 2541 464 2588 ἀλλήλους
487 2544 685 2586 coniecisse,
708 2544 799 2589 quod

133 2602 238 2636 quum
261 2590 444 2624 absurdum
468 2589 536 2632 sit,
558 2594 671 2624 tamen
691 2590 798 2624 Stall-

133 2637 287 2671 baumius
310 2637 344 2670 in
367 2640 525 2682 utraque
539 2637 686 2671 editione
709 2637 799 2671 bona

133 2683 204 2717 fide
226 2683 339 2740 rePeti
361 2692 484 2728 passus
504 2687 567 2716 est.

179 2729 431 2773 κατοικίσεως]
455 2726 703 2772 κατοικήσεως
713 2728 797 2762 Lob.

135 2775 238 2809 Vim}
257 2775 395 2809 BDEF.
437 2775 525 2808 ven.
550 2775 589 2808 Β.
623 2786 644 2809 a
677 2786 721 2808 111.
731 2779 797 2819 'xpi

136 2819 235 2855 Vat.
241 2821 326 2858 HM.
348 2821 441 2856 F-lor.
467 2816 637 2855 ACRTV.
656 2820 742 2857 Gal.

896 1199 1077 1250 ᾠκίζετε]
1094 1201 1243 1244 οἰκίζετε
1268 1199 1348 1234 Gal.
1373 1195 1518 1240 ω’κίζετε

850 1260 888 1283 τε
915 1249 1014 1283 Vind.
1035 1249 1075 1283 F

898 1314 1035 1361 ωμολος
1038 1317 1142 1360 εἴτε]
1177 1312 1387 1359 ὁμολογεῖτε
1420 1313 1518 1347 Vind.

849 1363 923 1398 DF.
949 1365 1035 1408 Ang.
1060 1364 1101 1398 B.
1128 1363 1205 1396 Vat.
1224 1362 1268 1396 H.
1294 1361 1377 1395 Gal.

898 1429 987 1477 ἕνα]
1015 1445 1081 1467 om.
1106 1431 1193 1467 L-ob.
1220 1430 1316 1464 Vind.
1343 1429 1414 1463 BD.
1440 1429 1518 1462 Vat.

841 1478 928 1513 ΒΜ.

897 1522 1054 1569 αὑτοῦ]
1102 1520 1165 1560 ocv'.
1214 1522 1315 1556 Vind.
1352 1521 1395 1556 D.
1443 1520 1519 1554 Ald.

848 1572 930 1606 Bas.
957 1572 1010 1604 ab.

899 1614 1025 1661 οἶμαι]
1059 1612 1156 1650 εἶναι
1200 1613 1298 1648 Vind.
1332 1614 1376 1648 Ε.
1425 1613 1522 1647 Flor.

850 1663 961 1699 ACR.
996 1674 1060 1696 om.
1085 1662 1158 1695 Fic.

897 1707 930 1745 δ”
942 1711 955 1754 ]
981 1721 1045 1743 om.
1071 1707 1153 1742 Graj.

898 1765 961 1801 καὶ
985 1763 1116 1810 ἔργον]
1142 1763 1208 1799 καὶ
1232 1776 1297 1800 om.
1320 1762 1419 1798 Vind.
1443 1762 1520 1797 DE.

850 1814 931 1848 vat.
957 1813 1001 1846 H.
1026 1812 1118 1846 Flor.
1143 1812 1188 1846 T.
1213 1810 1288 1844 Fic.

898 1867 1020 1905 αὑτοῦ
1034 1869 1047 1913 ]
1075 1865 1137 1903 αὖ.
1164 1867 1262 1902 Vind.
1286 1868 1330 1902 D.
1357 1866 1452 1901 Mon.
1480 1867 1520 1901 B.

852 1914 991 1998 ἕιὸιίτοῦ
1017 1915 1105 1951 Lob.
1137 1914 1236 1948 Vind.
1259 1912 1300 1950 B.
1338 1914 1417 1948 vat.
1442 1913 1520 1947 BM.

898 2005 1142 2054 ἁμαρτάνετε]
1169 2004 1424 2052 ἁμαρτάνεται
1444 2016 1519 2040 cum
1550 2006 1582 2048 C

855 2068 870 2091 ε
897 2068 998 2101 super
1019 2067 1059 2089 αι
1082 2054 1180 2088 Vind.
1205 2054 1250 2088 Ε.

899 2115 997 2170 νῦν]
1032 2111 1117 2147 νυνὶ
1145 2111 1226 2146 Gal.

899 2157 1013 2206 υμῖν]
1038 2155 1131 2203 ’ἡμῖν
1154 2158 1247 2192 Flor.
1273 2156 1345 2191 Ac.

899 2207 973 2250 αν]
1000 2218 1064 2240 om.
1093 2204 1165 2239 Fic.

898 2252 1086 2297 πλεῖστον]
1112 2263 1178 2286 om.
1196 2249 1298 2283 Vind.
1314 2249 1355 2283 Β.
1380 2247 1460 2283 vat.
1471 2246 1520 2282 Μ.

852 2301 958 2335 valde
980 2298 1054 2334 Fic.

900 2346 951 2389 τι]
978 2357 1043 2379 om.
1067 2344 1147 2378 Par.
1161 2341 1238 2376 DK.
1260 2340 1354 2374 Mon.
1364 2339 1405 2373 Β.
1429 2339 1522 2373 Flor.

854 2393 900 2427 U.
924 2391 999 2426 Ald.
1024 2390 1104 2425 Bas.
1129 2401 1160 2423 a.
1191 2388 1311 2431 steph.
1347 2385 1466 2419 Astius
1489 2384 1524 2419 in

855 2439 966 2484 prima
990 2437 1043 2471 ed.
1076 2435 1114 2469 τί
1138 2434 1237 2468 Vind.
1261 2433 1334 2467 BF.
1361 2431 1523 2476 quemad-

855 2485 989 2519 modum
1012 2483 1150 2518 Ficinus
1177 2479 1279 2524 legit.
1317 2479 1524 2518 Habebisne‚

855 2544 875 2565 ο
900 2531 1044 2574 Μῖνι-ᾖσε
1067 2530 1142 2568 vir,
1179 2527 1262 2571 quid
1286 2525 1335 2559 ad
1367 2525 1438 2558 ista
1459 2535 1524 2569 pro

855 2583 977 2611 nostra
1006 2575 1207 2617 defensione
1231 2570 1468 2616 respondeas?

900 2629 1037 2676 ταῦτ’]
1087 2630 1212 2664 ταῦτα
1267 2628 1368 2663 Vind.
1415 2627 1522 2662 DEF.

854 2680 949 2715 Flor.
975 2677 1080 2712 ACV.

902 2723 1103 2768 ἐξαίφνης]
1131 2718 1286 2765 ἐξέφνης
1310 2719 1410 2756 de.
1434 2718 1478 2753 Ε.

901 2770 965 2806 καὶ
982 2769 1068 2815 τὸν]
1092 2767 1155 2803 καὶ
1181 2780 1246 2803 om.
1270 2766 1346 2801 Fic.
1371 2764 1440 2801 τὸν
1460 2777 1524 2800 om

856 2818 957 2852 Vind.
984 2817 1026 2851 Ε.

1257 2869 1293 2911 Β
1316 2875 1338 2908 2
