1807 3219
304 136 392 176 346

766 137 1244 180 PLATONIS

306 245 422 296 ἕλεος
451 241 584 297 οὗτος
613 247 714 302 περὶ
742 248 846 299 τούς
880 246 1226 305 τριακοντούτας
1253 258 1343 300 σοι,
1374 248 1686 310 εὐλαβουμένῳ

303 314 435 357 παντὶ
463 313 610 372 τρόπῳ
650 319 739 359 τῶν
779 315 924 373 λόγων
965 316 1150 368 ἁπτέον,·

1216 318 1299 360 Καὶ
1329 314 1446 372 μάλ’,
1491 312 1518 374 ἦ
1549 317 1592 362 δ’
1623 320 1686 372 ὅς.

236 376 274 418 Β
293 377 389 438 Ἆρ’
423 377 506 427 οὖν
537 382 591 427 οὐ
619 385 697 440 μία
726 384 806 440 μὲν
836 384 1039 442 εὐλάβεια
1066 385 1176 442 αὕτη
1208 385 1366 441 συχνὴ,
1397 384 1446 428 τὸ
1478 385 1537 442 μὴ
1558 387 1688 440 νέους

299 449 431 501 ὄντας
462 450 612 495 αὐτῶν
640 451 874 508 γεύεσθαι,·
905 453 1028 510 οἶμαι
1055 452 1139 510 γάρ
1172 465 1217 497 σε
1249 451 1302 497 ου’
1334 455 1592 510 λεληθέναι,
1619 456 1687 500 ὅτι

298 519 344 561 οἱ
371 521 646 574 μειρακίσκοι
666 554 678 574 ,
719 520 827 566 ὅταν
857 521 905 567 τὸ
943 527 1122 579 πρῶτον
1159 520 1304 577 λόγων
1333 520 1547 576 γεύωνται
1566 557 1577 575 ,
1629 524 1690 577 ὥς

298 588 455 644 παιδιᾷ
486 587 637 641 αὐτοῖς
665 595 989 646 καταχρῶνται,
1037 589 1105 633 οΞεὶ
1136 592 1196 641 εἰς
1227 588 1484 644 ἀντιλογίαν
1516 591 1687 647 χρεόμε-

298 671 401 707 νοι,
453 657 527 699 καὶ
565 657 829 714 μιμούμενοι
864 659 970 710 τούς
1016 657 1310 714 ἐξελέγχοντας
1357 656 1485 702 αὐτοὶ
1527 659 1688 713 ἄλλους

296 724 543 780 ἐλέγχουσι,
581 727 805 782 χαίροντες
846 727 989 783 ὥσπερ
1029 726 1246 770 σκυλάκια
1275 730 1336 783 τῷ
1366 725 1507 771 ἕλκειν
1536 745 1580 772 τε
1609 730 1686 772 καὶ

296 793 558 847 σπαράττειν
586 799 649 853 τῷ
679 795 796 854 λόγῳ
829 796 935 847 τούς
965 798 1151 853 πλησίον
1183 796 1258 841 ἀεί.

1313 796 1553 852 Ὗπερφυῶ
1558 814 1578 847 ς
1604 797 1684 853 μὲν

297 855 403 914 οὗν,
435 862 530 918 ἔφη
582 862 760 908 Ου’κοῦν
789 864 897 908 ὅταν
928 865 981 922 δὴ
1013 865 1205 916 πολλοὺς
1239 866 1318 922 μὲν
1348 862 1474 908 αὐτοὶ
1503 865 1681 920 ἐλέγξω-

235 936 267 979 C
298 940 390 981 σιν,
419 929 508 975 υπὸ
539 936 716 975 πολλων
747 933 792 977 δὲ
823 934 1079 990 ἐλεγχθῶσι
1112 934 1289 990 σφόδρα
1318 935 1390 977 καὶ
1420 934 1526 990 ταχύ
1559 934 1682 988 ἐμπί-

295 1011 480 1043 πτουσιν
509 1002 570 1051 εἰς
600 1000 649 1044 τό
678 1002 815 1057 μηδὲν
841 1001 1043 1059 ἡγεῖσθαι
1073 1019 1217 1057 ωνπερ
1251 1001 1492 1059 πρότερον
1529 1003 1604 1046 καὶ
1633 1004 1681 1047 ἐκ

297 1065 469 1111 τούτων
518 1068 572 1125 δή
612 1068 739 1113 αὐτοί
775 1086 819 1114 τε
850 1072 924 1116 καὶ
963 1073 1014 1115 τὸ
1056 1070 1163 1115 ὅλον
1193 1073 1464 1128 φιλοσοφίας
1493 1071 1591 1127 πέρι
1620 1074 1682 1124 εἷς

698 1196 753 1230 Ita

566 1242 660 1275 Mon.
697 1243 737 1278 C.

291 1285 376 1318 Ven.
403 1286 442 1319 C.
478 1286 571 1321 Flor.
595 1288 698 1343 ACV.
731 1292 766 1322 et
799 1301 875 1323 cmn
906 1302 957 1330 εις

290 1342 394 1376 super
419 1344 464 1371 ας
487 1332 574 1369 Lob.
596 1332 798 1376 τριακοντιὶ
822 1336 902 1370 Bas.
921 1338 954 1372 b.

290 1376 589 1431 τριακοντούσεις
612 1380 706 1415 Μοιι.
722 1382 761 1415 Β.
785 1394 954 1425 τριακον-

289 1421 435 1463 τούτεις
469 1425 592 1471 reliqui
624 1438 699 1459 cum
736 1428 840 1462 editis
874 1433 955 1463 ante

290 1471 495 1504 Bekkerum.
576 1473 819 1507 Grammaticis
865 1475 954 1520 apud

288 1516 422 1550 Atticos
469 1518 555 1551 haec
600 1519 801 1553 heteroclita
842 1525 877 1554 et
911 1521 956 1555 ad

287 1562 432 1607 primam
479 1563 734 1599 declinationem
795 1566 956 1600 traducta

287 1609 396 1642 fuisse
430 1610 635 1644 testantibus
672 1612 806 1646 codices
839 1618 875 1646 et
899 1612 954 1646 hic

287 1658 323 1689 et
347 1655 432 1708 Leg.
464 1656 504 1690 L.
530 1657 573 1689 ΙΙ.
604 1669 639 1701 Ρ.
672 1660 750 1692 670.
784 1659 825 1691 A.
852 1670 953 1701 τρια-

287 1699 492 1741 κοντούτας
546 1710 582 1735 et
627 1702 954 1747 πεντηκοντούτας

287 1747 487 1781 exhibentes
512 1749 784 1793 adstipulantur,
819 1763 886 1796 qua
911 1752 954 1784 de

286 1804 325 1826 re
348 1794 573 1827 Buttmannus
597 1808 736 1839 giamm.
761 1797 790 1830 I.
811 1808 844 1842 p.
872 1800 952 1832 210.

287 1843 323 1872 et
346 1839 541 1874 Lobeckius
574 1842 616 1874 ad
653 1842 780 1886 Phry.n
812 1854 847 1887 p.
872 1844 950 1878 403.

287 1885 398 1919 adhuc
422 1886 634 1920 dubitabant.
671 1889 740 1922 Sed
765 1889 799 1922 in
817 1891 952 1923 adden-

288 1933 343 1965 dis
365 1932 592 1966 Buttmannus
618 1934 808 1979 (11.403.)
832 1936 952 1969 horum

285 1978 434 2011 locorum
488 1979 621 2012 ratione
677 1981 794 2015 habita
849 1982 952 2015 fidem

285 2024 516 2069 grammaticis
541 2025 669 2060 habere
687 2027 810 2072 coepit,
836 2028 950 2061 Choe-

285 2071 466 2104 roboscum
492 2083 576 2104 vero
614 2074 731 2117 (apud
754 2074 950 2107 Bekkerum

285 2117 404 2151 anecd.
429 2117 495 2150 ind.
514 2117 549 2150 in
568 2115 665 2162 ἔτος)
690 2120 854 2164 pluralem
871 2125 949 2154 tan-

286 2167 357 2196 tum
390 2163 615 2197 heterocliton
659 2177 846 2207 agnoscere
877 2170 949 2200 sta·-

284 2209 371 2250 tuit,
395 2209 455 2254 qui
478 2213 590 2243 tamen
613 2213 761 2255 p.1376‚
788 2215 841 2247 10.
869 2209 945 2247 α’πό

283 2255 352 2289 τοῦ
364 2253 947 2300 τριακονταέτηςτριακονταέτου

283 2301 475 2335 femininum
505 2301 782 2346 τριακονταέτις
812 2305 947 2339 Atticos

281 2348 406 2381 fecisse
431 2348 541 2381 docet.

327 2404 396 2435 σοι,
408 2395 419 2437 ]
462 2394 518 2428 Ita
540 2396 720 2429 Bekkcrus
745 2400 780 2430 et
809 2397 844 2430 in
876 2408 944 2430 sec.

277 2440 534 2474 Stallbaumius.
583 2451 642 2475 σοι
675 2453 750 2476 cum
782 2448 946 2476 commate

278 2492 357 2543 post
381 2483 639 2533 εὐλαβουμένῳ
673 2489 747 2522 Ald.
785 2489 863 2522 Bas.
889 2491 944 2522 ab.

277 2531 336 2566 σοὶ
361 2544 436 2566 cum
468 2534 586 2566 eadem
618 2534 838 2568 distinctione
864 2536 945 2568 Ste-

278 2579 423 2623 phanus.
470 2579 585 2613 Astius
622 2586 657 2613 et
692 2581 727 2614 in
762 2582 944 2625 p1.Stall-

277 2625 433 2658 bamnius
478 2629 557 2669 post
605 2626 716 2666 οὗτος
747 2627 943 2661 incisionem

277 2672 444 2705 fecerunt.
511 2671 704 2715 γίγνεσθαι
749 2674 943 2708 necessario

279 2729 354 2751 cum
377 2729 462 2761 περι
488 2717 693 2762 iungendum
712 2745 724 2761 ‚
772 2726 808 2753 et
840 2732 943 2766 quum

279 2775 345 2797 non
375 2764 418 2797 de
449 2763 602 2799 omnibus
634 2765 846 2806 tricenariis,
880 2766 942 2800 sed

278 2809 322 2844 de
353 2810 471 2845 electis
513 2821 534 2844 a
571 2810 769 2856 legislatore
804 2812 941 2857 optimis

795 1198 874 1231 Par.
914 1200 956 1233 A.

774 1244 851 1277 Vat.
881 1244 956 1278 BH.

341 1192 651 1239 τριακοντούτας]

295 1238 396 1272 Vind.
428 1241 533 1274 BEF.

1015 1208 1126 1231 sermo
1151 1197 1221 1239 sit,
1245 1206 1303 1231 σοι
1327 1197 1370 1231 ad
1388 1195 1681 1253 τριακοντούτας

1013 1244 1227 1277 referendum
1268 1248 1303 1276 et
1343 1244 1387 1277 ad
1420 1241 1680 1290 εὐλαβουμένῳ

1013 1289 1136 1323 iterum
1157 1294 1196 1324 ut
1214 1289 1395 1324 encliticon
1412 1290 1681 1325 subaudiendum

1012 1336 1159 1370 xidetur.

1057 1379 1212 1437 τρόπῳ]
1238 1379 1336 1437 λόγω
1360 1382 1446 1415 Lob.
1473 1384 1552 1417 Vat
1577 1383 1628 1418 M.

1060 1425 1247 1473 ἁπτέονς]
1290 1425 1444 1463 απτέον.
1482 1429 1567 1462 editi
1601 1433 1682 1463 ante

1013 1474 1100 1507 Astii
1124 1486 1191 1507 sec.

1058 1517 1156 1576 μάλ’]
1181 1518 1282 1562 μάλα
1300 1521 1400 1554 Vind.
1412 1520 1518 1555 BEF.
1531 1521 1625 1555 Mon.
1639 1520 1685 1554 C.

1068 1563 1148 1621 Ἆρ’]
1176 1563 1236 1610 ἄρ’
1261 1566 1364 1600 Vind.
1388 1566 1431 1599 F.

1059 1609 1105 1646 ου’
1125 1612 1206 1657 μία]
1236 1611 1392 1655 ουδεμία
1416 1611 1517 1645 Vind.
1531 1612 1571 1644 B.
1586 1611 1681 1646 Μοιι

1011 1658 1228 1740 εἰηὲιιέοΗ.
1251 1643 1348 1693 Floi.
1369 1658 1475 1693 ACV.
1502 1654 1591 1691 ου’ὃὲ
1612 1658 1681 1701 μία

1055 1748 1254 1794 γεύεσθαι]
1290 1749 1428 1784 evannit
1450 1749 1484 1782 in
1509 1750 1610 1784 Vind.
1634 1750 1678 1785 F.
1707 1761 1744 1802 B

1010 1796 1121 1830 Locos
1154 1795 1268 1830 Procli
1298 1796 1364 1829 huc
1395 1797 1610 1840 pertinentes
1633 1797 1678 1830 ad

1007 1854 1041 1888 p.
1069 1843 1148 1878 537.
1173 1843 1217 1877 Ε.
1243 1842 1423 1886 adscripsi.

1054 1886 1097 1923 τό
1137 1889 1308 1932 πρῶτον]
1357 1899 1553 1932 τοπρωτον
1586 1889 1673 1923 Lob.

1008 1935 1109 1970 Vind.
1133 1936 1209 1969 ΒΕ.
1232 1935 1307 1967 Ald.
1338 1935 1419 1969 Bas.
1445 1936 1500 1968 ab.
1527 1935 1650 1980 Steph.

1051 1978 1257 2025 γεύωνται]
1282 1978 1458 2024 γεύονται
1481 1982 1562 2015 Bas.
1574 1983 1621 2015 b.

1052 2027 1208 2074 παιδιᾷ]
1234 2026 1388 2060 παιδεία
1412 2027 1511 2060 Vind.
1525 2028 1564 2060 F.
1586 2038 1672 2061 παι-

1006 2073 1070 2107 δία
1094 2062 1180 2108 Vssen
1207 2073 1248 2106 C.
1274 2073 1376 2108 Vind.
1402 2073 1445 2105 Ε.
1495 2073 1596 2107 Conf.
1625 2073 1671 2107 ad

1006 2132 1039 2165 p.
1065 2121 1143 2154 537.
1172 2119 1212 2153 C.
1247 2119 1290 2152 de
1314 2119 1378 2152 hoc
1410 2120 1544 2153 nomine
1567 2119 1670 2155 dicta.

1052 2163 1134 2210 οἷεὶ]
1161 2178 1226 2200 om.
1249 2166 1334 2199 Ven.
1360 2166 1402 2198 B.

1051 2211 1114 2246 καὶ
1136 2209 1374 2255 σπαραττειν]
1401 2209 1464 2245 και
1488 2223 1553 2245 om.
1575 2212 1670 2247 Mon.

1006 2258 1047 2294 C.
1084 2278 1127 2283 —
1159 2258 1362 2292 Plutarchus
1396 2258 1439 2291 ab
1463 2257 1559 2292 Astio
1583 2258 1670 2292 cita—

1003 2314 1060 2359 tiis
1083 2316 1167 2338 mor.
1201 2316 1234 2350 p.
1264 2305 1320 2338 78.
1346 2303 1396 2337 Ε·
1421 2314 1560 2343 παντες
1581 2302 1667 2349 γὰρ,

1003 2347 1055 2390 ὥς
1082 2348 1208 2389 απλῶς
1238 2350 1374 2393 εἰπεῖν,
1401 2347 1438 2383 οἱ
1467 2347 1669 2404 ἀρχόμενοι

1003 2399 1225 2452 φιλοσοφεῖν
1243 2394 1335 2435 τοὺς
1353 2394 1448 2439 πρὸς
1466 2393 1582 2438 δόξαν
1601 2397 1667 2452 (sc.

1002 2441 1164 2498 λόγους)
1180 2440 1356 2476 διώκουσι
1370 2442 1522 2496 μᾶλλον,
1548 2441 1583 2476 οι
1600 2441 1668 2485 μὲν

1003 2485 1123 2533 ὥσπερ
1152 2485 1304 2533 ὄρνιθες
1332 2487 1393 2522 επι
1416 2484 1484 2532 τήν
1502 2487 1667 2543 λαμπρό-

1001 2548 1094 2591 τητα
1112 2536 1187 2569 τῶν
1218 2534 1424 2591 φυσικῶν
1413 2546 1477 2568 και
1504 2531 1547 2568 td
1566 2530 1668 2577 ὕψος

1000 2579 1077 2616 υπὸ
1104 2593 1338 2638 κουφοτητος
1366 2579 1429 2613 καὶ
1455 2581 1666 2624 φιλοτιμίας

1000 2628 1250 2671 καταίροντες,
1277 2626 1313 2660 οἱ
1333 2622 1404 2660 δ’
1379 2622 1501 2680 ω’σπερ
1521 2625 1566 2660 τὰ
1583 2637 1665 2661 σκυ-

1000 2672 1111 2708 λακια
1133 2700 1143 2717 ,
1181 2672 1293 2718 φησὶν
1326 2670 1345 2706 ὁ
1387 2670 1548 2706 Πλάτων
1569 2698 1579 2715 ,
1612 2673 1664 2718 τῷ

1000 2718 1115 2755 ἕλκειν
1144 2719 1208 2754 καὶ
1229 2716 1460 2773 σπαράττειν
1473 2719 1665 2774 χαίροντες

998 2764 1060 2801 ἐπι
1089 2764 1159 2806 τὰς
1191 2763 1316 2809 ε’ριδας
1334 2763 1397 2799 καὶ
1414 2777 1482 2804 τας
1503 2761 1665 2809 απορίας

998 2812 1062 2847 καὶ
1080 2810 1127 2847 τὰ
1146 2812 1358 2857 σοφίσματα
1377 2811 1572 2854 χωροῦσιν.
