1807 3219
490 154 829 199 CIVITAS
868 152 991 195 LIB.
1021 151 1096 194 VI.
1126 156 1194 191 509

1451 155 1535 196 237

135 267 305 324 ἿΩσπερ
345 269 500 312 τοίνυν
543 267 747 325 γραμμὴν
788 267 887 323 δίχα
924 262 1191 320 τετμημένην
1223 264 1375 318 λαβών
1405 263 1535 308 ἄνισα

147 337 348 394 τμήματα
377 336 510 380 πάλιν
539 338 666 394 τέμνε
696 335 901 391 ἑκάτερον
940 333 990 377 τὸ
1030 336 1176 389 τμῆμα
1217 328 1300 376 ἀνα
1342 333 1421 377 τόν
1454 332 1535 377 αύ-

148 406 227 451 τόν
265 405 425 462 λόγον,
456 404 508 449 τό
538 422 583 449 τε
613 408 695 449 τοῦ
724 403 955 460 ὁρωμένου
985 401 1141 457 γένους
1172 400 1246 444 καὶ
1272 400 1331 459 τό>
1354 406 1435 445 τοῦ
1456 419 1534 445 νο-

148 476 363 532 ουμένου,
394 475 467 517 καί
497 485 569 518 σοι
599 473 716 517 ἔσται
751 473 970 528 σαφηνείᾳ
998 470 1071 514 καὶ
1102 468 1294 526 ἀσαφείᾳ
1324 469 1436 524 πρός
1459 469 1536 514 ἄλ-

149 549 259 602 ληλα
293 545 339 588 ἐν
368 542 449 600 μὲν
480 545 542 599 τῷ
572 542 782 599 ὁρωμένῳ
813 540 862 585 τὸ
893 540 972 597 μὲν
1002 539 1153 593 ἕτερον
1182 542 1328 595 τμῆμα
1359 537 1535 590 εἰκόνες.

149 718 244 752 tione
267 715 400 761 vulgari
424 715 493 750 dici
525 715 722 749 credimus?
769 715 814 748 At

147 764 212 798 hoc
243 763 318 816 ipso
349 763 448 796 ideae
488 774 509 796 a
552 764 655 796 rebus
700 761 813 795 sensui

147 809 311 844 subiectis
333 809 477 843 maxime
501 808 686 849 differunt,
722 807 814 851 quod

146 856 225 889 illae
248 866 357 896 unae,
388 855 454 889 hae
487 854 705 889 multitudine
736 853 812 886 infi-

149 901 243 936 nitae
275 906 374 943 sunt,
406 905 509 946 atque
541 902 659 935 harum
694 909 812 933 rursus

147 959 372 993 unaquaeque
394 947 530 981 infinita
553 948 749 980 mnbrarum
765 945 813 978 si·—

148 994 443 1047 mulacrorumque
498 993 710 1027 multitudine
757 1003 812 1024 re-

148 1039 384 1086 praesentari,
416 1051 528 1084 neque
544 1040 694 1084 ipsarum
716 1037 814 1071 idea-

148 1098 222 1120 rum
262 1097 423 1120 numerus
454 1097 529 1119 cum
569 1086 815 1118 theorematum

148 1132 463 1166 mathematicorum
497 1143 635 1164 numero
679 1141 816 1185 compa-

147 1179 217 1212 rari
240 1181 367 1223 potest.
404 1178 543 1222 Itaque·
553 1177 607 1210 vel
629 1177 679 1210 sic
704 1172 815 1209 ἄνισα

147 1221 322 1269 τμήματα
355 1223 500 1258 dicenda
531 1223 816 1256 eraut.Ve1um

149 1272 192 1305 de
226 1270 357 1304 ambitu
387 1269 628 1313 cogitandum
635 1280 701 1302 non
738 1279 816 1301 esse

149 1314 328 1362 sequentia
348 1316 406 1349 illa
429 1316 573 1356 docent,
607 1327 696 1359 quae
727 1313 816 1347 divi-

150 1363 256 1398 sionis
303 1362 470 1396 rationem
501 1364 634 1416 aperte
675 1361 815 1394 demon—

149 1412 296 1444 strant.
298 1408 400 1442 Non
421 1407 531 1452 magis
555 1420 596 1441 ea
611 1431 622 1449 ‚
666 1418 756 1452 quae
779 1406 816 1440 in

150 1455 278 1490 scholio
304 1458 623 1495 commemorantur,
660 1452 816 1506 aequali-

149 1505 256 1536 tatem
280 1505 468 1554 praestant.
515 1501 608 1534 Nam
631 1511 719 1544 quae
732 1498 817 1553 Ῑ11·ἰ-

115 1547 122 1553 ”
149 1560 203 1582 1110
234 1548 307 1581 1000
338 1543 553 1605 [101111111ὶῆ
586 1558 663 1580 των
698 1543 816 1588 λόγων

149 1593 327 1638 μετουσία
355 1592 419 1627 καὶ
447 1593 524 1627 τῶν
553 1593 688 1635 εἰδων,
725 1603 818 1625 com-

151 1640 286 1682 munio,
318 1651 406 1684 quae
439 1641 542 1673 rebus
567 1638 758 1672 w'sibilibus
782 1640 818 1670 et

149 1686 366 1720 inferioiibus
390 1697 466 1719 cum
489 1685 732 1739 supelioribus,
756 1695 817 1717 no-

150 1732 299 1766 tionibus
334 1729 506 1787 (ἕκαστος
538 1729 647 1775 λόγος
679 1729 818 1764 οἰκείου

151 1777 325 1823 πλήθους
343 1774 494 1822 ἡγεῖται
523 1777 707 1810 secundum
732 1777 817 1809 Pro-

152 1825 485 1868 chun'1.1111.p.
519 1824 616 1867 107.)
651 1828 687 1856 et
719 1822 818 1863 ideis,

151 1870 345 1912 intercedit,
368 1875 588 1914 utrarumque
609 1870 819 1913 complexum

153 1929 270 1962 parem
295 1917 435 1950 efficele
466 1928 532 1950 non
565 1915 666 1950 aliter
677 1918 818 1969 potest,

153 1963 219 1997 nisi
252 1968 292 1996 ut
322 1974 547 2008 unaquaeque
575 1962 684 1995 idea·
677 1974 711 1995 111
734 1961 796 1994 tot'
788 1973 818 1992 1-

153 2009 227 2043 dem
263 2014 398 2054 partes,
446 2013 530 2053 quot
569 2019 625 2042 res
665 2007 818 2041 visibiles

153 2056 227 2089 eius
260 2055 447 2101 participes
478 2058 576 2094 sunt,
611 2053 723 2088 divisa
746 2057 819 2087 sta-

152 2105 293 2142 tuatur,
319 2113 386 2146 quo
408 2103 501 2135 facto
526 2113 613 2142 una,
637 2102 669 2135 h
683 2112 713 2134 e.
739 2100 820 2133 idea

154 2159 231 2181 esse
272 2127 407 2182 desinit.
477 2147 673 2181 Similitudo
705 2149 819 2179 autem

152 2193 352 2228 inferiorum
376 2196 411 2227 et
434 2194 668 2249 superior,um
692 2189 725 2247 ἡ
743 2192 819 2225 τῶν

153 2236 379 2295 μετεχόντων
409 2238 506 2283 πρὸς
528 2237 576 2273 τὰ
596 2236 820 2282 μετεχόμενα

156 2282 356 2328 ὁμοιότης,
404 2297 471 2319 11011
518 2289 572 2319 est
617 2284 821 2329 aequalitas,

153 2343 265 2377 neque
288 2343 370 2365 vero
394 2335 580 2376 propterca
597 2334 715 2376 partes
735 2331 823 2363 duae

156 2377 317 2423 aequales
353 2371 420 2411 d'ici
434 2380 613 2431 possunt,
647 2377 737 2422 quod
763 2388 822 2409 ea-

156 2424 233 2458 dem
265 2424 398 2457 ratione
432 2423 469 2456 in
504 2424 601 2457 binas
661 2423 822 2456 articulas

155 2469 285 2506 divisae
319 2472 418 2511 sunt,
450 2481 501 2516 τῳ
524 2467 594 2518 τὴν
620 2468 823 2526 αναλργίαν

155 2514 226 2559 τὴν
249 2511 370 2560 αὐτήν
398 2527 477 2555 πως
505 2512 601 2549 εἶναι
626 2512 681 2549 ἐπ’
701 2512 822 2558 οἷμφο-

157 2560 286 2607 τέρων.
335 2562 511 2615 Denique,
537 2562 628 2606 quod
651 2561 820 2606 gravissi·

156 2619 245 2643 mum
263 2612 328 2649 est,
351 2607 434 2641 nihil
457 2609 577 2641 horum
600 2607 819 2652 sequentibus

157 2655 324 2689 convenit.
372 2654 438 2688 His
470 2654 514 2687 de
546 2654 674 2688 caussis
706 2653 819 2687 Procli

154 2699 312 2734 iudicium
336 2703 372 2733 et
402 2700 555 2734 codicum
584 2700 820 2733 auctoritatem

159 2757 235 2780 cum
258 2745 416 2780 B‘ekkero
440 2749 476 2779 et
508 2744 819 2780 Schleiermachero

159 2795 296 2829 secutus
319 2804 403 2826 sum.
438 2787 499 2835 ὂὶν,
524 2792 614 2837 quod
629 2792 746 2826 Astius
763 2803 820 2825 re-

162 2838 274 2883 cepit,
328 2838 480 2884 ineptum
537 2849 614 2873 esse
660 2840 815 2884 apparet.

871 714 939 747 Pro
973 709 1032 746 οἷν
1065 711 1152 755 ἶσα,
1185 710 1275 756 quod
1311 711 1539 746 Stallbaumio

871 759 1011 812 placuit,
1035 759 1222 799 Platonem,
1247 758 1275 791 si
1300 761 1438 803 praeter
1459 770 1540 791 con-

870 805 1081 840 suetudinem
1114 817 1153 838 ea
1187 804 1442 848 praepositione
1489 805 1541 837 uti

869 852 993 893 vellet,
1031 847 1107 885 οἶνοι
1137 850 1200 884 ἱσα
1232 850 1398 883 dicturum
1432 850 1540 884 fuisse

868 898 1029 932 arbitror.
1079 897 1131 936 εἰς
1155 896 1218 930 ἴσα
1237 908 1311 930 011111
1332 899 1419 940 Aug.
1446 896 1484 930 Β.
1504 901 1541 929 et

868 944 1015 988 vulgatis
1046 944 1125 977 olim
1156 942 1251 976 libris
1296 942 1539 976 Stallbaumius

871 991 1024 1025 scribere
1048 990 1208 1023 debebat.

917 1035 961 1071 τὸ
979 1037 1123 1080 τμῆμα]
1149 1048 1215 1070 om.
1241 1035 1320 1068 Vat.
1345 1033 1391 1067 H.
1414 1034 1539 1078 τμῆμα

871 1083 950 1117 Par.
975 1083 1052 1116 ΑΚ.
1088 1094 1156 1115 sec.
1192 1081 1300 1114 Bekk.
1333 1081 1424 1125 quod
1457 1081 1539 1114 terri

871 1141 974 1183 posse
998 1129 1143 1162 videtur.
1180 1128 1249 1161 Sed
1274 1139 1376 1171 quum
1400 1127 1436 1160 in
1456 1139 1538 1172 pio-

871 1176 905 1209 xi
909 1175 970 1208 mis
994 1181 1176 1219 unumque
1191 1173 1319 1217 τμῆμα
1337 1184 1539 1207 commemo-

872 1225 986 1255 ratum
1010 1223 1073 1262 sit,
1109 1221 1289 1254 articulum
1313 1231 1333 1252 a
1368 1222 1421 1252 tot
1445 1220 1538 1253 codi-

873 1268 969 1301 cibus
993 1268 1144 1301 oblatum
1176 1269 1295 1299 tenere
1318 1265 1432 1299 malui.
1482 1266 1538 1300 Cf.

872 1314 970 1358 Apol.
995 1326 1027 1358 p.
1053 1314 1109 1347 36.
1134 1314 1186 1345 Α.
1214 1309 1308 1345 ἄλλα
1330 1309 1425 1345 πολὺ
1446 1312 1539 1367 μᾶλ-

873 1362 937 1394 λον
955 1357 1139 1403 θαυμάζω
1161 1355 1344 1402 εκατέρων
1367 1358 1444 1392 τῶν
1464 1355 1539 1403 ψή-

873 1418 957 1462 epam
974 1404 1044 1440 τὸν
1060 1403 1245 1462 γεγονότα
1262 1401 1439 1448 οἷριθμόν.

921 1449 994 1485 01νά
1029 1450 1097 1486 τὸν
1131 1449 1253 1485 αὐτὸν
1291 1449 1425 1495 λόγον]
1474 1450 1540 1484 His

872 1499 1083 1543 potissimum
1106 1499 1220 1532 verbis
1253 1498 1410 1531 inductus
1435 1497 1543 1530 Stall-

873 1545 1028 1578 baumius
1073 1544 1136 1578 ἶσα
1175 1541 1348 1587 τμήματα
1384 1543 1543 1577 facienda

874 1591 1022 1636 putavit.
1085 1590 1184 1631 ,Nec
1210 1592 1397 1646 profecto“
1416 1589 1544 1645 inquit

874 1663 897 1679 ‚,
888 1642 1002 1677 ,recte
1025 1637 1251 1670 subiiceretul
1284 1633 1357 1670 οἷνὰ
1386 1633 1455 1670 τὸν
1474 1632 1541 1669 αὖ·

874 1682 943 1717 τὸν
973 1680 1083 1738 λόγον
1106 1709 1115 1726 ,
1165 1683 1193 1716 si
1225 1683 1384 1717 universe
1416 1682 1542 1715 dictum

875 1734 990 1763 esset
1000 1727 1113 1763 ἄνισα
1140 1726 1334 1772 τμήματα,
1369 1741 1431 1762 1100
1454 1727 1543 1761 ratio

875 1776 989 1821 aliqua
1012 1778 1203 1809 accuratius
1228 1776 1380 1809 definita.
1383 1778 1406 1794 ‘⁶
1450 1774 1544 1808 Con-

874 1825 929 1855 tra
964 1822 1296 1855 Schleielmacherus
1334 1823 1473 1855 alteram
1505 1821 1541 1854 in

875 1868 1036 1913 aequales
1068 1871 1187 1924 partes
1219 1868 1416 1901 divisionem
1441 1867 1543 1900 nimis

875 1914 1042 1959 exquisite
1076 1912 1150 1948 civ&
1186 1912 1256 1948 τὸν
1284 1910 1402 1948 αυτὸν
1430 1911 1542 1957 λόγον

875 1961 1066 1995 faciendam
1113 1960 1180 1994 dici
1227 1961 1370 2002 statuit,
1426 1963 1542 2000 recte;

876 2019 1080 2052 quamquam
1102 2007 1137 2040 id
1159 2007 1338 2040 ferendum
1362 2009 1475 2048 esset,
1512 2005 1543 2040 si

876 2053 1081 2094 accuratior,
1101 2065 1201 2098 quam
1220 2053 1460 2087 Stallbaumius
1482 2052 1543 2085 de·-

875 2100 1023 2141 siderat,
1055 2100 1197 2133 rationis
1222 2099 1374 2132 definitio
1397 2110 1462 2132 non
1487 2109 1544 2132 se-

876 2149 1039 2190 queretur
1064 2152 1099 2179 et
1124 2146 1313 2191 aequalitas
1337 2146 1470 2180 omnino
1494 2145 1543 2179 lo-

878 2203 952 2224 cum
977 2193 1130 2227 haberet.

923 2235 1074 2282 γένους]
1109 2236 1215 2282 γένος
1250 2238 1346 2272 Vind.
1372 2239 1414 2273 B.
1450 2238 1542 2272 Mon.

878 2283 918 2318 B.
951 2284 1047 2318 Flor.
1079 2285 1124 2319 U.
1172 2285 1255 2321 Par.
1288 2285 1333 2319 Κ.
1365 2297 1433 2319 500.
1466 2284 1544 2330 Bip.

880 2332 955 2363 Ast.
981 2342 1030 2375 pr.
1056 2343 1125 2365 sec.

927 2378 1113 2424 σαφηνεία
1142 2376 1204 2411 καὶ
1246 2374 1437 2423 οἷσαφεία]
1489 2377 1548 2411 Ita

879 2423 959 2456 Par.
983 2424 1025 2456 A.
1062 2415 1155 2458 Flor.
1180 2428 1220 2459 A.
1254 2425 1336 2458 Vat.
1360 2424 1405 2458 H.
1430 2423 1546 2467 (hunc

880 2469 969 2502 enim
1003 2481 1065 2514 per
1099 2482 1154 2512 m,
1199 2481 1262 2515 pro
1305 2481 1372 2522 quo
1406 2479 1439 2503 m
1470 2481 1547 2503 esse

880 2515 1049 2558 debebat,
1082 2516 1339 2560 significatum'
1330 2528 1365 2549 111
1398 2515 1547 2549 Bekkeri

879 2542 1131 2619 commentariis
1163 2563 1312 2607 opinor.)
1358 2559 1546 2616 σαφήνεια

874 2606 938 2641 καὶ
965 2605 1110 2663 ἀσαφία
1143 2609 1236 2642 Mon.
1270 2608 1311 2641 B.
1360 2606 1546 2652 σαφήνεια

877 2665 947 2688 ουκ
966 2651 1132 2698 οὲσαφεια
1156 2656 1237 2689 Bas.
1247 2654 1281 2689 b.
1306 2666 1349 2698 γρ
1373 2653 1443 2688 οὐκ
1462 2655 1545 2710 (pro

876 2699 956 2744 καὶ)
996 2712 1112 2745 margo
1146 2701 1287 2745 Steph.
1337 2700 1429 2734 Idem
1474 2697 1545 2734 οὐκ

876 2757 980 2800 super
1013 2746 1075 2780 καὶ
1107 2747 1268 2791 scriptum
1300 2750 1353 2780 est
1385 2747 1420 2780 in
1457 2747 1543 2781 Lob.

875 2792 935 2836 qui
959 2804 1034 2826 cum
1057 2793 1197 2837 reliquis
1221 2792 1397 2826 codicibus
1422 2792 1544 2826 editis-

876 2849 943 2883 que
977 2842 1056 2872 ante
1093 2839 1286 2872 Bekkerum
1322 2850 1385 2883 pro
1419 2838 1542 2873 dativis
