1807 3219
435 108 776 151 CIVITAS
819 108 1119 177 LAIB.V1.489

1388 111 1471 153 157

83 222 323 279 ταζομένην
352 220 433 278 τήν
472 218 623 264 εἰκόνα
652 223 780 274 ἰδεῖν,
822 220 889 265 ὅτι
921 224 1016 272 ταῖς
1051 219 1203 264 πόλεσι
1230 219 1341 275 πρὸς
1368 218 1472 272 τούς

86 290 334 348 ἀληθινούς
364 289 641 347 φιλοσόφους
669 289 748 344 τὴν
780 288 981 333 διάθεσιν
1010 289 1171 337 ἔοικεν,

85 360 242 404 θάνειν
285 359 310 403 ὃ
346 359 468 414 λέγω.
528 358 617 401 Καὶ
659 355 780 413 μάλ’,

1223 288 1332 332 οἷλλόι
1361 305 1473 344 μαν-

821 357 919 415 ἔφη.
979 361 1169 412 Πρῶτον
1207 357 1285 413 μὲν
1324 359 1478 401 τοίνυν

84 430 256 472 ἐκεῖνον
284 426 364 471 τόν
391 426 704 482 θαυμάζοντα,
735 424 802 468 ὅτι
833 427 878 468 οἷ
906 426 1152 482 φιλόσοφοι
1182 425 1238 469 ου’
1267 430 1480 481 τιμῶνται

83 497 133 540 ἐν
162 502 258 548 ταῖς
282 495 459 547 πόλεσι,
505 493 682 539 δίδασκέ
711 509 756 537 τε
795 492 876 550 τήν
915 493 1063 537 εἰκόνα
1098 494 1171 537 καὶ
1210 499 1347 550 πειρῶ
1386 495 1479 538 πεί-

86 571 220 618 θειν,
271 565 338 609 ὅτι
379 563 494 607 πολὺ
536 562 594 607 ἂν
632 562 995 618 θαυμαστότερον
1034 557 1113 618 ἦν,
1175 563 1213 605 εἰ
1253 562 1478 618 ἐτιμῶντο.
1505 572 1544 613 Β

83 633 213 678 Ἀλλὰ
243 630 424 684 διδάξω,
465 630 562 688 ἔφη.
619 633 709 674 Καὶ
741 631 809 675 ὅτι
839 633 993 675 τοίνυν
1021 629 1192 687 τάληθῆ
1227 629 1390 686 λέγεις,
1420 629 1480 682 ὥς

87 702 296 759 ἄχρηστοι
323 705 416 751 τοῖς
451 703 629 751 πολλοῖς
660 702 705 744 οἱ
745 700 1056 743 ἐπιεικέστατοι
1092 702 1182 743 τῶν
1220 698 1267 742 ἐν
1295 704 1479 756 φιλοσο-

87 773 194 828 φίᾳ·

238 774 315 826 τῆς
353 769 503 826 μέντοι
539 766 775 824 ἀχρηστίας
808 768 914 819 τοὺς
947 766 1005 825 μὴ
1041 766 1294 823 χρωμένους
1334 767 1480 812 κέλευε

88 841 335 892 αἰτιᾶσθαι,
375 836 484 881 ἄλλα
513 836 571 894 μή
603 836 709 887 τούς
747 836 956 888 ἐπιεικεῖς.
1008 835 1063 880 οὐ
1102 836 1186 892 γὰρ
1229 836 1312 892 ἔχει
1342 835 1481 893 φύσιν

87 906 364 965 κυβερνήτην
392 910 569 951 ναυτῶν
606 907 780 950 δεῖσθαι
819 904 1032 961 ἄρχεσθαι
1061 902 1135 961 ὑφ’
1171 903 1335 959 αὑτοῦ,
1377 902 1482 949 οὐδὲ

134 1080 190 1126 τῷ
210 1075 315 1124 ὄντι]
340 1090 474 1114 τωοντι
496 1079 598 1114 Vind.
622 1079 666 1116 Ε.
702 1079 755 1115 τῶ

91 1114 174 1160 όντι
198 1126 291 1159 Μοιι.
314 1127 355 1159 B.

134 1169 440 1226 μετεωροσκόπον
470 1164 533 1233 τε]
576 1183 756 1217 μετεωρο-

90 1215 283 1254 σκωποντε
307 1219 385 1254 Ald.

20 1295 90 1331 489
137 1284 515 1342 κατεσκευασμέναις]
555 1297 755 1321 κατασκευ-

91 1331 269 1388 ασμέναις
293 1334 374 1366 Vat.
399 1334 445 1366 H.

134 1377 257 1423 μάλα]
282 1376 377 1423 μαλ’
401 1378 501 1413 vind.
525 1379 570 1412 F.
596 1379 690 1413 Mon.
715 1380 758 1415 B.

87 1426 175 1471 Ang.
199 1427 240 1459 B.
264 1426 363 1461 Flor.
385 1427 429 1460 R.
454 1427 601 1460 maxime
622 1427 758 1472 quidem

90 1473 223 1572 Fizv]
270 1517 328 1552 Ita
358 1516 459 1555 Vind.
491 1518 536 1552 F.
571 1529 591 1552 a
624 1529 667 1552 m.
705 1529 759 1564 pr.

90 1560 192 1598 οὕτω
219 1575 239 1596 a
263 1575 304 1597 m.
331 1575 359 1599 s,

135 1610 182 1654 ήν
211 1606 252 1644 δ’
278 1607 375 1654 ἐγώ]
417 1612 497 1655 post
527 1613 632 1653 οἶμαι
660 1609 759 1644 Vind.

125 1682 291 1736 'Beroeam'
314 1701 376 1746 σε]
402 1701 436 1737 δ.
457 1711 516 1736 σοι
540 1701 640 1737 Vind.
652 1701 694 1736 F.
720 1711 760 1736 σε

93 1747 129 1783 δ.
148 1748 228 1784 Par.
248 1747 293 1782 K.

139 1815 234 1861 τὴν]
274 1813 338 1850 διὰ
368 1813 440 1860 τὴν
462 1816 548 1850 Ven.
570 1817 611 1850 B.
656 1816 758 1851 Vind

92 1862 288 1898 ER‘Flor.
311 1861 385 1895 Ac.
417 1882 463 1886 —
503 1863 641 1896 Ficinus
674 1863 760 1897 haec

97 1905 157 1944 Ου’
186 1906 231 1952 δὴ
258 1905 361 1951 οἶμαι
389 1912 456 1942 etc.
485 1908 536 1944 ita
575 1909 758 1954 explicuit:

94 1956 376 1999 Haudquaquam
406 1967 490 1999 opus
507 1967 577 1990 esse
600 1957 761 1998 arbitror,

93 2007 134 2036 ut
165 2002 229 2036 tibi
255 2002 361 2035 latius
387 2002 568 2045 explicem,
595 2003 760 2046 quemad-

95 2048 236 2082 modum>
252 2048 300 2081 ad
317 2048 517 2092 propositae
528 2050 762 2092 comparatio-

95 2095 150 2128 πίε
178 2094 366 2139 imaginem
403 2094 457 2127 ita
490 2095 526 2127 in
564 2095 762 2128 civitatibus

96 2140 219 2183 affecti
235 2145 314 2174 sunt
335 2140 500 2173 adversus
523 2152 622 2174 veros
645 2142 762 2184 philo-

97 2186 221 2229 sophos
241 2186 348 2227 cives,
372 2190 412 2219 ut
435 2186 471 2219 in
500 2187 666 2220 eiusmodi
696 2199 762 2221 na-

96 2232 193 2265 vibus
240 2232 288 2265 ad
336 2243 454 2265 verum
498 2234 764 2277 gubernatorem

96 2282 247 2312 nautae:
280 2278 340 2311 sed
360 2277 555 2322 intelligere
582 2284 617 2313 te
647 2280 765 2315 existi-

97 2335 165 2358 mo.

144 2365 374 2412 μανθανειν]
423 2366 631 2411 μανθάνεις
677 2370 767 2404 Lob.

99 2415 200 2450 vind.
225 2415 264 2448 B.
290 2415 367 2449 Vat.
385 2414 434 2448 M.
460 2415 575 2449 λείπει
590 2413 657 2461 χρὴ
680 2429 702 2451 a
721 2429 764 2451 m.

100 2472 129 2495 s.
155 2472 231 2506 sup.
256 2461 360 2494 habet
386 2460 484 2496 Vind.
503 2461 544 2495 F.

144 2526 237 2572 μάλ’
249 2528 262 2572 ]
299 2527 400 2572 μάλα
432 2529 532 2564 Vind.
565 2530 640 2566 EF.
663 2531 767 2567 -Flor.

98 2575 308 2610 ACRTUV.
332 2575 454 2610 Stallb.

147 2619 298 2655 δίδασκέ
316 2623 378 2666 τε]
413 2618 628 2657 διδάσκεται
664 2622 767 2659 Vind.

100 2667 146 2701 F.
172 2680 193 2702 a
218 2680 262 2702 m.
287 2679 339 2713 pr.

56 2736 93 2778 Β
148 2733 283 2780 λέγεις]
321 2734 438 2781 λέγειν
471 2737 571 2772 Vind.
606 2737 652 2772 Ε.
687 2738 766 2773 Vat.

103 2781 149 2818 H.
171 2781 265 2817 Flor.
289 2783 363 2817 AC.
390 2787 444 2826 et,
468 2795 543 2830 sup.
568 2794 601 2829 σ,
626 2785 711 2820 Ven.
725 2785 766 2820 B.

813 1079 908 1114 Idem
939 1079 1024 1123 legit
1056 1077 1216 1112 Ficinus·
1259 1077 1417 1111 Adiicias
1445 1081 1481 1112 et

814 1128 877 1161 hoc
915 1132 1129 1170 practerea,
1163 1136 1247 1158 vera
1275 1125 1369 1168 loqui
1413 1135 1480 1165 eos,

815 1174 872 1218 qui
896 1174 1025 1206 dicunt.
1074 1151 1144 1205 Sed
1171 1167 1230 1205 ὅτι
1263 1182 1338 1203 cum
1369 1169 1482 1203 infini-

813 1219 885 1252 tivo
911 1222 1004 1251 stare
1029 1218 1062 1252 h.
1086 1217 1110 1253 l
1143 1229 1209 1251 non
1232 1220 1359 1261 potest.
1406 1216 1483 1250 Ne-

813 1277 880 1309 que
899 1276 981 1298 vero
1006 1262 1120 1307 λέγεις
1143 1275 1246 1308 quum
1270 1263 1484 1317 praeceden-

814 1311 896 1343 tium
921 1322 1063 1353 caussa,
1090 1313 1161 1342 tum
1185 1310 1227 1342 ob
1253 1320 1399 1353 sequens
1423 1306 1483 1342 κε’-

816 1358 896 1390 λευε
921 1360 1014 1389 stane
1039 1336 1139 1401 p'osse
1161 1355 1307 1396 xidetur,
1335 1355 1483 1400 ideoque

816 1400 911 1446 λέγει
934 1414 955 1435 a
974 1403 1147 1447 Stephano
1172 1402 1205 1435 in
1221 1401 1373 1445 margine
1391 1413 1485 1434 com-

815 1449 1007 1483 mendatum
1052 1448 1199 1492 primum
1237 1449 1280 1481 ab
1313 1447 1410 1481 Astio
1447 1447 1483 1482 iu

815 1507 884 1529 sec.
909 1495 1059 1528 deinde'
1051 1506 1084 1527 in
1108 1494 1187 1528 Pa1.
1205 1494 1246 1527 D.
1270 1493 1442 1528 inventum
1462 1505 1485 1528 a

816 1541 972 1576 Bekkero
997 1543 1032 1574 et
1056 1539 1277 1574 Stallbaumio
1307 1544 1484 1585 receptum

816 1593 889 1629 est3
924 1598 1069 1631 quorum
1092 1587 1218 1619 nullum
1243 1586 1276 1619 in
1300 1586 1371 1627 his,
1395 1598 1484 1632 quae

814 1634 902 1667 infra
923 1633 965 1666 D.
989 1633 1168 1687 leguntur,
1201 1631 1264 1666 καὶ
1291 1629 1358 1676 ἐγώ
1381 1642 1485 1666 συνε-

814 1677 966 1724 χώρησα
996 1675 1122 1723 ἀληθῆ
1151 1689 1188 1712 σε
1212 1676 1349 1722 λέγειν,
1375 1679 1485 1713 offen-

816 1726 910 1759 disse
932 1725 1059 1767 miror,
1091 1737 1178 1781 quae
1201 1725 1292 1758 haud
1317 1725 1417 1758 dubie
1440 1725 1485 1759 ad

814 1772 872 1806 illa
895 1783 928 1816 p.
953 1769 1032 1806 487.
1057 1771 1108 1804 E:
1144 1768 1297 1810 ἀκούοις
1325 1767 1395 1814 ἀν,
1422 1767 1486 1806 ὅτι

816 1816 938 1861 ε’μοιγε
966 1817 1169 1861 φαίνονται
1192 1814 1341 1861 τάληθῆ
1367 1816 1483 1861 λέγειν

817 1864 1018 1906 reserenda,
1048 1864 1075 1897 si
1099 1864 1272 1897 Adiinanti
1303 1875 1484 1908 peisonam

817 1910 943 1955 ubique
975 1911 1018 1944 ab
1052 1922 1112 1952 eo,
1158 1922 1256 1955 quem
1292 1909 1484 1955 loquentem

818 1957 922 1998 facit,
947 1962 1107 1990 accurate
1133 1956 1295 2001 distingui
1318 1957 1482 1998 volumus,

817 2015 882 2047 pro
916 2002 1048 2036 vitiatis
1079 2003 1206 2036 habere
1237 2007 1289 2044 et,
1324 2002 1358 2036 id
1393 2002 1484 2048 quod

820 2048 1167 2082 Schleiermacherum
1200 2061 1265 2082 non
1298 2049 1407 2092 fugit,
1443 2058 1483 2083 σε

819 2095 854 2129 in
877 2105 916 2139 γε
940 2098 1072 2128 mutare
1107 2095 1279 2129 debemus.
1328 2095 1398 2129 Sed
1431 2095 1483 2128 di-

820 2140 1013 2185 stinguendi
1047 2141 1235 2175 necessitas
1274 2141 1365 2175 nulla
1398 2145 1487 2184 erat,

821 2199 923 2233 quum
946 2187 1145 2220 Adimantus
1169 2187 1259 2220 iliius
1284 2188 1486 2222 sententiam

820 2234 871 2268 ita
894 2235 1079 2274 retulisset,
1102 2237 1141 2266 ut
1163 2233 1236 2278 ipse
1252 2234 1386 2268 minime
1404 2234 1488 2267 alie-

821 2291 884 2314 nus
909 2280 951 2313 ab
977 2291 1018 2313 ea
1040 2279 1227 2314 videretur.
1276 2280 1398 2324 Itaque
1420 2281 1487 2314 So-

822 2331 936 2360 crates
969 2337 1035 2359 non
1069 2326 1239 2359 irridicule
1262 2330 1402 2371 praeter
1426 2337 1489 2360 ex-

821 2372 1067 2417 spectationem
1092 2384 1238 2416 persona
1261 2375 1392 2406 mutata
1415 2372 1490 2406 ani-

820 2429 910 2452 mum
934 2418 1006 2451 eius
1029 2422 1246 2463 perspectum
1269 2418 1333 2452 sibi
1356 2418 1487 2463 signifi-

822 2476 905 2498 cans
930 2465 1027 2498 dicas
1046 2465 1117 2506 illi,
1144 2464 1280 2508 inquit,
1314 2476 1432 2499 verum
1457 2469 1491 2500 te

804 2512 938 2545 'dicere
958 2511 1098 2544 inutiles
1125 2512 1232 2555 vulgo
1260 2512 1406 2554 optimos
1432 2523 1491 2545 eo-

822 2569 919 2599 rum,
953 2557 1011 2601 qm·
1037 2557 1348 2601 philosophantur,
1373 2558 1490 2592 dicem-

822 2608 902 2638 tem.

868 2645 947 2703 υφ’
971 2643 1118 2704 αυτοῦ]
1151 2644 1224 2681 υπ’
1256 2659 1385 2682 αυτων
1407 2648 1489 2682 Par.

822 2695 899 2729 DK.
924 2690 989 2727 ὑπ’
1011 2690 1133 2728 αὐτον
1154 2693 1254 2727 Vind.
1276 2695 1319 2730 Ε.
1344 2695 1436 2728 Μοιι.
1447 2695 1487 2728 Β.

824 2742 923 2784 (vat.
947 2740 991 2773 H.
1017 2741 1112 2774 Flor.
1137 2740 1298 2786 ACUV.)
1322 2752 1397 2776 cum
1417 2740 1488 2776 edi

824 2787 870 2822 tis
895 2790 976 2821 ante
1000 2786 1204 2821 Bekkerum.
