1807 3219
252 160 337 199 220

250 285 323 324 μα.

706 156 1183 200 l‘LATONIS

378 264 690 323 Ἀληθέστατοι,
721 267 818 322 ε’φη.
883 270 936 311 Τί
966 270 1058 319 δαί,-
1091 271 1137 312 οἰ
1163 270 1243 325 τὴν
1264 268 1431 327 ἡδονὴν
1464 268 1635 326 ἀγαθὸν

250 334 501 392 ὁριζόμενοι
539 338 636 389 μῶν
675 335 735 390 μή
773 352 814 377 τι
862 334 1092 388 ἐλάττονος
1129 337 1296 395 πλάνης
1335 339 1510 394 ἔμπλεοι
1547 343 1636 382 τῶν

252 403 432 458 ἕτέρωνς
464 402 493 459 ἢ
521 401 575 446 ov’
607 404 679 446 καὶ
711 397 835 446 οὗτοι
867 402 1187 459 ἀναγκάζονται
1218 404 1448 462 ὁμολογεῖν
1471 405 1637 463 ἡδονάς

250 476 364 514 εἰναι
393 471 552 522 κακάςς
591 471 785 537 Σφόδρα
814 487 872 527 γε.

933 474 1176 529 Ξυμβαίνει
1207 473 1259 531 δη
1294 473 1468 527 αὐτοῖς,
1502 474 1638 531 οἶμαι,

185 547 224 586 D
249 536 484 594 ὁμολογεῖν
515 535 667 595 ἀγαθὰ
695 538 806 583 εἶναι
835 541 908 584 καὶ
937 541 1052 585 κακὰ
1082 540 1236 585 ταύτά.
1269 538 1299 599 ἦ
1318 544 1420 599 γάρ,
1458 546 1508 587 Τί
1530 544 1639 600 μήνς

250 605 429 650 Οὐκοῦν
457 606 523 650 ὅτι
553 607 633 662 μὲν
663 607 843 662 μεγάλαι
873 610 947 652 καὶ
979 611 1135 653 πολλαὶ
1167 608 1512 668 ἀμφισβητήσεις
1542 613 1640 667 περὶ

247 675 412 727 αὐτοῦ,
444 674 667 731 φανερόνς
712 680 816 727 Πῶς
846 677 930 732 γὰρ
963 677 1042 728 ov'3
1089 680 1138 720 Τί
1171 679 1240 729 δές
1284 680 1381 723 τόδε
1413 679 1468 723 ου’
1500 697 1638 735 φανε-

247 740 350 796 ρὸν,
383 742 441 793 ὣς
472 746 621 788 δίκαια
650 761 728 800 μεν
757 746 830 788 καὶ
860 746 970 789 καλά
999 747 1152 790 πολλοὶ
1181 746 1239 789 ἀν
1270 748 1438 791 ἕλοιντο
1473 748 1526 792 τά
1557 752 1632 793 δο-

246 814 439 863 κοῦντα,
469 811 555 856 κᾶν
584 813 642 869 μὴ
675 809 726 869 ᾗ,
760 812 877 869 ὅμως
898 818 1037 858 ταῦτα
1061 815 1271 898 7πράττειν
1302 817 1376 860 καὶ
1400 822 1637 873 κεκτῆσθαι

247 879 321 921 καὶ
362 881 528 934 δοκεῖν,
586 880 734 937 ἀγαθὰ
779 882 824 925 δὲ
867 881 1017 926 οὐδενὶ
1058 884 1119 926 ε’τι
1159 881 1288 938 ἀρκεῖ
1322 884 1376 928 τά
1418 888 1637 930 δοκοῦντα

245 950 457 1002 κτᾶσθαι,
489 948 598 994 ἀλλὰ
626 950 681 994 τὰ
711 948 818 994 ὄντα
849 954 1049 1007 ζητοῦσι,
1091 951 1172 1008 τὴν
1202 951 1249 997 δὲ
1279 951 1413 1007 δόξαν
1443 954 1637 999 ἐνταῦθα

170 2374 208 2416 D

289 1116 545 1177 Ἀληθὲστατα]
563 1123 653 1157 Vera
669 1124 817 1168 loqueris
835 1123 907 1157 Fic.

295 1166 340 1199 Τί
363 1167 450 1200 δαί·
440 1169 474 1212 ,]
523 1169 579 1202 Ita
620 1169 700 1202 Par.
735 1172 776 1204 A.
815 1170 908 1204 Flor.

243 1212 348 1245 ACV.
374 1215 464 1257 quod
488 1215 565 1247 huic
583 1215 657 1248 loco
674 1215 773 1250 valde
793 1219 909 1260 aptum

244 1270 320 1291 cum
345 1260 569 1294 Stal'tbaumio
600 1261 633 1293 in
667 1264 907 1305 sec.w11gato

242 1304 280 1337 τί
299 1302 342 1338 δέ
361 1307 517 1349 praetuli.
565 1307 602 1340 τί
631 1305 675 1350 δὴ
702 1308 795 1342 Μοιι.
817 1309 858 1342 Β.

285 1352 389 1405 μῶν]
415 1351 490 1396 μὴν
516 1353 616 1386 Vind.
642 1354 686 1386 F.

285 1395 336 1440 μή
353 1399 418 1451 τι]
444 1397 494 1442 μή
510 1411 569 1433 τοι
588 1399 687 1434 Vind.
704 1400 747 1433 Ε.

286 1441 452 1490 πλάνης]
487 1446 521 1479 in
553 1457 597 1479 m.
631 1458 652 1479 a
682 1458 726 1480 m.
751 1458 778 1480 5.
803 1446 908 1480 habet

240 1489 334 1523 Mon.
360 1491 398 1523 B.

289 1534 450 1580 ἔμπλεοι]
477 1535 617 1579 ἔμπλεα)
638 1537 723 1571 Lob.
750 1538 849 1573 Vind.
866 1539 907 1575 B.

240 1583 320 1618 Vat.
345 1583 393 1616 M.
419 1581 564 1616 ἕκπλεοι
588 1583 688 1617 Vind.
716 1585 756 1619 F.

287 1626 445 1673 ἑτέρων]
473 1626 629 1673 ἑταίρων
654 1630 754 1664 Vind.
769 1631 809 1664 Ε.
830 1632 911 1665 Vat.

286 1716 332 1763 ἢ]
358 1715 384 1764 ἦ
409 1721 493 1755 Lob.
521 1721 556 1755 εἰ
577 1722 679 1757 Vind.
705 1723 748 1757 Ε.

289 1764 356 1811 ov]
383 1781 447 1801 om.
471 1768 556 1802 Lob.
592 1769 693 1803 Vind.
720 1769 794 1802 ΒΕ.
828 1769 908 1805 vat.

240 1813 325 1846 HM.
353 1810 411 1847 οὕ.
431 1814 505 1847 Ald.
534 1810 601 1854 οἴ,
596 1816 697 1849 ·Bas.
717 1816 772 1849 ab.
793 1827 907 1850 omnes

240 1872 317 1892 cum
342 1865 505 1893 commate
530 1841 608 1904 pos't
633 1858 778 1903 ετέρων.

287 1902 431 1949 ἡδονὰς
443 1902 706 1951 -ὁμολογεῖν]
730 1920 794 1941 om.
807 1908 907 1942 Vind.

288 1997 515 2044 Ξυμβοιίνει]
547 1999 755 2044 Συμβαίνει
784 2001 905 2045 Steph.

240 2056 262 2078 a
285 2057 351 2089 quo
378 2047 555 2079 Bekkerus
578 2047 657 2079 Par.
684 2047 722 2079 A.
749 2047 842 2080 Mon.
862 2048 902 2082 B.

238 2091 419 2125 dissentire
443 2104 507 2125 non
533 2093 691 2125 ostendit.
716 2093 786 2125 Sed
809 2093 904 2128 Mon.

238 2137 280 2171 Β.
306 2150 379 2170 cum
404 2138 541 2182 reliquis
565 2139 669 2172 habet
693 2138 721 2179 ξ.
773 2139 904 2174 Contra

238 2184 281 2217 de
305 2184 383 2217 Par.
408 2184 453 2218 K.
477 2189 594 2218 tacent
616 2185 800 2228 Bipontini.

284 2226 412 2272 οἶμαι]
445 2243 509 2264 om.
542 2231 622 2264 Par.
648 2231 692 2265 K.
727 2231 824 2265 Flor.
856 2231 901 2264 R.

237 2279 317 2309 ante
341 2273 473 2316 αὐτοῖς
497 2276 641 2321 positum
664 2280 716 2311 est
742 2277 777 2310 in
800 2277 901 2313 Vind.

282 2365 405 2411 κακὰ]
431 2364 527 2401 nocto}
551 2367 654 2403 Vind.
679 2369 723 2402 F.

283 2411 427 2458 ταύτά]
464 2414 587 2447 ταῦτα
610 2415 696 2448 Lob.
731 2415 831 2449 Vind.
856 2416 897 2452 B.

233 2457 406 2505 vde-aiv&
431 2460 533 2493 Vind.
559 2461 603 2494 F.
627 2461 722 2494 Flor.
740 2462 781 2494 R.

279 2505 328 2550 ή]
372 2502 395 2549 ἢ
429 2506 531 2542 Vind.
555 2507 596 2540 F.
632 2510 668 2540 et
702 2507 782 2540 editi
820 2511 899 2542 ante

233 2552 321 2586 Astii
342 2563 411 2586 sec.

283 2598 329 2631 Τί
348 2595 412 2638 δέ,·
433 2617 480 2622 --
498 2595 620 2641 καλὰ]
648 2611 712 2632 om.
739 2598 839 2634 vind.
852 2600 896 2634 F.

237 2644 283 2678 Τί
316 2641 355 2677 δὲ
385 2641 473 2678 τόδε
512 2648 576 2677 etc.
609 2644 688 2678 Ald.
727 2645 808 2679 Bas.
841 2647 895 2680 ab.

232 2702 322 2735 quae
356 2693 501 2735 utraque
536 2695 616 2733 post
647 2690 813 2735 φανερὸν
849 2693 896 2725 5ἰ-

233 2748 332 2780 gnum
364 2736 594 2780 interiogandi
618 2737 732 2770 habet.
773 2751 808 2771 τι
833 2737 896 2772 δαὶ

233 2786 298 2815 ete.
340 2764 771 2817 Vat.H.‘'F·101.ACV.
806 2785 894 2829 quod

234 2828 475 2862 Stullbaumius
516 2829 548 2862 in
584 2840 620 2863 se
625 2843 652 2862 c.
692 2830 823 2864 ascivit.
852 2849 897 2855 —-

965 1123 1152 1158 Proclusl.
1178 1136 1208 1159 c.
1232 1135 1268 1168 p.
1292 1124 1383 1159 426:
1409 1123 1472 1158 καὶ
1497 1123 1545 1170 δὴ
1570 1125 1634 1160 καὶ

967 1166 1085 1209 αὐτὸς
1113 1168 1280 1212 ἐδίδαξεν
1311 1169 1530 1227 ἐπαγαγών,
1575 1168 1635 1206 ὅτι

966 1216 1095 1249 δίκαια
1121 1229 1187 1260 μεν
1217 1216 1280 1250 καὶ
1301 1216 1395 1250 καλὰ
1425 1216 1555 1251 πολλοὶ
1585 1214 1633 1252 ὃὶν

966 1259 1108 1296 ἕλοιντο
1136 1262 1199 1296 και
1227 1276 1273 1296 τα
1297 1263 1486 1297 δοκοῦντα
1509 1265 1633 1320 κεκτῆ-

967 1310 1082 1351 σθαι,
1125 1306 1255 1353 ἀγαθὰ
1294 1307 1334 1342 δε
1372 1307 1500 1344 ον’δενὶ
1530 1307 1638 1366 αρκεῖ

964 1352 1013 1387 τὰ
1035 1355 1221 1389 δοκοῦντα
1252 1356 1438 1400 κτᾶσθαι,
1465 1353 1560 1390 dm&
1585 1354 1633 1390 τὰ

967 1396 1061 1435 ὄντα
1079 1402 1264 1450 ζητοῦσιν.

1011 1471 1073 1492 και
1100 1458 1217 1504 καλὰ]
1252 1458 1315 1494 καὶ
1339 1460 1402 1496 int.
1427 1472 1517 1495 vers.
1543 1472 1563 1494 a
1587 1473 1632 1494 m.

964 1515 992 1538 s·
1017 1505 1120 1538 habet
1145 1506 1238 1539 Mon.
1257 1507 1297 1540 B.

1010 1557 1081 1596 κᾶν
1102 1561 1151 1607 μὴ
1172 1557 1223 1620 ᾖ]
1260 1564 1315 1596 Ita
1346 1564 1431 1597 Lob.
1467 1564 1567 1599 Vind.
1591 1565 1633 1599 B.

970 1609 1048 1642 Vat.
1073 1610 1152 1642 ΒΜ.
1178 1607 1248 1643 κᾶν
1265 1608 1314 1654 μὴ
1340 1609 1395 1653 εἴη
1418 1609 1540 1654 reliqui
1561 1623 1635 1644 cum

971 1655 1176 1689 editionibus
1223 1660 1303 1689 ante
1346 1656 1433 1689 Astii
1466 1667 1533 1688 sec.
1579 1657 1636 1710 qui

967 1696 1038 1734 κᾶν
1060 1701 1095 1734 εἰ
1115 1700 1163 1745 μὴ
1188 1701 1243 1754 ειη
1265 1702 1307 1735 de
1332 1702 1527 1735 coniectura
1551 1702 1635 1735 scri-

967 1747 1033 1789 psit
1064 1747 1165 1791 idque
1198 1749 1232 1781 in
1273 1751 1353 1782 te1t.
1387 1748 1509 1781 tenuit.
1558 1748 1634 1782 Nec

968 1793 1067 1826 aliter
1099 1794 1340 1827 Stallbautnius
1369 1794 1404 1827 in
1434 1806 1488 1838 pr.
1536 1794 1630 1828 Idem

964 1839 998 1872 in
1023 1850 1090 1872 sec.
1114 1852 1188 1873 cum
1212 1841 1369 1874 Bekkero
1383 1840 1629 1874 coniunctivum

962 1886 1104 1930 recepit.

1010 1944 1154 1988 ταῦτα]
1180 1942 1298 1977 favvo}
1322 1945 1415 1978 Mon.
1441 1944 1482 1978 Β.
1509 1944 1569 1989 qui
1594 1944 1627 1978 in

963 1990 1240 2023 antecedentibus
1273 2002 1403 2024 comma
1441 2001 1506 2024 non
1549 1994 1627 2035 post

963 2035 1040 2079 εἴη,
1077 2037 1137 2070 sed
1162 2042 1239 2080 post
1265 2032 1363 2079 ὅμως
1387 2037 1502 2070 habet.

1007 2105 1070 2127 και
1099 2094 1326 2138 κεκτῆσθαι]
1361 2092 1425 2127 καὶ
1456 2106 1523 2128 om.
1545 2095 1625 2129 vat.

1006 2183 1068 2218 καὶ
1088 2185 1225 2229 δοκεῖν]
1252 2190 1286 2220 et
1305 2186 1417 2219 videri
1436 2186 1626 2219 hominibus

959 2232 1045 2265 haec
1068 2232 1193 2265 habere
1217 2232 1293 2265 Fic.
1319 2231 1446 2272 Quidni
1471 2232 1625 2265 absolute

959 2277 1086 2311 dictum
1110 2289 1298 2310 sumamus·
1325 2284 1358 2311 et
1378 2279 1520 2321 speciem
1535 2290 1624 2322 prae

958 2335 994 2357 se
1012 2324 1138 2366 ferre?
1188 2324 1293 2357 Certe
1317 2324 1405 2357 Astii
1430 2323 1624 2358 coniectura

959 2368 1023 2404 καὶ
1043 2367 1188 2403 διώκειν
1210 2369 1290 2402 nihil
1313 2381 1397 2414 opus
1419 2373 1481 2403 est.

1006 2412 1060 2460 δε]
1088 2429 1154 2451 om.
1173 2415 1274 2452 Vind.
1293 2416 1338 2449 E.
1363 2418 1443 2450 Vat.
1454 2416 1498 2449 H.
1524 2416 1621 2450 Flor

1004 2505 1154 2551 ον’δενὶ]
1193 2503 1306 2541 ου’δὲν
1330 2507 1431 2543 Vind.
1456 2508 1498 2540 Ε.
1533 2507 1619 2552 Ang.

955 2555 996 2588 Β.
1022 2555 1115 2589 Flor.
1134 2555 1176 2587 R.

1001 2600 1188 2643 κτᾶσθαι]
1236 2600 1402 2643 χρᾶσθαι
1451 2600 1530 2636 Par.
1574 2600 1617 2634 D.

952 2647 1115 2691 χρῆσθαι
1138 2647 1218 2679 Par.
1244 2646 1287 2679 K.

999 2693 1172 2746 ζητοῦσι]
1198 2704 1311 2726 omncs
1329 2698 1497 2737 quaeruut
1516 2691 1593 2725 Εἰς.

1000 2735 1096 2794 ἤδη]
1126 2751 1188 2772 om
1218 2738 1318 2771 idem.

1002 2782 1196 2826 ἀτιμάζεις
1208 2781 1423 2828 ]οι’τιμάζει.
1450 2784 1523 2818 Ald.

1000 2829 1120 2876 μάλα]
1147 2831 1293 2865 maxime
1312 2832 1447 2877 quidem
1470 2829 1546 2864 Fic.
