1807 3219
196 2362 232 2404 B

257 94 343 135 328

713 90 1194 134 PLATONIS

259 201 388 246 Ἀλλὰ
419 204 506 259 μὴν
535 201 682 259 ἔμοιγ’,
721 203 830 259 ἔφη,
878 201 932 245 τά
970 217 1018 257 γε
1056 199 1185 252 ἄλλα,
1225 201 1423 265 καθόσον
1452 203 1644 260 δύναμαι

260 269 467 323 ἕπεσθαι,
506 271 721 321 ξυνδοκεῖ.
756 267 818 313 ³H
839 271 912 314 καὶ
942 269 1217 314 διαλεκτικὸν
1245 275 1389 322 καλεῖς
1413 270 1491 316 τόν
1509 272 1644 328 λόγον

262 337 451 381 ἑκάστου
491 339 778 395 λαμβάνοντα
816 343 893 395 τῆς
931 336 1108 388 officinas-3
1168 338 1240 381 καὶ
1277 338 1354 381 τὸν
1383 339 1441 394 μὴ
1484 339 1650 395 ἔχοντα,

260 403 370 449 καθ’
404 405 512 450 ὅσον
542 406 600 450 ἂν
630 406 687 464 μή
722 408 794 465 ἔχῃ
824 406 959 462 λόγον
990 405 1109 464 αὐτῷ
1139 422 1182 449 τε
1214 406 1287 449 καὶ
1310 406 1432 465 ἄλλῳ
1457 408 1648 458 διδόναι,

260 472 372 516 κατὰ
401 478 617 519 τοσοῦτον
649 480 764 519 νοῦν
793 476 894 531 περὶ
925 475 1089 519 τούτου
1121 473 1174 518 οὐ
1199 474 1352 531 φήσεις
1383 476 1514 531 ἔχεινς
1545 480 1652 528 Πῶς

261 541 345 596 γὰρ
379 540 458 592 ἂν,
490 537 519 599 ἦ
551 543 596 587 δ’
628 542 699 597 ὃς,
729 546 889 600 φαίην;
925 542 1106 587 Ου’κοῦν
1135 543 1209 586 καὶ
1238 544 1337 597 περὶ
1366 548 1447 587 τοῦ
1473 542 1653 600 ἀγαθοῦ

264 606 496 661 ὡσαύτως·
528 610 576 662 ὃς
605 610 660 654 ἄν
689 611 746 669 μή
781 613 853 669 ἔχῃ
886 614 1166 666 διορίσασθαι
1199 615 1261 669 τῷ
1290 610 1404 670 λόγῳ
1443 611 1529 656 ἀπὸ
1561 617 1652 656 τῶν

262 675 409 720 ἄλλων
460 677 641 723 πάντων
701 679 884 737 ἀφελών
940 680 1021 738 τήν
1070 683 1152 723 τοῦ
1190 678 1363 736 ἀγαθοῦ
1417 681 1539 724 ἰδέαν
1576 682 1651 726 καὶ

260 824 353 858 nisse
386 824 538 869 videtur,
570 840 773 875 quamquam
806 841 925 864 versus

262 883 419 905 numerus
452 874 493 906 ad
527 870 617 908 ὅσον
652 876 686 909 in
721 888 837 910 comm.
865 877 926 910 ad-

262 917 410 961 scriptus
443 931 510 952 uno
543 921 650 954 minor
696 926 750 956 est
787 934 926 956 numero

263 962 356 1004 eius,
410 963 444 997 in
476 977 543 1010 quo
580 963 677 1001 ὅσων
710 968 745 1001 in
780 969 928 1002 editione

261 1008 400 1052 legitur,
424 1016 527 1055 atque
551 1024 699 1046 meorum
724 1017 758 1047 et
781 1015 928 1047 Floren—

261 1054 405 1088 tinorum
430 1057 581 1090 codicum
605 1060 747 1092 omnium
771 1060 805 1093 in
831 1056 929 1094 ὅσων

263 1112 445 1135 consensus
479 1104 708 1138 testimonium
748 1106 830 1139 illud
872 1119 927 1140 su-

263 1151 416 1191 spectum
450 1149 592 1183 reddere
626 1151 746 1195 possit.
793 1152 928 1185 Dictio-

263 1204 338 1226 nem
373 1193 482 1238 ipsam
513 1196 659 1240 scriptor
686 1198 927 1242 negligentius,

263 1250 362 1283 quam
409 1241 482 1272 sere
529 1242 616 1275 solet
657 1243 689 1276 in
732 1244 783 1277 his
817 1244 927 1287 libris,

262 1285 357 1317 velut
381 1297 422 1318 ex
447 1286 579 1321 duabus
613 1289 794 1323 conflatam
831 1291 927 1323 exhi-

263 1330 356 1368 buit,
382 1343 482 1376 quum
509 1338 568 1366 aut
594 1329 676 1368 ὅσοι
704 1334 740 1369 οὶ
771 1339 928 1380 παρελη-

262 1374 420 1416 λυθότες
444 1384 503 1411 aut
528 1375 626 1413 ὅσων
649 1379 698 1414 τὰ
723 1384 926 1426 παρεληλυ-

260 1420 364 1456 θότα
401 1435 461 1457 seu
492 1422 539 1458 τὰ
562 1424 727 1471 πρότερα
751 1428 929 1461 dicendum

259 1469 402 1511 fuisset,
437 1466 536 1504 ὅσων
568 1471 604 1505 οἱ
627 1472 927 1517 παρεληλυθότες

262 1515 404 1557 dicens,
437 1517 533 1560 quasi
566 1530 736 1553 sermones
770 1532 828 1554 eos
853 1533 927 1554 ser-

262 1572 394 1594 monum
418 1561 642 1607 impleverint.
694 1566 781 1599 Nam
806 1579 927 1601 nomen

262 1603 366 1650 λόγοι
391 1608 432 1641 ad
451 1609 753 1653 παρεληλυθότες
765 1613 928 1658 supplen—

263 1653 340 1687 dum
366 1654 408 1687 ob
432 1653 465 1687 id
490 1655 620 1700 ipsum,
645 1659 734 1702 quod
757 1670 799 1692 ex
823 1671 927 1703 supe-

261 1699 411 1732 rioribus
444 1703 663 1745 repetendum
690 1708 763 1746 est,
798 1705 929 1747 eadem,

262 1756 330 1790 qua
352 1745 420 1787 ibi,
455 1747 707 1791 significatione
732 1751 841 1795 accipi
867 1751 929 1784 de-

261 1791 332 1824 bet.
404 1792 485 1826 Non
519 1794 623 1828 multo
665 1801 780 1830 tamen
827 1796 929 1830 aliter

262 1837 304 1873 L.
329 1837 388 1872 VI.
421 1850 501 1883 pag.
526 1840 605 1874 490.
641 1842 682 1876 A.
717 1843 928 1887 opinionibus

262 1883 451 1927 opinionem
481 1884 612 1921 tribuit.
660 1888 842 1922 Sermones
866 1901 929 1922 au-

261 1932 332 1962 tem
356 1934 435 1963 ante
458 1931 593 1974 habiti,
616 1933 739 1978 quibus
764 1936 926 1969 Socrates

262 1987 351 2008 nunc
395 1977 595 2020 prolixiores
641 1980 731 2013 ciere
777 1984 927 2024 veretur,

261 2020 339 2054 libri
363 2022 450 2055 sexti
483 2025 691 2067 posteriores
723 2032 824 2069 sunt,
858 2039 926 2072 quo

261 2067 335 2101 loco
361 2067 544 2109 δοξαστὸν
567 2074 602 2104 et
625 2069 761 2115 νοητὸν
779 2074 814 2107 in
831 2073 929 2107 binas

262 2118 380 2158 partes
413 2115 566 2149 dividens
606 2117 807 2163 principium
843 2120 929 2152 divi-

262 2159 364 2192 dendi
389 2172 453 2194 non
479 2162 521 2194 ab
556 2162 632 2207 ipsa
656 2175 767 2198 rerum
792 2165 928 2199 illarum

262 2210 397 2247 natura,
422 2207 481 2240 sed
506 2219 527 2241 a
550 2209 684 2243 diversa
707 2210 847 2245 hominis
869 2223 927 2245 eas

261 2251 481 2296 percipientis
505 2257 540 2288 et
566 2257 800 2299 cognoscentis
819 2257 927 2292 actio-

262 2309 305 2331 ne
324 2298 486 2353 petierat.

311 2341 446 2388 ἔμοιγ’]
472 2342 592 2390 ἔμοιγε
617 2347 704 2381 Lob.

311 2386 428 2434 ἄλλα]
456 2388 548 2425 om&
573 2394 657 2428 Ven.
685 2394 723 2428 C.

307 2434 501 2480 καθόσον]
533 2436 622 2472 καθ’
650 2435 741 2474 ὅσον
766 2440 858 2474 Mon.
884 2441 925 2476 B.

303 2475 371 2525 Ἦ]
398 2477 420 2526 ἢ
445 2483 531 2518 Lob.
565 2485 665 2520 vind.
691 2487 795 2520 BEF.
830 2487 924 2521 Mon,

262 2526 302 2559 C.
329 2527 421 2561 Flor.
446 2530 582 2564 ACTV.

307 2572 391 2617 καὶ]
442 2587 505 2609 om.
539 2577 636 2611 vind.
669 2578 712 2612 F.
761 2581 846 2623 Ang.
884 2579 923 2613 B.

262 2620 355 2652 Flor.
383 2620 424 2654 R.

307 2664 537 2701 διαλεκτικὸν
564 2671 716 2714 καλεῖς]
755 2670 923 2705 διελεκτι-

261 2709 329 2745 κὰν
351 2715 474 2752 nausis
497 2714 573 2748 Ald.

306 2753 394 2791 καθ’
416 2754 527 2804 ὅσον]
552 2761 607 2795 Ita
630 2761 661 2794 h.
689 2762 710 2794 l.
736 2773 811 2795 cum
832 2762 924 2795 Mon.

983 830 1024 864 B.
1050 828 1262 863 scribendum
1286 829 1404 873 putavi
1444 841 1506 875 pro
1529 828 1649 865 καθό-

983 886 1071 918 σον,
1106 876 1187 921 quia
1211 875 1305 909 κατὰ
1327 875 1511 910 τοσοῦτον
1535 877 1648 922 sequi-

981 927 1052 955 tur.

1031 965 1128 1012 ἔχῃ]
1176 965 1247 1010 ἔχει
1281 968 1367 1002 Ven.
1403 967 1442 1002 C.
1491 968 1571 1003 Par.
1604 968 1648 1002 D.

986 1011 1061 1056 ἔχοι
1099 1014 1184 1048 Lol).
1232 1013 1326 1046 Mon.
1364 1014 1404 1046 B.
1453 1014 1533 1048 vat.
1568 1014 1647 1049 ΒΜ.

984 1059 1078 1092 Flor.
1103 1060 1148 1092 U.
1174 1064 1232 1100 et,
1257 1071 1331 1104 sup.
1358 1057 1440 1103 ἔχη,
1467 1060 1545 1093 Par.
1572 1061 1616 1095 K.

1032 1102 1159 1151 αὐτῷ]
1205 1101 1265 1139 αὖ.
1310 1106 1391 1138 Lob.
1438 1106 1538 1140 Vind.
1573 1107 1649 1141 EF.

986 1147 1114 1184 αὐτῶν
1139 1151 1240 1185 Vind.
1264 1151 1301 1185 B.
1328 1152 1420 1185 Mon.
1447 1153 1488 1187 C,

1032 1193 1143 1242 ἄλλῳ]
1172 1193 1291 1231 ἄλλων
1318 1198 1415 1231 Vind.
1429 1198 1468 1231 B.
1494 1199 1587 1233 Mon.
1609 1199 1649 1234 C.

985 1244 1065 1277 Vat.
1091 1244 1136 1277 H.
1161 1244 1259 1277 Flor.
1285 1244 1391 1278 ACV.

1031 1288 1127 1323 κατὰ
1149 1290 1345 1332 τοσοῦτον]
1363 1290 1537 1326 καταΐοσ.
1549 1291 1651 1326 Vind.

984 1335 1026 1414 g.
1050 1336 1142 1369 Mon.
1168 1337 1209 1369 B.
1247 1335 1343 1370 κατὰ
1364 1337 1524 1371 τοσοῦτο
1550 1337 1662 1373 vind.-

1018 1408 1140 1471 ·v075v]
1167 1419 1236 1461 οὖν
1260 1427 1346 1462 Lob.
1370 1428 1546 1463 Vat.BM.
1573 1429 1653 1463 Par.

984 1474 1062 1508 DK.
1090 1485 1157 1506 sec.
1183 1474 1293 1507 Bekk.
1317 1478 1353 1508 et
1388 1486 1408 1508 a
1444 1486 1488 1509 m.
1514 1486 1541 1509 s.
1568 1476 1653 1511 Ven.

985 1521 1175 1609 C.‹pczt¹⁷7v]
1213 1562 1259 1599 ου’
1287 1566 1405 1610 φαίην
1430 1567 1551 1620 Steph.
1576 1570 1653 1622 Ast.

983 1623 1139 1691 Ξέηιῗιῗνξτ.
1153 1613 1575 1703 Fiyc‘iiitiis?o‹{llliailllt1izlyniei1ti
1594 1615 1654 1692 gli-.-

985 1704 1175 1749 perioribus
1208 1706 1305 1738 illum
1334 1716 1413 1738 vcro
1442 1724 1485 1729 —
1512 1711 1654 1740 eatenus

984 1751 1256 1805 intelligentiqm
1294 1752 1386 1784 circa
1428 1751 1491 1784 hoc
1523 1752 1653 1805 ‘lquere

985 1796 1160 1885 ῗῖῗὲἒῖἒῖἷ
1185 1796 1653 1887 3ζῖἓ“ἓιῷἲ,ἒῗῗωηὼέἐῗῖῗ

985 1888 1097 1921 dicum
1122 1888 1265 1921 omnium
1289 1889 1462 1922 lectionem
1485 1890 1567 1929 πῶς
1577 1888 1648 1934 ’γὰρ

986 1930 1034 1968 ὂὶν
1063 1934 1180 1978 φαίην
1206 1935 1264 1968 illo
1295 1935 1395 1969 modo
1417 1935 1564 1970 reddere
1585 1949 1650 1981 po-

984 1984 1120 2065 ῐθιῖόν]
1147 2038 1213 2062 om,
1237 2025 1323 2070 Ang.
1349 2027 1390 2060 B.

1032 2068 1074 2112 ὃς
1107 2068 1154 2106 ἄν
1180 2092 1227 2097 -
1259 2069 1647 2117 ἑπικαταδαρθοὶνεινς

984 2118 1041 2162 1).]
1067 2118 1238 2163 excerpsit
1262 2119 1432 2153 Stobaeus
1457 2120 1519 2153 ecl.
1545 2120 1585 2154 L.
1601 2121 1649 2156 II.

985 2166 1141 2245 3218131550·
1165 2167 1223 2250 ἐξ·
1239 2165 1370 2256 Ρῗέθὲξ
1384 2167 1521 2245 ῑίςῇἓὲἓ·
1547 2167 1649 2203 ΟΜ·

1029 2255 1105 2301 μὴ]
1131 2254 1196 2301 μὲν
1220 2257 1305 2292 Lob.
1330 2259 1408 2292 Vat.
1435 2258 1483 2292 M.

1031 2302 1115 2348 ἔχῃ]
1144 2301 1219 2347 ἔχοι
1250 2304 1336 2338 Lob.
1371 2303 1465 2338 Mon.
1491 2305 1532 2340 B.
1564 2306 1646 2341 vat.

985 2349 1065 2383 ΒΜ.
1091 2350 1170 2384 Par.
1195 2350 1271 2382 DK.
1302 2361 1372 2385 sec.
1406 2351 1516 2384 Bekk.
1550 2352 1643 2386 Flor.

983 2394 1643 2487 U'offlgiagssgaffibdcmpiwafimMon.

983 2487 1103 2579 ΟΙτῷ]
1130 2546 1194 2567 om.
1218 2533 1316 2568 idem.

997 2622 1006 2635 e
1028 2577 1208 2636 παντων]
1227 2592 1291 2613 om.
1317 2581 1417 2615 vind.
1442 2582 1481 2615 F.
1505 2583 1590 2628 Aug.
1604 2583 1644 2617 B.

983 2627 1388 2716 απὲἔξῖἔνῗίῗῷελῶν
1422 2673 1518 2707 Stob.
1545 2676 1644 2710 Cant.

980 2718 1334 2808 ξτοὲζίἑοΙοᾸιιιᾞόἰΙέιοιῐο
1367 2723 1577 2765 spectantem
1602 2723 1644 2756 ad
