1807 3219
202 1196 241 1238 D

275 128 360 168 33⁰

723 125 1204 171 PLATONIS

274 252 388 287 νεινς
431 234 504 291 Νὴ
536 234 616 278 τόν
645 236 758 289 Δία,
803 230 832 291 ἦ
862 235 909 279 δ’
941 235 1011 291 ὃς,
1052 237 1229 294 σφόδρα
1264 255 1312 294 γε
1351 237 1494 282 πάντα
1521 242 1659 282 ταῦτα

274 305 417 362 φήσω.
448 302 574 347 Ἀλλά
605 302 693 359 μὴν
723 304 827 354 τούς
854 321 902 360 γε
933 310 1101 350 σαυτοῦ
1130 309 1292 358 παῖδας
1311 341 1323 360 ,
1355 306 1435 358 οὓς
1456 311 1519 364 τῷ
1542 306 1658 364 λόγῳ

271 372 448 428 τρέφεις
485 388 529 415 τε
559 372 634 414 καὶ
662 372 906 426 παιδεύεις,
955 375 996 416 εἴ
1020 390 1125 418 ποτε
1165 375 1277 431 ἔργῳ
1316 375 1519 430 τρέφοις,

1575 373 1660 419 οὐκ

271 439 328 483 ἂν
359 440 533 493 ἐάσαις,
574 439 633 490 ὥς
662 435 848 497 ἐγῷμαι,
889 439 1078 498 ἀλόγους
1107 443 1239 495 ὄντας
1269 443 1413 498 ὥσπερ
1454 443 1659 500 γραμμάς

270 508 490 566 ἄρχοντας
521 510 569 552 ἐν
596 512 653 566 τῇ
681 509 806 553 πόλει
835 512 1019 565 κυρίους
1048 516 1135 556 τῶν
1162 515 1378 569 μεγίστων
1407 510 1535 555 εἶναι.

1593 509 1660 555 Οὔ

269 579 353 634 γὰρ
386 574 493 630 οὖν,
525 578 621 634 ἔφη.
651 577 983 634 Νομοθετήσεις
1012 580 1067 636 δὴ
1095 578 1246 631 αὐτοῖς
1278 581 1438 637 ταύτης
1470 579 1658 636 μάλιστα

267 651 344 702 τῆς
389 648 589 697 παιδείας
629 644 1070 703 ἀντιλαμβάνεσθαι,
1129 648 1171 700 ἐξ
1207 644 1260 705 ἧς
1299 650 1464 707 ἐρωτᾷν
1502 665 1548 693 τε
1587 649 1662 692 καὶ

268 714 593 769 ἀποκρίνεσθαι
651 713 1046 770 ἐπιστημονέστατα
1093 713 1181 760 οἷοί
1224 716 1270 760 τ’
1308 717 1504 769 ἔσονταις

205 786 240 827 Ε
269 783 523 842 μοθετήσω,
555 784 666 841 ἔφη,
695 783 800 841 μετά
833 801 882 842 γε
915 788 1009 829 σοῦ.

268 956 368 989 Cant.
393 955 498 989 Heer.
526 954 652 1000 ἐξαγρε
640 954 744 991 ύσαι
767 957 840 991 cod.
855 957 936 991 Vat.

266 999 524 1057 ἐξα)ρευέσται
547 1006 692 1047 August.

304 1044 443 1092 ’Ἀιόου]
469 1045 567 1082 dibon
593 1049 675 1082 editi
701 1054 780 1082 ante
805 1048 936 1082 Astium

265 1099 303 1129 et
325 1095 361 1128 in
384 1096 536 1130 Stobaeo
562 1095 732 1129 canterus
771 1098 807 1128 et
842 1095 936 1129 Hee-

267 1141 392 1175 renius.

315 1184 696 1230 ἐπικαταδαρθοῖνειν]
714 1186 770 1220 Ita
787 1186 882 1222 Mon.
894 1188 934 1220 C.

266 1237 346 1268 ante
371 1245 459 1267 corr.
491 1231 808 1276 ἐπικαταδαρθεῖν
833 1234 932 1268 Stob.

265 1284 300 1313 et
325 1280 417 1314 Mon.
444 1279 485 1313 C.
511 1291 598 1312 corr.
626 1277 932 1323 ἐπικαταδαρθα-

261 1329 342 1360 νεῖν
376 1326 474 1359 Vind.
509 1325 548 1360 B.
597 1326 750 1359 Plotinus
784 1326 874 1360 Enn.
903 1327 931 1360 Ι.

260 1372 302 1406 L.
330 1372 426 1406 VIII.
461 1384 489 1405 c.
525 1373 578 1407 13.
605 1376 691 1405 extr.
723 1371 787 1405 καὶ
815 1370 932 1406 τοῦτο’

261 1416 337 1453 ἐστι
362 1417 404 1452 τὸ
437 1415 475 1451 ἐν
500 1414 598 1464 ᾅδου
622 1415 785 1453 ἐλθόντα
805 1415 933 1452 ἐπικα-

261 1465 482 1509 ταδαρθεῖν.

305 1534 402 1579 Δία]
438 1531 493 1569 δί’

258 1580 345 1615 ΗΜ.

302 1628 367 1682 γε]
392 1638 442 1670 γε,
468 1626 569 1660 Vind.
594 1626 638 1661 F.

256 1671 443 1753 Βέιῗάῖἶια]
470 1676 548 1752 ¹³3*
571 1672 806 1754 ἲῗυῗοὲιὲῑῗῗ
826 1672 925 1751 ‘3¹¹⁶

408 1732 460 1753 on.
596 1720 645 1752 at
871 1731 925 1754 en.

256 1765 329 1800 BC.
356 1766 432 1798 Par.
458 1765 502 1799 K.
526 1765 622 1798 Flor.
649 1765 722 1798 AC.

304 1809 438 1866 φήσαι]
466 1809 596 1855 φήσω,
620 1812 699 1846 Bas.
724 1811 759 1846 b.

302 1856 451 1901 τρέφεις
478 1858 539 1902 τε]
577 1868 617 1891 τε
652 1870 718 1892 om.
753 1857 855 1892 Vind.
878 1857 922 1892 Ε.

258 1903 351 1938 Μοιι
379 1904 419 1937 C.

303 1948 479 1994 τρέφοις]
519 1947 666 1994 τρέφεις
697 1961 776 1984 cum
800 1961 836 1984 οι
865 1961 923 1984 su-

258 2008 320 2053 per
344 2008 376 2030 ει
400 1996 501 2031 Vind.
527 1997 567 2029 F.

304 2040 444 2087 ἐάσαις]
470 2043 511 2076 In
535 2042 627 2076 Mon.
645 2042 688 2077 Β.
715 2054 728 2076 ι
751 2041 814 2077 int.
835 2054 924 2078 vers.

257 2090 414 2135 posittun.

526 1533 615 1569 Lob.
649 1533 747 1569 Vind.
771 1534 815 1570 E.
847 1535 927 1570 vat.

302 2152 425 2201 οἵσπερ
445 2155 629 2200 γραμμὰς]
656 2157 841 2191 Cornarius
857 2158 921 2193 ecl.

255 2216 290 2250 p.
317 2206 393 2238 101.
419 2216 470 2242 ως
491 2201 637 2247 Φρύγας
653 2203 792 2246 Μίδας,
812 2204 920 2238 Stall-

254 2250 408 2284 baumius
433 2245 556 2293 (ὅσπερ
585 2247 735 2293 γραφάς
765 2250 917 2283 scriben-

254 2297 354 2337 dum,
381 2296 494 2329 Astius
519 2294 687 2350 )ραμμᾲς
707 2297 838 2329 litteras
856 2308 917 2330 seu

253 2342 475 2388 scriptiones,
515 2355 603 2387 quae
635 2343 725 2375 vitae
750 2349 785 2375 et
810 2344 915 2376 ratio-

252 2389 305 2423 nis
330 2394 490 2433 expertes
514 2389 737 2433 interroganti
762 2388 842 2421 nihil
863 2401 916 2423 re-

251 2436 460 2478 spondeant,
485 2435 820 2468 Sehleiermacherus
844 2447 918 2469 ma-

251 2481 532 2523 thematicorum,
561 2482 703 2538 quippe
740 2478 916 2515 διάνοιαν

251 2532 404 2566 tantum,
451 2538 516 2561 non
554 2525 756 2572 ἐπιστήμην
787 2528 917 2561 haben-

250 2574 352 2615 tium,
385 2575 421 2606 at
444 2573 473 2606 si
499 2574 662 2607 rationem
687 2573 832 2607 reddere
855 2585 916 2608 ne-

250 2623 400 2699 fluant,
448 2620 492 2653 ad
538 2618 654 2662 δόξαν
687 2620 914 2655 delabentium

277 2676 400 2710 guras‚
433 2677 522 2710 quae
555 2673 590 2699 et
621 2667 717 2711 ipsae
746 2666 913 2701 rationem

250 2712 304 2745 sui
329 2711 472 2745 reddere
497 2724 640 2757 seseque
659 2712 829 2756 explicare
846 2724 913 2746 non

251 2757 403 2803 possint,
436 2758 546 2792 dictas
569 2762 744 2800 statuunt,
768 2769 911 2803 quorum

251 2803 334 2837 nihi}
366 2804 545 2848 probabile
582 2804 728 2840 videtur.
787 2805 912 2838 Veram

1562 720 1658 760 No-

1052 779 1140 841 μ’Ἆρ’
1172 781 1255 829 οὖν
1281 787 1403 830 δοκεῖ
1426 797 1511 840 σοι,
1544 785 1658 842 ἔφην

1166 866 1178 889 9

991 953 1308 1002 interpretationem
1339 958 1437 1001 petas
1469 956 1513 990 ab
1539 955 1657 990 Eucli-

992 1003 1055 1043 de,
1083 1003 1140 1047 qui
1163 1003 1250 1036 libro
1275 1014 1335 1036 suo
1359 1003 1489 1036 decium
1513 1003 1574 1035 has
1590 1002 1656 1035 de-

991 1048 1161 1082 finitiones
1178 1049 1419 1103 praeposuit:
1469 1048 1655 1082 καλείσθω

993 1106 1064 1128 ουν
1074 1091 1116 1150 ἦ
1149 1091 1216 1138 μὲν
1252 1096 1481 1148 προτεθεῖσα
1520 1090 1656 1128 ευθεῖα

993 1138 1086 1184 ῥητὴ
1104 1167 1113 1184 ,
1146 1141 1210 1179 καὶ
1240 1140 1278 1174 αὶ
1311 1139 1429 1185 ταύτῃ
1457 1138 1656 1183 σύμμετροι.

993 1186 1065 1220 εἴτε
1095 1184 1201 1230 μήκει
1230 1186 1294 1221 καὶ
1321 1186 1476 1230 δυνάμει
1503 1187 1574 1220 εἴτε
1594 1187 1656 1220 δυ-

990 1231 1101 1287 ναμει
1124 1231 1243 1276 μόνον
1251 1232 1395 1288 ῥηταί·
1421 1233 1461 1267 αὶ
1481 1232 1518 1267 δὲ
1538 1245 1656 1278 ταυτῃ

988 1276 1218 1322 α’σύμμετροι
1244 1276 1267 1312 ἅ
1282 1281 1354 1312 λο
1345 1291 1422 1322 γοι
1453 1280 1654 1313 καλείσθω-

990 1335 1070 1360 σαν.
1094 1325 1157 1359 καὶ
1178 1338 1222 1360 το
1249 1337 1316 1366 μεν
1334 1323 1412 1360 α’πὸ
1427 1325 1499 1380 τῆς
1525 1336 1654 1369 προτε·

987 1372 1118 1426 θείσης
1148 1357 1302 1411 εὐθείας
1326 1369 1559 1415 τετράγωνον
1592 1370 1655 1415 ῥη-

987 1414 1068 1472 τον,
1093 1417 1156 1451 καὶ
1175 1416 1223 1451 τὰ
1243 1415 1368 1473 τούτῳ
1385 1428 1574 1461 σνμμετρα
1577 1430 1655 1473 ρη-

987 1462 1050 1508 τὰ,
1076 1462 1122 1497 τὰ
1141 1462 1180 1498 δε
1200 1462 1323 1510 τούτῳ
1342 1454 1559 1521 α’σύμμετρα
1570 1460 1656 1498 ἄλο·

985 1522 1036 1565 γα
1056 1511 1260 1554 καλείσθω,
1293 1510 1357 1544 καὶ
1383 1510 1423 1544 αἱ
1451 1508 1657 1554 δυνάμεναι

985 1553 1082 1591 αὐτὸ
1111 1553 1221 1590 ἄλο
1212 1568 1297 1600 γοι.

1029 1603 1205 1647 κυρίους]
1236 1603 1372 1647 κυρίως
1402 1602 1484 1636 Par.
1509 1602 1556 1636 K.
1582 1614 1650 1637 sec.

982 1649 1093 1683 Bekk.

1033 1693 1092 1730 Ου’
1111 1693 1182 1750 γὰρ
1206 1687 1300 1738 ου’ν]
1328 1690 1521 1738 ου’γαροῦν
1544 1694 1631 1729 Lob.

980 1741 1074 1823 ιωΙηδ
1090 1742 1104 1784 ]
1137 1738 1177 1775 δὲ
1203 1741 1300 1774 Vind.
1326 1742 1368 1776 B.
1402 1745 1460 1784 et,
1490 1745 1531 1774 ut
1560 1740 1651 1775 vide-

1046 1755 1177 1830 ,ηΜοῐι.
1201 1787 1241 1821 C.

980 1792 1190 1878 ιταύτης]
1219 1845 1285 1868 om.
1313 1832 1410 1867 Vind.
1434 1833 1477 1867 F.
1502 1832 1648 1877 Ang.B.

979 1880 1075 1914 Flor.
1100 1881 1142 1914 R.

1026 1924 1064 1968 ἐξ
1084 1921 1157 1983 ἧς]
1185 1924 1270 1968 εξῆς
1294 1924 1395 1959 Vind.
1420 1923 1463 1960 F.

1028 1976 1103 2007 οἱοι
1123 1986 1144 2006 τ
1165 1974 1178 2016 ]
1205 1970 1281 2005 οἶοί
1299 1982 1338 2005 τε
1362 1970 1449 2005 Lob.

1022 2036 1159 2086 Αρἰἰ]
1185 2039 1320 2075 'Vind.
1345 2040 1386 2076 F.
1421 2040 1519 2074 Haec
1537 2049 1689 2090 usqueE

980 2088 1024 2122 ad
1055 2054 1310 2132 μαθημάτων,
1336 2087 1415 2121 535.
1450 2087 1490 2120 Α.
1524 2097 1645 2120 excer-

978 2135 1047 2180 psit
1071 2135 1244 2168 Stobaeus
1269 2133 1331 2168 ecl.
1357 2132 1399 2167 L.
1423 2132 1470 2168 II.
1504 2144 1539 2178 p.
1567 2134 1641 2168 157

979 2182 1081 2215 Cant.

1023 2227 1100 2271 σοι]
1127 2236 1186 2260 σοι
1205 2221 1329 2269 ὥσπερ
1356 2225 1435 2259 Vat.
1458 2224 1506 2261 H.

1020 2292 1190 2339 θριγκὸς]
1215 2294 1370 2338 θρί)κος
1394 2294 1479 2327 Ven.
1494 2292 1535 2326 C.
1556 2294 1640 2336 Ang.

973 2343 1013 2376 B.
1051 2342 1160 2386 (Flor.
1188 2341 1248 2385 V.)
1283 2342 1388 2384 θρι))
1389 2337 1441 2378 ὸς
1475 2339 1574 2372 Vind.
1600 2339 1642 2373 Ε.

975 2389 1069 2422 Μοιι.
1095 2388 1134 2421 Β.
1159 2388 1240 2422 vat.
1264 2387 1314 2420 M.
1341 2387 1434 2420 Flor.
1458 2385 1504 2420 U.
1536 2385 1643 2429 θρίγ-

973 2447 1038 2478 γος
1062 2434 1161 2469 Vind.
1182 2433 1224 2467 F.
1258 2433 1357 2466 Stob.
1383 2431 1457 2466 cod.
1491 2433 1579 2475 Aug.
1607 2434 1643 2465 et

974 2482 1053 2515 Vat.
1102 2479 1265 2513 Alcinous
1296 2479 1385 2522 isag.
1420 2490 1450 2512 c.
1474 2479 1521 2512 7:
1561 2475 1641 2512 ἐπεὶ

974 2525 1015 2561 δὲ
1034 2523 1057 2570 ἢ
1077 2522 1298 2580 διαλεκτικὴ
1308 2521 1551 2580 ἰσχυρότατον
1564 2524 1641 2557 τῶν

970 2569 1228 2617 μαθημάτων,
1272 2566 1337 2604 α’τε
1369 2569 1433 2603 καὶ
1462 2568 1546 2623 περὶ
1590 2569 1638 2604 τὰ

970 2621 1062 2653 θεῖα
1090 2616 1154 2652 καὶ
1165 2597 1327 2676 βέβαιαί
1342 2613 1539 2659 γινομένη,
1573 2615 1638 2650 διὰ

970 2666 1084 2699 τοῦτο
1113 2663 1178 2698 καὶ
1205 2674 1381 2716 ανωτερω
1405 2662 1483 2695 τῶν
1514 2664 1638 2706 μαθη-

968 2710 1098 2767 μάτων
1116 2708 1311 2753 τάττεται,
1316 2705 1461 2765 ω’σπερ
1481 2707 1638 2763 θριγγός

969 2770 1025 2798 τις
1056 2754 1278 2801 υπάρχουσα
1310 2750 1334 2799 ἢ
1376 2751 1522 2798 φυλακή
1562 2756 1639 2789 τῶν

969 2805 1122 2840 λοιπῶν.
1168 2801 1342 2837 Proclus
1334 2813 1369 2835 ιιι
1391 2801 1502 2835 Parm.
1528 2802 1575 2837 Τ,
1593 2803 1634 2837 V.
