1807 3219
292 157 350 197 74

748 147 1227 194 PLATONIS

294 261 484 315 οἰκέτας,
507 259 730 318 ταμιεύειν
749 260 1034 315 παραδόντες,
1064 261 1147 306 ὅσα
1176 261 1234 314 τέ,
1265 257 1301 305 ὦ
1330 262 1449 318 φίλε,
1478 261 1576 317 περὶ
1598 260 1680 305 αὕ-

291 333 344 375 τα
376 331 449 374 καὶ
481 328 553 374 οἶα
582 330 823 385 πάσχουσι,
859 330 971 387 δῆλά
997 347 1043 374 τε
1080 330 1133 386 δή
1172 330 1246 374 καὶ
1286 328 1446 385 ἀγεννῆ
1486 331 1559 373 καὶ
1597 328 1680 374 οὐκ

228 402 269 445 D
297 398 396 452 ἄξια
425 397 579 454 λέγειν.
635 403 763 455 Δῆλα
791 397 900 454 γάρ,
941 399 1048 455 ἔφη,
1087 399 1161 443 καὶ
1189 402 1354 457 τυφλῷ.

1417 397 1606 441 Πάντων
1635 414 1680 442 τε

293 467 346 524 δὴ
386 466 558 511 τούτων
598 467 921 520 ἀπαλλάξονται
967 466 1148 523 ζήσουσί
1198 483 1241 510 τε
1283 471 1364 510 τοῦ
1403 469 1681 523 μακαριστοῦ

291 538 422 594 βίου,
473 535 527 579 ὃν
571 538 614 580 οἱ
649 535 980 592 Ὀλυμπιονῖκαι
1017 540 1147 589 ζῶσι,
1189 535 1528 591 μακαριώτερον.
1583 538 1681 590 1115,-

291 603 379 648 Διά
413 603 600 660 σμικρόν
631 621 720 649 που
750 605 883 661 μέρος
913 603 1290 661 εὐδαιμονίζονται
1307 605 1466 648 ἐκεῖνοι
1490 598 1554 646 ὧν
1577 602 1683 647 τού-

290 690 385 725 τοις
412 671 614 730 ὑπάρχει.
644 671 675 730 ἥ
703 689 748 716 τε
776 673 861 729 γαρ
892 675 1028 717 τῶνδε
1059 674 1158 729 νίκη
1189 675 1396 726 καλλίων,
1426 672 1456 729 ἥ
1481 671 1514 715 τ’
1532 671 1580 715 ἐκ
1600 674 1681 714 τοῦ

291 743 508 800 δημοσίου
538 741 681 800 τροφὴ
711 742 954 799 τελεωτέρα.
985 743 1113 799 νίκην
1141 758 1186 785 τε
1215 741 1299 798 γαρ
1332 743 1487 786 νικῶσι
1513 740 1753 797 &vinnai-463

337 889 510 936 οικέτας]
535 892 716 935 γυναῖκας
738 891 838 925 Vind.
864 892 907 925 D.

335 937 525 981 ταμιεύειν
550 936 806 992 παραδόντες]
834 949 955 982 παρα-

289 982 459 1024 διδόντες
474 983 672 1037 ταμιεύειν
697 985 794 1017 Stob.
815 985 888 1018 cod.
912 986 952 1018 A.

337 1028 422 1075 οἶα]
458 1026 530 1064 ὅσα
562 1031 648 1064 Lob.
681 1031 778 1063 Vind.
804 1031 844 1064 B.
878 1031 957 1064 vat.

288 1077 367 1110 ΒΜ.
396 1078 477 1110 Ven.
506 1077 546 1110 C.
569 1077 646 1109 Par.
667 1076 743 1110 DK.
766 1078 849 1111 Bas.
874 1077 907 1109 b.

335 1120 433 1167 δῆλά
458 1133 497 1156 τε
523 1121 562 1156 δ“
546 1123 586 1166 η]
611 1123 665 1155 Ita
689 1123 768 1157 Par.
786 1125 826 1156 A.
854 1123 953 1156 Vind.

287 1169 330 1203 D.
352 1170 488 1213 AngB.
513 1169 591 1201 Vat.
607 1169 650 1202 H.
676 1169 950 1202 Flo1·.ACR'rV.

287 1215 479 1249 Bekkerus.
527 1213 623 1259 δῆλά
655 1226 693 1248 τε
741 1215 840 1248 Vind.
879 1215 953 1250 EF.

290 1262 375 1296 Ven.
411 1262 451 1295 C.
491 1261 570 1294 Par.
602 1261 643 1293 D.
685 1261 782 1294 Stob.
836 1259 951 1304 δεῖλοὶ,

286 1319 362 1352 sup.
390 1308 505 1351 δῆλα,
531 1318 570 1340 τε
600 1307 682 1342 Par.
705 1307 748 1340 K.
783 1305 888 1341 δειλοί
911 1318 951 1341 τε

285 1353 407 1398 reliqui
440 1353 593 1394 codices,
629 1365 746 1397 margo
783 1354 880 1387 Vind.
904 1354 950 1387 D.

284 1400 362 1434 Ald.
388 1400 466 1433 Bas.
492 1401 546 1433 ab.
580 1379 701 1455 ’Steph.
738 1400 811 1434 Ast.
837 1411 887 1444 pr.
915 1404 951 1434 et

285 1458 354 1480 sec.
393 1443 495 1479 δειλά
520 1457 559 1479 τε
584 1444 629 1489 δὴ
657 1445 772 1479 Astius
800 1446 836 1478 in
867 1450 948 1479 tert.

285 1493 339 1526 ed.
365 1497 400 1525 et
434 1492 688 1525 Stallbaumius.
721 1498 754 1525 et
785 1493 862 1536 ipsa
886 1504 951 1536 per

284 1551 320 1572 se
342 1539 460 1582 cuique
478 1543 603 1582 patent
627 1538 699 1570 Fic.
747 1538 888 1571 Duabus
908 1539 950 1571 de

285 1585 414 1618 caussis
440 1585 602 1617 Socrates
634 1583 701 1616 ista
725 1584 951 1618 enumeranda

283 1635 409 1674 negat,
445 1630 535 1675 quod
565 1637 601 1662 et
633 1641 696 1674 per
728 1642 764 1663 se
795 1635 950 1674 pateant,

285 1682 321 1710 et
346 1676 436 1721 quod
462 1687 581 1720 parum
603 1676 727 1709 decora
750 1676 827 1709 sint.
854 1676 952 1716 Qua-

285 1734 360 1756 rum
385 1722 492 1766 priori
518 1722 651 1755 Glauco
676 1721 725 1755 ita
752 1723 951 1765 assentitur,

284 1774 324 1802 ut
348 1780 467 1801 nomen
494 1780 512 1801 a
527 1769 672 1801 Socrate
696 1770 952 1813 pronuntiatum

285 1820 445 1858 repetere
477 1814 664 1847 videatur:
715 1815 809 1858 δῆλα
852 1813 950 1858 γάρ.

283 1861 354 1893 Sed
379 1859 552 1904 aliquanto
578 1860 683 1894 maius
704 1861 950 1895 firmamentum

282 1910 421 1939 nostrae
446 1907 600 1940 lectionis
625 1910 678 1939 est
706 1907 877 1951 particula
900 1906 946 1952 δὴ

281 1952 468 1997 prudenter
500 1952 622 1986 omissa
656 1953 698 1986 ab
723 1953 763 1986 iis
788 1954 948 1996 librariis,

282 1998 406 2043 quibus
431 1998 599 2043 poeticum
629 1998 777 2043 quidem,
801 2000 861 2033 sed
886 2012 947 2033 ne-

282 2044 354 2078 scio
380 2056 423 2077 an
447 2046 489 2077 ob
514 2045 548 2077 id
583 2044 694 2088 ipsum
719 2045 761 2078 ab
784 2046 847 2079 hoc
873 2046 946 2080 loco

281 2091 425 2124 alienum
457 2096 493 2123 et
524 2091 613 2124 haud
649 2091 750 2124 dubie
793 2092 949 2136 sequenti

259 2151 261 2153 ·
282 2134 417 2181 ἀγεννῆ
441 2136 592 2170 officiens
608 2149 726 2171 nomen
751 2137 852 2171 δειλὰ
873 2139 948 2183 pla-

283 2188 389 2216 ceret.
440 2183 544 2216 Cuius
587 2183 778 2227 particulae
819 2196 860 2217 ea
895 2188 949 2218 est

281 2229 354 2271 vis,
389 2233 427 2262 ut
451 2229 591 2262 nominis
615 2229 757 2263 adhibiti
780 2230 947 2264 rationem

281 2281 318 2308 et
351 2275 629 2319 significationem
664 2280 817 2320 apertam
842 2277 948 2310 omni-

279 2321 343 2354 bus
370 2327 405 2354 et
429 2326 525 2354 extra
561 2321 697 2355 dubium
722 2323 866 2366 positam
891 2334 949 2356 ar-

280 2372 384 2410 guat3
434 2368 525 2412 quod
560 2374 742 2412 utrumque
784 2368 818 2402 in
853 2369 947 2413 δῆλα

281 2413 481 2456 convenire,
529 2414 571 2447 ab
611 2414 719 2448 altero
762 2415 947 2449 abhorrere

278 2457 425 2493 videtur.

328 2502 492 2549 α’γεννῆ]
520 2501 633 2550 οἷγενῆ
659 2505 759 2540 Vind.
784 2507 827 2542 D.
853 2507 948 2542 Flor.

214 2604 255 2646 D
329 2595 424 2641 ἔφη]
452 2595 498 2642 δὴ
525 2598 624 2631 Vind.
644 2598 684 2653 F.
709 2598 810 2653 Aug.
825 2599 866 2632 B.

328 2642 490 2677 Πάντων
514 2646 576 2688 τε]
601 2642 754 2678 πάντων
776 2641 827 2688 τὲ,
855 2644 946 2680 nulla

277 2694 357 2735 post
380 2691 509 2745 τυφλῷ
543 2690 817 2735 interpunctione
842 2692 945 2734 facta,

278 2736 355 2770 Ald.
380 2735 543 2770 πάντοτε
568 2738 666 2770 Stob.
679 2737 751 2770 cod.
765 2737 805 2770 B.
825 2738 943 2771 Trinc.

278 2779 433 2816 πάντων
457 2780 496 2816 δε
522 2782 622 2817 Vind.
643 2783 686 2819 D.
711 2784 804 2828 (sup.
824 2784 881 2827 τε)
899 2784 942 2817 Ε.

279 2828 372 2863 Flor.
399 2828 539 2864 ACTV.
564 2830 663 2865 Stob.
689 2829 766 2864 cod.
790 2830 831 2864 A.
860 2830 939 2865 Bas.

1014 892 1069 926 ab.
1097 888 1251 925 πάντων
1278 889 1323 935 δὴ
1352 890 1433 925 Vat.
1459 891 1504 926 H.
1529 888 1684 925 πάντων

1013 938 1113 972 Stob.
1138 939 1244 972 Gesn.

1059 983 1129 1028 δὴ]
1157 983 1196 1017 δὲ
1222 985 1319 1017 Stob.
1347 983 1419 1017 cod.
1445 983 1485 1017 Β.

1059 1029 1222 1074 ζήσουσί]
1250 1028 1400 1073 ζήτουσί
1424 1030 1522 1063 Stob.
1549 1028 1622 1062 cod.
1637 1029 1676 1061 A.

1013 1075 1210 1120 ζητήσουσί
1234 1077 1314 1109 Par.
1341 1076 1384 1109 K.
1411 1075 1553 1109 Antiatt.
1565 1075 1675 1109 Bekk.

1013 1134 1067 1157 an.
1103 1134 1136 1167 p.
1163 1124 1229 1164 97,
1264 1124 1330 1156 28:
1366 1119 1483 1177 ζήσει·
1516 1119 1677 1155 Πλάτων

1013 1168 1210 1207 Πολιτείας
1258 1166 1373 1214 ἕκτῳ,
1423 1164 1470 1201 ου’
1507 1165 1676 1223 ζήσεται.

1010 1216 1142 1270 Phryn.
1187 1215 1284 1248 Pors.
1326 1194 1456 1258 ζήσει·
1492 1211 1577 1247 ἀντὶ
1607 1213 1676 1247 τοῦ

1010 1259 1169 1307 ζήσεται.
1195 1261 1285 1306 quod
1310 1261 1376 1294 huc
1399 1265 1558 1306 spectare
1581 1260 1678 1294 vide-

1006 1314 1075 1343 tur.

1051 1354 1114 1397 τε]
1142 1351 1187 1396 δὴ
1216 1353 1296 1386 vat.
1321 1352 1366 1386 H.

1051 1399 1299 1444 μακαριστοῦ]
1323 1397 1553 1443 μακαρίστου
1577 1396 1679 1432 Vind.

1005 1446 1173 1573 {bite}
1168 1446 1424 1536 {signgQcindn
1448 1491 1491 1527 F.
1522 1491 1611 1535 Ang.
1635 1490 1678 1524 Β.

1050 1550 1099 1572 or.
1160 1562 1168 1570 .

1053 1581 1373 1627 Ὀλυμπιονῖκαι]
1419 1579 1680 1626 ὄλυμπιονίκαι

1008 1631 1096 1664 Lob.
1123 1630 1222 1664 Vind.
1247 1630 1353 1663 BEF.
1387 1629 1480 1662 Mon.
1507 1630 1549 1663 B.
1574 1629 1674 1662 Stob.

1008 1677 1127 1712 Trinc.
1153 1677 1261 1710 Gesn.
1288 1673 1553 1719 ὄλυμπιονῖκαι
1578 1673 1677 1709 editi.

1054 1721 1129 1756 Διά
1162 1720 1338 1766 σμικρόν]
1388 1719 1452 1756 διὰ
1489 1718 1677 1777 σμικρότε-

1009 1767 1078 1815 ρόν
1102 1770 1189 1811 Ang.
1216 1770 1257 1802 B.
1294 1769 1389 1802 Flor
1415 1768 1523 1802 ART.
1559 1764 1606 1801 δι’
1631 1778 1678 1806 ας

1006 1812 1227 1869 μικρότερόν
1252 1814 1355 1847 Vind.
1379 1814 1420 1848 F.

1053 1859 1407 1904 εὐδαιμονίζονται]
1465 1855 1676 1902 εὐδαιμονί-

1007 1908 1130 1962 ζοντες
1155 1909 1253 1940 Stob.
1279 1907 1397 1940 Trinc.

1051 1950 1223 2009 υπάρχει]
1250 1964 1416 1997 υπαρχοι
1435 1952 1510 1987 Ald.
1526 1951 1605 1986 Bas.
1617 1951 1674 1985 ab.

1049 1996 1077 2043 ἤ
1101 2012 1121 2032 τ
1122 1997 1201 2044 ²]77
1227 2011 1266 2033 τε
1291 2000 1389 2032 Vind.
1415 2000 1455 2032 F.

1049 2046 1144 2089 τοῦ]
1172 2058 1237 2079 om.
1264 2046 1359 2078 Vind.
1385 2045 1427 2078 D.

1050 2090 1201 2145 τροφὴ]
1222 2090 1348 2135 τρῦφὴ
1376 2092 1474 2124 Stob.
1499 2090 1572 2124 cod.
1598 2091 1640 2123 A.

1005 2135 1274 2218 Ττελεωτέρα]
1323 2137 1390 2171 Hic
1422 2137 1539 2170 deficit
1571 2136 1671 2169 Stob.

1040 2196 1113 2217 rinc

1005 2276 1046 2309 B
1051 2228 1151 2309 e}
1168 2229 1365 2309 we.
1370 2228 1551 2308 ved-12?

1050 2320 1266 2366 ξυμπάσης]
1316 2318 1532 2364 ξυναπάσης
1571 2321 1671 2354 Stob.

1005 2370 1078 2402 cod.
1104 2370 1146 2402 A.
1180 2365 1365 2412 ξυμπάσις
1390 2368 1480 2402 Mon.
1507 2368 1546 2400 Β.
1573 2378 1594 2400 a
1626 2378 1670 2400 m.

1003 2426 1056 2460 pr.

1051 2461 1236 2505 σωτηρίαν
1262 2480 1310 2485 -
1337 2456 1482 2514 πόλεως
1516 2459 1580 2502 E]
1614 2458 1670 2492 bis

1004 2506 1164 2551 deinceps
1190 2507 1319 2551 sciipta
1341 2511 1420 2540 sunt
1443 2506 1477 2539 in
1502 2505 1600 2538 Vind.
1626 2505 1666 2557 F.

1002 2553 1071 2586 Pro
1097 2553 1281 2597 σωτηρίαν
1306 2553 1406 2587 Stolx
1431 2552 1504 2586 cod.
1524 2552 1563 2586 A.
1598 2548 1668 2585 600¹-

1001 2610 1127 2654 τειραν
1152 2601 1266 2633 habet.

1051 2643 1171 2688 ὅσων]
1197 2642 1287 2680 ὅσον
1309 2645 1402 2678 Flor.
1426 2644 1468 2678 R.
1501 2643 1600 2677 Vind.
1624 2644 1668 2677 D.

1002 2695 1037 2725 et
1060 2692 1093 2725 in
1116 2693 1226 2736 prima
1249 2691 1433 2736 scriptione
1459 2691 1496 2724 F.

1001 2785 1027 2819 Α
1048 2737 1153 2783 βίος]
1187 2738 1249 2784 βί,
1281 2749 1356 2783 sup.
1382 2748 1428 2780 α,
1460 2737 1559 2770 Stob.
1594 2737 1668 2771 cod.

1048 2828 1295 2874 ἀναδοῦνται]
1310 2826 1558 2864 οἷναιδοῦνται
1569 2828 1668 2863 Stob.

1577 2228 1672 2263 Mon.

1564 2273 1641 2308 DK.
