1807 3219
429 140 771 184 CIVITAS
814 141 938 184 LIB.
968 141 1042 184 VI.
1068 147 1135 182 501

1416 143 1502 183 205

75 252 373 308 .α’νθρω’ποις
423 251 735 309 ἐγγιγνόμενον
782 254 977 305 θεοειδές
1019 270 1065 297 τε
1117 253 1190 297 καὶ
1237 252 1500 297 θεοείκελον.

106 320 304 377 Ὀρθῶς,
335 321 434 377 ἔφη.
491 322 580 363 Καὶ
608 320 660 365 vd
693 321 772 376 μὲν
805 321 881 374 ἂν,
920 319 1068 376 οἶμαι,
1111 320 1404 377 ἐξαλείφοιεν,
1449 321 1501 365 τό

110 389 157 434 δὲ
186 388 317 433 πάλιν
349 388 636 445 ἐγγράφοιεν,
686 389 768 440 ἕως
799 389 866 433 ὅτι
897 390 1083 445 μάλιστα
1120 388 1379 443 ἀνθρώπεια
1410 389 1502 447 ἤθη
1533 397 1566 439 C

110 461 171 510 εἰς
202 458 310 503 ὅσον
340 457 556 513 ἐνδέχεται
595 462 787 515 θεοφιλῆ
829 456 1073 513 ποιήσειαν.

112 526 188 580 ἄν,
222 528 328 584 ε’φη,
356 525 387 582 ἡ
413 524 562 609 γραφή
594 527 778 580 γένοιτο

1134 461 1355 514 Καλλίστη
1392 464 1505 514 γοῦν

833 521 926 580 Ἆρ’
960 528 1074 578 οὐν,
1105 529 1162 582 ἠν
1192 525 1235 569 δ’
1267 526 1377 582 ἐγώ,
1409 528 1503 570 πεί-

109 595 251 651 θομέν
279 610 339 651 πη
369 595 584 645 εκείνους,
617 594 698 646 οὓς
727 593 1062 651 διατεταμένους
1092 592 1158 650 ἐφ’
1180 593 1296 650 ἡμᾶς
1327 595 1503 652 ε’φησθα

110 665 246 713 ἰέναι,
294 680 355 714 ως
393 662 598 713 τοιοῦτός
639 662 728 706 ἐστι
767 666 1000 707 πολιτειῶν
1047 662 1278 718 ζωγράφος
1323 662 1376 707 ὃν
1416 662 1504 707 τότ’

110 733 360 791 ἐπῃνοῦμεν
385 731 498 787 πρὸς
527 730 716 782 αὐτούς,
746 729 798 775 δι’
835 729 888 775 ὃν
917 731 1077 777 ἐκεῖνοι
1100 731 1399 789 ἐχαλέπαινον,
1430 730 1501 776 ὅτι

110 879 333 924 σκευάζωσιν
351 877 376 926 ἢ
400 877 490 916 ἄλλο
511 882 634 916 τιτῶν
652 879 779 917 τοιού-

106 940 194 963 των.
218 928 410 974 Utrobique
433 929 574 963 hominis
599 929 779 974 imaginem

106 975 287 1030 significat.

154 1018 429 1066 ἐγγιγνόμενον]
457 1018 566 1066 ε’γγιν.
592 1021 691 1055 Vind.
710 1022 753 1056 Ε.

151 1088 387 1134 θεοείκελον]
420 1090 654 1124 θεοείκελλον
687 1091 773 1125 Lob.

105 1135 326 1170 θεωείκελον
349 1135 426 1169 Ald.
450 1137 530 1170 Bas.
557 1148 589 1170 a.

65 1200 98 1243 C
154 1202 244 1249 ἕως]
280 1217 332 1244 ως
363 1205 449 1240 Lob.
483 1205 600 1239 Vind.
614 1206 656 1242 B.
690 1207 772 1240 Vat.

104 1252 185 1286 ΒΜ.
234 1251 336 1292 Quod
354 1251 454 1295 vulgo
475 1237 626 1285 additum
650 1252 774 1296 legitur

108 1294 177 1342 οὶν,
215 1309 319 1342 quum
350 1297 484 1331 nonnisi
511 1298 545 1331 in
579 1298 656 1331 Par.
695 1298 772 1332 ΒΚ.

106 1345 201 1379 Mon.
226 1344 265 1377 B.
291 1343 383 1377 Fior.
407 1344 453 1378 U.
479 1347 514 1378 et
546 1344 636 1388 apud
660 1345 774 1378 Euse-

106 1391 198 1424 bium
221 1393 355 1432 exstet,
379 1394 474 1424 recte
497 1391 657 1424 omissum
682 1394 734 1424 est
754 1403 775 1424 a

105 1436 329 1471 Stallbaumio
353 1436 388 1469 in
410 1448 478 1470 sec.
505 1437 557 1471 ed.
607 1437 661 1470 Cf.
688 1437 775 1482 Leg.

105 1483 147 1517 L.
173 1483 234 1518 VI.
268 1494 303 1527 p.
328 1483 406 1518 752.
434 1483 481 1516 C:
516 1482 609 1517 εἰδὲ
633 1484 775 1539 μείναι-

105 1527 174 1573 μέν
201 1540 281 1584 πως
304 1528 488 1563 τοσοῦτον
515 1528 692 1584 χρόνον,
706 1527 775 1569 ἕως

108 1575 146 1609 οἱ
158 1572 386 1634 γευσάμενοι
404 1575 536 1615 παῖδες
547 1589 625 1610 των
644 1573 773 1618 νόμων

106 1620 170 1655 καὶ
194 1619 464 1677 ξυντραφέντες
493 1621 634 1662 ἱκανως
661 1619 772 1666 ξυνή-

105 1669 190 1707 θεις
226 1678 265 1701 τε
300 1665 432 1708 αὐτοῖς
464 1666 657 1723 γενόμενοι
695 1668 774 1702 τῶν

106 1711 351 1768 αρχαιρεσιῶν
370 1714 416 1759 τῇ
445 1712 552 1748 πόλει
577 1725 678 1759 πασῃ
696 1727 774 1748 κοι-

110 1758 326 1815 νωνήσειαν.
375 1761 547 1795 Phaedon.
578 1773 613 1806 p.
639 1763 695 1796 59.
720 1761 771 1794 D:

104 1805 373 1862 περιεμένομεν
391 1819 460 1841 ουν
481 1803 677 1851 εκάστοτε,
703 1804 774 1846 ἕως

106 1849 301 1907 ἀνοιχθείη
333 1850 377 1887 τὸ
407 1833 677 1910 δεσμωτήριον.
718 1854 771 1886 Ib.

106 1901 185 1935 101.
196 1899 245 1932 D:
271 1896 448 1938 ωσαύτως
469 1895 514 1933 &iv
531 1900 674 1955 διδοίης
691 1896 770 1953 (λό-

103 1945 190 1989 γον)
212 1940 340 2001 ἄλλην
349 1945 397 1979 αὖ
417 1943 605 1980 ’ὑπόθεσιν
625 1942 771 1980 υποθέ-

103 2002 214 2035 μενος
241 2010 287 2016 -
319 1988 388 2031 ε’ως
413 1989 474 2026 ἐπί
497 2004 534 2026 τι
555 1990 687 2027 ἱκανὸν
717 1990 772 2026 2¹2-

103 2039 203 2076 θοις.
251 2037 384 2078 Quibus
416 2037 571 2072 omnibus
602 2038 686 2072 locis
719 2038 769 2080 id,

104 2085 220 2129 quoad
236 2095 341 2129 usque
360 2085 477 2118 facere
498 2084 626 2129 aliquid
647 2083 771 2129 aliquis

105 2130 314 2171 ostenditur,
347 2131 440 2164 intra
464 2130 613 2164 eiusdem
637 2131 771 2176 cogita-

104 2175 232 2209 tionem
262 2155 398 2221 quidem
427 2176 582 2221 versari,
614 2177 674 2210 sed
697 2177 771 2210 sine

105 2220 317 2255 dubitatione
349 2222 380 2255 ei
409 2203 582 2256 futurum⁷
594 2234 670 2256 esse
714 2222 770 2256 vel

106 2268 182 2301 fieri
203 2270 318 2301 tamen
341 2280 442 2312 posse
464 2268 578 2302 videri
594 2268 769 2313 significa-

106 2317 172 2347 tur.
223 2314 294 2347 Sed
325 2314 385 2348 ubi
419 2314 455 2347 id
478 2314 549 2348 tale
572 2319 650 2356 est,
683 2319 723 2347 ut
747 2326 768 2348 a

104 2360 264 2394 facientis
284 2361 458 2394 voluntate
481 2361 646 2405 pendeat,
675 2360 769 2394 arbi-

106 2405 208 2440 trarii
239 2406 442 2449 significatio
471 2418 535 2451 per
564 2406 768 2451 particulam

107 2464 156 2485 αν
189 2453 355 2486 accedere
388 2455 512 2497 potest.
581 2453 702 2497 Itaque
733 2455 769 2486 et

104 2501 222 2532 nostro
245 2498 318 2532 loco
341 2499 426 2532 ferri
441 2498 684 2543 quodammodo
704 2509 766 2543 po-

105 2546 198 2578 terat
221 2539 287 2588 ἂν,
312 2549 348 2578 et
371 2544 562 2578 Phaedonis
584 2546 660 2579 loco
684 2555 767 2588 pro-

105 2589 196 2624 ximo
229 2590 343 2635 paullo
387 2594 467 2624 ante
508 2591 616 2624 verba
659 2591 766 2624 citata

105 2639 200 2669 recte
229 2637 334 2670 habet
376 2637 534 2691 vulgata:
577 2636 614 2670 εἰ
639 2633 682 2670 δέ
709 2648 766 2676 τις

106 2679 225 2726 αὐτῆς
269 2683 338 2725 τῆς
375 2680 597 2722 ὑποθέσεως
626 2694 764 2739 ἐχοιτο,

104 2727 250 2784 χαίρειν
250 2724 391 2785 ἑφής
376 2725 423 2762 οἷν
441 2727 505 2763 καὶ
524 2726 595 2762 οὐκ
611 2725 765 2784 ἀποκρί-

59 2784 62 2787 ’
105 2785 210 2815 ναίθ,
236 2786 305 2814 ἕως
326 2770 374 2808 ἄν
389 2787 437 2808 τα
458 2786 511 2809 om:
541 2772 682 2819 ἐκείνης
701 2786 764 2818 Ορ-

105 2817 274 2864 μηθέντα
310 2818 480 2866 σκέψαιο.
520 2832 632 2867 neque
677 2831 764 2866 opus

837 886 912 925 est,
937 886 974 917 ut
999 879 1047 917 ἒὶν
1066 882 1100 916 in
1124 875 1176 917 αὖ
1192 885 1359 924 mutetur,
1385 894 1502 927 quem-

836 931 1016 963 admodum
1037 929 1294 986 ¹Stalibaumius
1327 929 1502 986 opinatur,

836 976 904 1020 qui,
925 976 1002 1009 dum
1029 973 1077 1009 εἰν
1094 976 1248 1029 optativo
1268 977 1309 1009 ab
1330 973 1399 1014 ἕως
1417 987 1502 1020 pen-

835 1023 931 1055 denti
962 1023 1054 1066 iungi
1088 1034 1187 1066 posse
1218 1021 1416 1066 simplicitei
1439 1034 1500 1055 no-

835 1072 916 1112 gat,
951 1068 1131 1102 discrimen
1155 1068 1413 1110 sionifieationis
1438 1080 1501 1102 ne·-

833 1115 940 1159 glexit
963 1120 999 1148 et
1021 1120 1174 1148 nostrum
1199 1112 1268 1154 ε’ως
1292 1126 1365 1148 eum
1378 1114 1500 1157 altero,

833 1161 922 1204 quod
956 1165 1009 1194 est
1054 1162 1218 1204 quamdiu
1234 1186 1244 1201 ‚
1291 1161 1500 1194 confundens

832 1207 1010 1240 dissimiles
1044 1208 1137 1239 locos
1170 1207 1315 1241 Theaet.
1349 1218 1383 1252 p.
1418 1207 1496 1241 155.

830 1254 872 1286 A.
898 1257 934 1286 et
970 1254 1105 1287 Menon.
1132 1254 1188 1288 97.
1217 1251 1257 1286 C.
1283 1264 1344 1298 pro
1380 1252 1500 1286 simili-

833 1299 897 1332 bus
922 1300 1053 1333 habuit.

880 1364 1124 1412 οἷνθροᾶπεια]
1158 1365 1207 1401 τὰ
1243 1364 1278 1402 (Ξ.
1326 1368 1428 1403 Vind.
1452 1368 1498 1403 F.

831 1414 919 1457 Ang.
945 1414 985 1449 B.
1009 1414 1108 1448 Fiam
1127 1414 1170 1447 R.
1207 1414 1334 1448 Euseb.
1360 1415 1497 1469 (Hier)

830 1460 904 1493 Ast.
931 1471 998 1493 sec.
1024 1463 1103 1493 tert.
1128 1460 1226 1493 male.
1261 1456 1321 1495 ὅτι
1339 1459 1499 1504 μαλιστα

830 1517 895 1539 11011
922 1506 1133 1560 pleonastice
1164 1507 1338 1549 additum,
1369 1508 1430 1541 sed
1455 1508 1499 1542 ad

832 1549 1059 1594 α’νθρεόπεια
1084 1553 1298 1586 referendum
1324 1557 1387 1594 est,
1408 1554 1499 1599 quod

830 1599 1178 1632 Schleiermachemm
1203 1611 1270 1633 non
1294 1599 1396 1643 fugit.

876 1667 1088 1724 Καλλίστη]
1113 1666 1302 1713 καλλὴστη
1326 1668 1426 1702 Vind.
1451 1668 1496 1703 Ε.

877 1711 974 1757 ε’φη]
1023 1726 1087 1747 om.
1122 1714 1207 1747 Ven.
1243 1714 1283 1749 Β.
1328 1715 1427 1749 Vind.
1452 1715 1498 1750 Ε.

829 1759 910 1796 Vat.
935 1760 979 1794 H.
1003 1760 1100 1794 Flor.
1122 1761 1264 1795 ACTV.

875 1802 923 1850 ἡ]
953 1818 1018 1840 om.
1043 1806 1128 1839 Lob.
1150 1807 1249 1841 Vind.
1274 1806 1314 1840 B.
1341 1806 1434 1842 Mon.
1453 1807 1494 1842 B.

829 1850 907 1885 Vat.
934 1852 1011 1885 ΒΜ.
1036 1852 1114 1886 Par
1139 1852 1217 1886 DK.
1243 1853 1338 1887 Flor.
1364 1854 1410 1888 U.

869 1891 959 1943 Αρ’]
975 1894 1046 1954 ἄρ’
1072 1898 1172 1932 Vind.
1195 1899 1241 1933 F.

872 1943 921 1988 ’ἠν
943 1941 1009 1989 δ’]
1036 1957 1101 1979 om.
1126 1945 1226 1980 Vind.
1251 1945 1295 1979 Ε.

871 1987 1082 2045 πείθομέν]
1132 1988 1346 2035 πυθόμενοί
1390 1991 1491 2027 idem.

825 2038 965 2080 πειθομ
941 2035 1032 2081 με’νη
1082 2037 1162 2071 Vat.
1193 2038 1236 2071 H.
1285 2038 1376 2072 Flor.
1418 2040 1493 2073 AC.

826 2082 919 2116 Male
943 2084 1135 2128 Stephanus
1158 2095 1192 2129 Ρ.
1212 2083 1269 2119 24.
1295 2085 1494 2129 πείθοιμεν

825 2129 1012 2162 desiderat.

872 2171 1049 2231 ἐκείνους]
1073 2175 1328 2215 κείνουςνίηᾶ.
1339 2177 1384 2211 F.
1402 2177 1491 2223 Aug.

826 2221 868 2255 B.
898 2218 1032 2255 ἐκεῖνοι
1054 2222 1153 2256 Vind.
1170 2222 1212 2255 E.

872 2265 1192 2312 διατεταμένους]
1251 2268 1493 2313 διατεταμμὲ-

824 2324 918 2394 iffi
937 2339 982 2393 ’ss
995 2314 1493 2404 ⁰3.§;'{{...55555}“&{ss⁰”ss³3

825 2406 911 2450 Ang.
935 2407 976 2439 B.
1002 2407 1116 2450 (Flor.
1144 2408 1242 2450 ΒΤ.)
1281 2419 1357 2441 011111
1391 2408 1494 2442 editis

824 2457 905 2487 ante
927 2452 1016 2485 Astii
1039 2464 1107 2486 sec.
1149 2454 1193 2489 V.
1217 2452 1259 2486 L.
1284 2454 1326 2488 V.
1350 2465 1385 2498 p.
1411 2454 1492 2489 474.

823 2498 865 2532 A.
913 2497 954 2531 In
977 2498 1078 2532 Vind.
1104 2499 1148 2532 F.
1180 2510 1284 2544 super
1309 2499 1374 2533 δια
1400 2511 1422 2535 a
1445 2512 1489 2535 m.

822 2555 851 2578 s.
878 2556 962 2577 αντι
985 2544 1149 2598 scriptum
1172 2548 1236 2579 est.

867 2588 971 2634 τότ’]
995 2588 1082 2625 τότε
1105 2591 1207 2627 Vind.
1231 2591 1275 2625 F.

868 2633 1099 2693 επηνοῦμεν]
1135 2634 1359 2680 ἐπαινοῦμεν
1392 2637 1490 2672 Flor.

821 2682 865 2716 T.
906 2673 1114 2726 επονοῦμεν
1149 2684 1230 2718 Vat.
1254 2683 1294 2717 B.
1328 2684 1422 2718 Mon.
1448 2684 1490 2717 Β.

820 2728 1055 2774 superscripto
1081 2729 1170 2763 alter
1192 2740 1235 2774 η,
1262 2729 1350 2764 alter
1369 2742 1409 2763 αι
1431 2741 1491 2764 511-

817 2786 893 2829 per
904 2785 967 2808 πο.

868 2816 953 2866 ὅτι]
981 2815 1045 2856 ὅτε
1068 2820 1162 2856 Mon.
1185 2820 1227 2856 Β.
1251 2820 1347 2856 Flor.
1372 2820 1417 2855 U.
