1807 3219
439 157 781 202 CIVITAS
821 155 945 198 LIB.
975 154 1048 198 VI.
1080 161 1150 196 510

1399 163 1482 205 241

92 267 244 322 δότες,
275 269 565 327 ποιησάμενοι
593 270 829 321 ὑποθέσεις
862 266 997 320 αὐτὰ,
1036 266 1200 312 οὐδένα
1223 267 1360 324 λόγον
1383 269 1485 314 οὔτε

95 337 247 389 αὐτοῖς
278 336 380 381 οὔτε
410 338 559 390 ἄλλοις
588 339 650 383 ἔτι
687 336 861 392 ἀξιοῦσι
899 337 997 392 περὶ
1033 334 1180 380 αὐτῶν
1220 337 1394 381 διδόναι
1423 336 1484 390 ῶς

94 407 226 450 παντὶ
257 410 491 462 φανερῶν,
531 406 579 450 ἐκ
608 407 778 451 τούτων
810 405 853 449 δ’
886 403 1123 461 ἀρχόμενοι
1151 404 1205 448 τὰ
1235 405 1365 449 λοιποὶ
1395 406 1480 465 ἤδη
1504 411 1544 453 D

97 473 326 528 διεξιόντες
354 478 612 519 τελευτῶσιν
642 474 1006 533 ὁμολογουμένως
1045 473 1115 517 ἐπὶ
1143 476 1303 525 τοῦτο,
1344 469 1399 518 οὗ
1430 473 1487 519 ἂν

97 544 168 588 ἐπὶ
195 543 352 596 σκέψιν
382 543 648 600 ὁρμήσωσιν.

96 610 208 656 οῖδα.

709 541 838 586 Πάνυ
868 541 948 597 μὲν
974 536 1083 595 οὖν,
1127 541 1236 598 ἔφη,
1276 541 1407 587 τοῦτό
1438 559 1486 599 γε

270 610 450 656 Οὐκοῦν
479 616 552 655 καὶ
582 611 652 656 ὅτι
680 616 773 663 τοῖς
803 609 1042 666 ὁρωμένοις
1072 611 1202 654 εἴδεσι
1225 615 1486 667 προσχρῶν-

95 697 168 724 ται
196 681 271 725 καὶ
297 679 404 732 τούς
433 678 594 737 λόγους
622 680 722 736 περὶ
751 677 899 723 αὐτῶν
920 683 1157 722 ποιοῦνται
1177 678 1234 723 ου’
1260 680 1357 735 περὶ
1378 679 1485 724 τού-

32 760 41 772 ’
95 765 185 793 των
218 748 549 805 διανοούμενοι,
592 747 687 792 ἀλλ’
719 748 899 792 ἐκείνων
927 747 1050 802 πέρι,
1093 744 1159 799 οἷς
1187 752 1324 791 ταῦτα
1356 749 1486 801 ἔοικε,

94 820 176 861 τοῦ
217 815 497 872 τετραγώνου
540 816 678 861 αὐτοῦ
717 816 844 860 ἕνεκα
881 814 988 867 τούς
1027 815 1187 872 λόγους
1225 816 1487 873 ποιούμενοι

95 885 171 930 καὶ
210 884 446 943 διαμέτρου
486 883 648 943 αὐτῆς,
689 882 789 929 ἀλλ’
829 882 884 928 οὗ
920 882 1102 941 ταύτης,
1151 883 1208 941 ἣν
1248 883 1487 941 γράφουσι,

94 1047 183 1070 corr.
208 1035 308 1071 Vind.
332 1035 376 1068 F.
403 1027 525 1079 (ὅνπερ
550 1035 636 1070 Lob.
660 1033 758 1068 Vind.

92 1083 168 1116 ΒΕ.
193 1082 272 1116 vat.
297 1082 374 1115 ΒΜ.
402 1082 485 1115 Ven.
506 1082 545 1116 B.
577 1082 652 1114 τῶν
673 1079 759 1125 περὶ

93 1128 196 1162 Vind.
221 1129 261 1162 F.
294 1140 314 1161 e
349 1140 438 1162 corr.
463 1131 498 1161 et
530 1127 652 1172 reliqui
684 1139 758 1161 cum

93 1174 214 1216 editis,
259 1174 349 1220 quod
382 1173 639 1218 explicationem
672 1173 759 1207 faci-

92 1220 210 1254 liorem
242 1221 355 1254 habet.
406 1220 475 1254 Sed
500 1231 562 1252 ne
575 1219 657 1252 illud
680 1219 756 1264 qui-

91 1267 169 1301 dem
185 1266 394 1322 impeditum
419 1270 478 1300 aut
501 1264 650 1305 dubium,
674 1265 757 1321 ῳιίνιι

18 1336 23 1341 -
90 1324 153 1358 pro
178 1308 268 1347 ἄνευ
287 1310 454 1354 τούτων,
481 1309 541 1350 αἷς
561 1310 645 1355 περὶ
666 1308 756 1344 έκεῖ-

90 1371 134 1393 νο
158 1357 228 1403 τὴν
247 1357 416 1403 μέθοδον
435 1360 598 1391 ποιεῖται
617 1369 679 1401 per
704 1360 758 1390 at-

89 1405 294 1440 tractionem
312 1405 391 1449 poni
410 1403 573 1450 potuerit.
597 1403 755 1437 Ficinus·

89 1463 152 1495 ‘nec
171 1452 381 1497 imaginibus
413 1456 532 1491 utem,
569 1451 686 1494 quibus
708 1451 757 1483 ad

90 1509 201 1552 genus
232 1499 378 1532 alterum
413 1498 468 1531 uti
495 1497 662 1538 solemus,
697 1496 759 1530 sed

89 1544 174 1588 ipsis
196 1545 368 1589 speciebus
391 1555 456 1589 per
484 1544 580 1588 ipsas
609 1553 759 1589 progre—

91 1590 198 1624 diens.

91 1655 299 1737 Καὐτοῖς]
324 1654 462 1702 αὐτῆς,
487 1668 562 1703 sup.
581 1658 652 1701 οἷς,
677 1657 758 1692 Par.

140 1770 372 1817 ποιουμένη]
405 1770 636 1817 ποιουμένην
672 1772 759 1806 Lob.

92 1819 193 1855 Vind.
216 1820 257 1854 B.
283 1821 362 1855 Vat.
383 1818 463 1852 ΒΜ.

139 1881 279 1932 αὖθις]
316 1899 363 1923 sc.
388 1885 550 1931 λεγέσθω
573 1889 628 1922 vel
652 1885 755 1931 λέξω,

91 1934 197 1981 idque
219 1946 293 1968 cum
317 1934 592 1990 ptaemonitione.
638 1935 757 1968 Astius

94 1982 132 2015 in
165 1992 232 2015 sec.
268 1977 388 2019 εὐθὺς
420 1979 582 2024 sclipsit‚
618 1980 651 2013 in
674 1983 757 2013 tert.

93 2027 307 2061 scribendum
329 2026 519 2072 suspicatus
543 2030 608 2060 est.
649 2027 758 2060 Stall-

92 2073 246 2107 baumius
300 2072 416 2112 αὖθις
462 2083 538 2105 cum
585 2071 758 2111 εἰσαῦθις

94 2120 302 2153 confundens
343 2118 571 2163 exemplorum
603 2118 757 2152 multitu-

92 2165 206 2199 dinem
228 2164 392 2199 inutilium
415 2165 596 2208 congessit.

47 2242 80 2285 c
137 2231 224 2278 γὰρ]
250 2245 315 2267 om.
331 2233 432 2269 Vind.
445 2233 488 2266 E.
512 2233 605 2267 Flor.
616 2232 758 2267 ACTV.

91 2282 128 2314 et
151 2279 303 2321 Ficinus,
326 2279 384 2324 qui
406 2290 468 2323 pro
493 2275 568 2312 αλλ’
588 2272 759 2318 αὐθις-

89 2323 244 2370 μαθήσῃ
270 2326 354 2359 haec
371 2325 494 2358 habet:
520 2327 568 2359 At
589 2326 678 2359 enim
691 2326 758 2368 fa-

90 2373 189 2406 cilius
209 2383 273 2416 per
292 2372 377 2405 haec
398 2371 586 2416 intelliges.

91 2438 440 2522 Vgurgoexegmwffvoov]
488 2437 759 2484 προειρημένον

124 2498 160 2520 ιιι

134 2552 312 2611 μαθήσῃ]
347 2550 515 2597 μαθήσει
538 2553 759 2588 recentiores.

136 2598 236 2658 γάρ]
265 2612 328 2634 om.
353 2599 430 2633 Fic.

134 2643 180 2681 τό
203 2644 360 2691 ἄρτιον]
388 2643 432 2680 τὸ
460 2657 526 2679 om.
551 2645 644 2680 Flor.
669 2645 713 2679 T.

98 2712 233 2795 Ε,ἔθεθ’
265 2712 444 2759 εκαστην]
486 2714 616 2749 καθεκ.
657 2713 759 2750 Vind.

141 2824 251 2873 οὔτε]
288 2826 377 2864 οὐδὲ
404 2828 504 2866 Vind.
528 2829 575 2864 F.
607 2831 694 2875 Aug.
718 2829 759 2864 B.

172 2888 380 2930 PLAToms
408 2888 483 2930 ΟΡ.
510 2888 558 2929 11.

815 1032 911 1066 Flor.
937 1034 980 1067 R.
1027 1033 1067 1067 In
1092 1033 1185 1068 Mon.
1208 1034 1249 1068 B.
1281 1046 1303 1067 τ
1336 1046 1358 1069 a
1389 1046 1432 1070 m.
1456 1046 1484 1069 s.

814 1079 851 1113 in
873 1080 903 1113 θ
925 1083 1101 1114 mutatum.

862 1145 1020 1193 αὐτοῖς]
1048 1146 1110 1184 αὖ.
1136 1149 1222 1185 Lob.
1248 1149 1350 1185 Vind.
1374 1150 1484 1185 BEF.

814 1194 891 1273 ssld.
924 1195 1005 1229 Bas.
1031 1197 1087 1232 ab.
1124 1198 1160 1230 et
1191 1208 1212 1231 a
1243 1208 1286 1230 m.
1311 1207 1364 1242 pr.
1389 1197 1484 1231 Mon.

847 1267 973 1330 biju]
1011 1283 1103 1320 οὐδὲ
1129 1286 1230 1322 vind.
1253 1287 1297 1321 F.
1331 1287 1419 1332 Aug.
1443 1287 1483 1322 B.

816 1332 913 1365 Flor.
940 1332 981 1365 R.

861 1376 937 1422 ἔτι]
966 1375 1014 1411 ἔτ’
1040 1378 1141 1412 Vind.
1171 1379 1216 1413 E.

865 1444 1036 1490 ἀξιοῦσι]
1063 1444 1240 1491 ἀξιοῦμεν
1264 1448 1352 1483 Lob.
1382 1449 1485 1484 Vind.

816 1494 858 1528 Β.
883 1495 963 1530 Vat.
987 1493 1067 1527 ΒΜ.

864 1561 1061 1606 φανερῶν]
1086 1558 1254 1605 φανερόν
1275 1562 1360 1597 Lob.
1382 1563 1486 1598 Vind.

816 1609 922 1643 BEF.
958 1611 1046 1654 Ang.
1080 1609 1120 1642 B.
1163 1609 1244 1642 Vat.
1280 1610 1363 1643 HM.
1410 1609 1485 1644 Ald.

817 1656 898 1689 Bas.
934 1656 989 1689 ab.
1055 1654 1198 1688 Ficinus
1232 1655 1318 1689 haec
1353 1655 1433 1690 inde
1466 1667 1487 1690 a

816 1702 939 1735 ταῦτα
963 1699 1029 1744 μὲν
1053 1700 1104 1734 ita
1128 1701 1320 1735 convertit:
1346 1702 1400 1736 his
1420 1713 1486 1747 po-

816 1749 913 1789 sitis,
939 1753 1107 1792 tanquam
1125 1748 1263 1781 cuilibet
1275 1749 1485 1791 manifestis,

815 1795 985 1828 rationem
1015 1795 1058 1827 de
1096 1793 1151 1827 his
1183 1794 1316 1828 nullam
1344 1795 1487 1841 exigen-

816 1841 896 1875 dam
919 1844 1063 1895 putant.

862 1883 917 1930 δ’]
944 1883 984 1920 δὲ
1008 1884 1108 1920 Vind.
1132 1885 1176 1919 F.

858 1950 960 2010 ἤδη]
998 1953 1078 1998 εἴδη
1103 1953 1183 1987 Par.
1207 1952 1252 1987 K.
1277 1964 1346 1987 sec.
1369 1953 1481 1989 Bekk.
1510 1951 1550 1993 D

861 1997 1188 2058 ομολογουμένως]
1215 2011 1280 2034 om.
1304 1999 1377 2034 Fic.

860 2044 922 2081 ἐπὶ
941 2047 1084 2090 τοῦτο]
1108 2043 1200 2080 έπιτ.
1225 2044 1324 2079 Vind.
1347 2047 1391 2081 F.

847 2113 921 2170 ,ἐπὶ
944 2113 1095 2160 σκέψιν]
1123 2112 1317 2158 ἐπίσκεψιν
1340 2114 1429 2150 idem
1450 2119 1486 2151 et

813 2162 1108 2251 νΠὸῗιῖιιιξξέωσιν.]
1159 2217 1182 2239 ν
1214 2217 1291 2239 cum
1324 2207 1486 2242 Bekkero

815 2254 870 2297 (et
894 2253 989 2288 Astio
1012 2254 1046 2287 in
1069 2252 1168 2296 tert.)
1194 2252 1378 2287 secundum
1397 2254 1484 2290 Lob.

813 2300 914 2335 Vind.
939 2300 1012 2333 BF.
1038 2298 1161 2334 adieci.

860 2370 941 2408 τοῖς
983 2364 1219 2423 ὁρωμένοις]
1279 2363 1487 2409 εἰρημένοις

815 2415 901 2459 Ang.
926 2415 968 2448 B.
992 2416 1073 2453 τοῖς
1092 2409 1298 2456 εἰρημένοις
1321 2412 1420 2448 Vind.
1441 2413 1486 2449 E.

815 2462 897 2496 Vat.
921 2461 966 2494 H.
989 2460 1087 2493 Flor.
1109 2458 1284 2492 ACRTV.
1311 2460 1346 2491 et
1368 2469 1485 2505 margo

816 2508 895 2542 Par.
919 2507 962 2542 D.
995 2517 1101 2563 supra
1127 2505 1230 2538 dictis
1252 2503 1330 2539 Fic.

863 2551 974 2609 πέρι]
999 2550 1084 2607 περὶ
1108 2551 1207 2584 Vind.
1232 2550 1306 2583 ΒΕ.

864 2597 955 2638 τοὺς
975 2595 1123 2641 λόγους]
1149 2595 1210 2630 καὶ
1231 2593 1366 2636 τούςλ.
1382 2595 1484 2630 Vind.

801 2644 1078 2679 .F.F10r.AC.

863 2689 1051 2735 γράφουσι
1080 2708 1126 2714 -—
1156 2699 1196 2722 τε
1217 2685 1282 2721 καὶ
1317 2687 1385 2731 Ε.]
1419 2699 1485 2724 om.

820 2737 922 2771 Vind.
955 2737 999 2770 F.
1066 2735 1198 2768 Contra
1230 2734 1266 2767 in
1299 2734 1400 2769 Vind.
1437 2733 1482 2769 Ε.

818 2783 903 2817 haec
935 2783 1055 2818 eadem
1085 2780 1139 2815 bis
1170 2780 1331 2825 deinceps
1356 2779 1486 2825 scripta

818 2834 906 2864 sunt.
