1807 3219
307 168 390 208 302
755 165 1231 209 PLATONIS

306 280 386 334 μὲν
415 281 592 334 πρῶτον
623 275 922 335 ἀστρονομίαν
950 278 1056 335 μετὰ
1089 276 1276 334 ταύτην,
1305 277 1492 335 ὕστερον
1521 279 1563 324 δ’
1591 281 1689 326 ἀνε-

305 345 519 402 χώρησας.
579 345 796 390 Σπεύδων
826 347 932 403 γὰρ,
968 347 1103 404 ἔφην,
1147 346 1255 403 ταχύ
1285 347 1429 391 πάντα
1459 349 1692 402 διεξελθεῖν

308 418 476 469 μᾶλλον
516 413 745 471 βραδύνω
791 414 887 471 ἑξῆς
925 413 1009 470 γὰρ
1053 410 1196 459 οὖσαν
1236 414 1316 472 τήν
1356 415 1530 472 βάθους
1561 416 1694 473 αὔξης

308 482 526 538 μέθοδον,
568 482 635 527 ὅτι
665 501 717 540 τῃ
750 483 918 566 ζητήσει
946 485 1126 539 γελοίως
1156 483 1269 540 ε’χει,
1318 482 1513 541 ὑπερβὰς
1555 484 1694 543 αὐτὴν
1740 525 1742 527 ,
1785 477 1790 492 ’

245 564 279 604 Ε
310 550 415 607 μετὰ
457 553 724 607 γεωμετρίαν
769 551 1074 637 ἀστρονομίαν
1113 552 1261 607 ε’λεγον
1284 581 1297 604 ,
1355 551 1535 608 φορὰν
1553 555 1693 597 οὐσαι)

306 617 493 676 βαθους
549 619 750 676 Ὀρθῶς,
790 621 905 678 ε’φη,
956 620 1103 677 λέγεις
1166 620 1384 675 Τέταρτον
1420 623 1594 674 τοίνυν,
1635 617 1692 679 ἦν

305 686 351 730 δ’
386 687 495 743 ἐγώ,
528 691 720 743 τιθῶμεν
750 688 933 746 μα’θημα
962 689 1280 744 ἀστρονομίαν,
1323 688 1381 741 ὥς
1409 688 1693 747 ὑπαρχούσης

305 759 381 811 τῆς
410 760 496 799 νῦν
525 758 904 814 παραλειπομένης
924 792 933 809 ,
976 757 1071 801 ἐὰν·
1094 755 1231 814 αὐτὴν
1268 757 1392 808 πόλις
1419 761 1553 815 μετίῃ.
1610 761 1691 802 Εἰ-

305 823 406 875 κὸς,
437 819 464 878 ἦ
497 822 540 867 δ’
575 823 636 875 ὅς.
669 825 742 868 καὶ
776 825 801 869 ὅ
831 843 878 881 γε
907 831 992 869 νῦν
1023 823 1077 881 δή
1106 843 1202 881 μοι,
1246 821 1282 869 ὦ
1311 824 1563 881 Σώκρατες,
1595 827 1690 872 έπέ-

309 894 473 948 πληξας
502 894 603 948 περὶ
634 892 929 950 ἀστρονομίας
959 894 1015 944 ὡς
1054 898 1275 949 φορτικῶς
1304 894 1577 948 ἐπαινοῦντι,
1606 899 1692 940 νῦν

217 973 285 1006 5Ξ9
310 955 338 1017 ᾗ
370 961 424 1005 σύ
454 961 637 1019 μετέρχῃ
678 962 856 1007 ἐπαινῶ.
905 963 1035 1007 παντὶ
1068 962 1152 1018 γάρ
1184 979 1256 1018 μοι
1286 964 1410 1007 δοκεῖ
1436 965 1593 1020 δῆλον,
1624 963 1693 1009 ὅτι

308 1131 382 1166 Ald.
398 1133 486 1186 'Ba-s.
503 1133 557 1166 ab.
591 1133 725 1178 signum
752 1137 806 1167 est
827 1134 974 1168 interro-

305 1179 470 1268 gagpi·ys
495 1223 586 1258 Mon.
613 1226 654 1259 C.

353 1268 445 1313 μετὰ
462 1268 616 1315 ταύτην]
644 1272 697 1305 lta
720 1271 798 1305 Par.
814 1272 851 1306 Α.
867 1271 972 1305 Vind.

307 1316 351 1350 E.
378 1317 461 1349 Ven.
487 1318 527 1350 Β.
552 1319 639 1361 Aug.
650 1319 690 1351 B.
717 1318 795 1351 Vat.
807 1319 850 1351 H.
877 1318 969 1352 Flor.
1020 1318 1022 1320 ’

305 1362 478 1396 ACRTV.
505 1364 583 1398 Bas.
609 1365 642 1398 b.
677 1368 712 1397 et
736 1370 813 1397 ante
838 1361 970 1408 ἄστρο-

305 1409 440 1451 νομίαν
466 1409 562 1443 Vind.
590 1411 628 1443 B.
655 1410 746 1443 Mon.
775 1411 814 1444 C.
862 1422 970 1453 μετα-

305 1455 429 1489 rafim
447 1453 515 1498 τὴν
545 1457 646 1492 Vind.
672 1457 716 1490 F.
752 1453 828 1500 μετ’
850 1453 972 1500 αὐτὴν

305 1501 429 1546 reliqui
462 1502 538 1535 libri
570 1503 689 1549 scripti
713 1507 748 1537 et
771 1503 865 1538 editi.
915 1503 970 1537 Cf.

306 1559 340 1592 p.
369 1549 447 1582 529.
474 1548 516 1581 E.

353 1590 385 1626 δ’
395 1594 408 1638 ]
438 1591 476 1627 δε
503 1594 587 1628 Lob.

307 1686 336 1719 B
352 1636 611 1742 οἷνεχὲορησας]
647 1637 873 1685 ἄνεχεόρισας
896 1640 971 1676 Ald.

340 1697 378 1720 as
417 1698 435 1719 a

354 1729 473 1787 ἔφην]
500 1729 571 1788 ἔφη
600 1732 685 1766 Lob.

354 1775 473 1822 ἑξῆς]
522 1776 558 1820 ἐξ
594 1775 639 1823 ἧς
676 1779 775 1813 Vind.
813 1778 857 1815 E.
905 1752 974 1813 Pro

306 1836 429 1905 ἰίιέῗῐο
474 1825 572 1858 Vind.
609 1826 653 1858 F.
689 1837 708 1859 e
742 1837 830 1859 corr.
863 1827 973 1860 lenem

355 1915 526 1971 βάθους]
553 1914 677 1971 βάθος
700 1917 800 1951 Vind.
826 1917 870 1950 F.

349 1959 502 2018 αὔξης]
536 1959 656 2006 αὔξην
699 1964 783 1997 Lob.
817 1963 895 1997 Vat.
921 1962 971 1997 Μ.

309 2004 465 2053 αὔξησιν
490 2008 590 2043 Vind.
616 2010 656 2043 F.
682 2010 774 2043 Flor.
798 2010 840 2044 R.
865 2011 970 2052 „Van

309 2056 385 2090 Μ.“
433 2056 518 2089 Puto
543 2056 629 2098 Aug.
650 2056 692 2089 B.

355 2102 525 2157 γελοίως]
558 2104 702 2145 γελοῖος
735 2103 816 2135 Bas
843 2102 877 2135 b.
913 2112 970 2145 γε·

308 2148 417 2187 λοίως
460 2145 553 2191 ε’χειν
584 2149 630 2193 τῇ
668 2146 813 2191 ζητήσει
847 2147 971 2181 dieitur

307 2195 544 2228 steiweometzia
579 2207 644 2228 non
686 2195 799 2238 „quia
833 2194 883 2227 ita
916 2198 970 2227 est

308 2244 524 2285 comparata,
549 2245 589 2274 ut
612 2252 685 2274 esni
700 2220 900 2284 'adispiirere
923 2244 971 2273 ri-

307 2287 454 2320 diculum
477 2287 545 2319 sitf‘
569 2287 844 2332 quemadmodum
866 2286 972 2319 Stall-

305 2333 460 2366 baumius
484 2333 652 2377 explicat,
677 2333 736 2366 sed
761 2333 840 2378 quia
863 2332 972 2378 impe-

306 2379 371 2412 rite
398 2383 431 2411 tr
434 2381 623 2434 ιιςῐειῦῑιίιιτ.
673 2379 742 2413 Cf.
754 2391 786 2423 p.
812 2381 890 2413 599.
918 2379 968 2412 E:

304 2421 395 2459 καλ)
398 2435 482 2458 ιστα
500 2422 567 2468 μὲν
585 2423 678 2468 ἔχειν
696 2423 913 2472 απεργασίᾳ.

349 2492 441 2537 μετὰ
461 2493 696 2538 γεωμετρίαν]
723 2506 846 2539 μεταγ.
868 2494 970 2529 Vind.

353 2605 515 2653 βάθους]
537 2606 662 2652 βάθος
681 2608 768 2642 idem
788 2612 867 2642 ante
881 2620 967 2642 corr.

306 2654 410 2695 Quod
435 2655 673 2688 astronomiam
708 2653 856 2698 φορὰν,
904 2666 970 2689 non

306 2698 475 2744 μέθοδον
498 2701 638 2743 φορᾶς,
665 2701 825 2756 appellat,
852 2702 971 2735 eadem

306 2747 477 2780 brevitate
501 2757 534 2790 p.
558 2748 638 2781 530.
666 2747 706 2780 D.
734 2759 786 2786 ως
812 2746 907 2791 πρὸς
929 2744 971 2780 οἷ-

307 2791 552 2836 στρονομίαν,
575 2793 707 2839 inqiut,
740 2789 888 2836 ὄμματα
907 2791 970 2829 πέ-

307 2849 432 2882 πηγεν.

1073 1132 1199 1178 μετίῃ]
1225 1133 1343 1175 μετίοι
1369 1133 1467 1167 Vind.
1477 1134 1518 1168 B.
1543 1134 1637 1169 Mon.
1650 1134 1691 1169 C.

1027 1179 1248 1223 μετείῃ-ΑΜ.
1274 1180 1352 1213 Bas.
1378 1181 1433 1213 ab.

1073 1225 1158 1268 καὶ]
1186 1224 1277 1258 ικαὶ
1301 1226 1402 1260 Vind.
1423 1226 1465 1260 Ε.
1507 1225 1585 1261 Καὶ
1608 1226 1694 1261 editi

1028 1275 1107 1304 ante
1133 1271 1220 1304 Astii
1241 1283 1309 1305 sec.

1026 1363 1058 1397 Ε
1073 1314 1298 1363 Σώκρατες]
1327 1315 1568 1363 σώσιόκρατες
1589 1319 1691 1354 Vind.

1063 1389 1323 1452 ’ἀστρονομίας
1348 1409 1363 1455 ]

1029 1455 1107 1488 Bas.
1131 1456 1166 1488 b.

1077 1498 1120 1534 σύ
1157 1499 1343 1546 μετέρχῃ]
1401 1502 1457 1536 Ita
1503 1502 1580 1536 Par.
1613 1503 1689 1538 AK.

1031 1547 1129 1581 Vind.
1153 1548 1257 1581 BEF.
1298 1548 1390 1583 Mon.
1418 1548 1459 1583 C.
1504 1550 1582 1583 Vat.
1614 1549 1692 1585 BH.

1029 1592 1114 1626 Ven
1140 1593 1180 1626 B.
1205 1595 1288 1638 Ang.
1307 1595 1346 1628 B.
1373 1595 1469 1628 Flor.
1483 1594 1692 1630 ACRTUV.

1032 1636 1076 1672 σὺ
1096 1636 1245 1683 μετέρχε
1270 1641 1361 1675 Μοιι.
1387 1641 1427 1674 Β.
1470 1639 1693 1687 σνμμετέρχῃ

1030 1685 1116 1718 Lob.
1143 1685 1264 1741 (-ηι)
1288 1686 1363 1720 Ald.
1390 1687 1468 1721 Bas.
1491 1689 1546 1722 ab.
1571 1688 1692 1732 Steph.

1032 1729 1077 1765 σὺ
1113 1730 1297 1776 μετέρχει-
1317 1733 1556 1776 recentiores,
1603 1734 1692 1767 inter

1030 1789 1115 1821 quos
1150 1779 1328 1812 Bekkerus
1361 1777 1406 1813 σὺ
1429 1791 1505 1823 μετ.
1529 1791 1571 1813 ex
1596 1780 1690 1813 Mon

1031 1823 1069 1856 B.
1095 1828 1131 1857 et
1154 1824 1294 1869 reliquis
1316 1829 1446 1870 septem
1477 1834 1581 1871 supra
1603 1826 1693 1860 indi-

1031 1870 1116 1903 catis
1159 1870 1306 1904 afferens
1338 1872 1607 1906 terminationem
1637 1873 1692 1906 in-

1031 1919 1160 1949 certam
1182 1917 1322 1962 reliquit
1343 1929 1454 1963 neque
1478 1919 1520 1952 de
1544 1919 1627 1952 Ven.
1650 1918 1692 1951 C.

1030 1962 1108 1995 Par.
1131 1963 1173 1997 D.
1199 1963 1277 1996 Vat.
1303 1963 1351 1997 M.
1377 1965 1557 2013 quicquam
1587 1964 1692 2021 signi—

1027 2008 1166 2050 ficavit,
1212 2010 1456 2043 Stallbamnius
1497 2012 1611 2045 autem
1645 2008 1690 2045 σὺ

1027 2051 1188 2097 μετέρχει
1221 2054 1255 2088 ἰιι
1287 2056 1516 2098 Florentinis,
1564 2057 1688 2090 Mona-

1027 2101 1119 2133 censi
1136 2101 1218 2145 (C.)
1243 2103 1278 2134 et
1300 2101 1488 2137 Parisiensi
1499 2103 1585 2148 (K.)
1605 2103 1691 2136 scri-

1026 2152 1122 2201 ptum
1142 2147 1302 2180 ostendit.

1070 2190 1141 2236 γάρ
1161 2194 1246 2237 μοι]
1271 2194 1321 2227 bis
1343 2193 1437 2228 Mon.
1465 2194 1510 2229 C.

1073 2239 1212 2283 δῆλον]
1239 2235 1334 2273 εἶναι
1355 2241 1445 2273 idem
1469 2243 1505 2274 et
1529 2241 1627 2297 Vinnd.
1649 2241 1688 2274 B.

1026 2284 1165 2318 addunt.
1213 2286 1311 2319 Theo
1344 2287 1419 2320 Sm.
1449 2299 1484 2342 p.
1509 2288 1550 2322 9·
1583 2286 1623 2322 ἓν
1649 2295 1690 2320 τε

1027 2333 1107 2370 τοῖς
1135 2329 1219 2374 ἑξῆς
1247 2329 1412 2366 ε’παινων
1438 2330 1508 2376 τήν
1534 2333 1618 2390 περὶ
1641 2329 1690 2366 vn?

1027 2377 1188 2410 τοιαῦτα
1202 2376 1411 2436 μαθήματα
1422 2377 1591 2435 σπουδὴν
1602 2382 1689 2423 γεώ-

1026 2423 1180 2480 μετρία
1177 2422 1252 2464 aka),
1279 2425 1402 2468 φησὶν,
1423 2422 1500 2458 ἐστὶ
1517 2424 1601 2480 περὶ
1619 2424 1690 2469 τὴν

1028 2470 1097 2503 τοῦ
1127 2451 1305 2504 ἐπιπέδου
1328 2471 1523 2514 θεωρίαν,
1559 2482 1689 2515 αστρο·

1026 2516 1140 2558 ’νομέα
1175 2513 1215 2550 δε
1242 2516 1327 2573 περὶ
1353 2516 1432 2573 τὴν
1442 2517 1510 2551 τοῦ
1538 2517 1689 2560 στερεοῦ

1028 2560 1182 2617 φορὰν,
1212 2560 1312 2617 αυτὴ
1345 2561 1384 2597 δὲ
1409 2560 1605 2606 αναγκοὶζει
1636 2563 1689 2602 εἰς

1026 2605 1068 2641 τὸ
1090 2604 1169 2641 ἄνω
1201 2605 1316 2665 ὁρᾷν,
1340 2608 1402 2643 καὶ
1425 2607 1501 2644 ἀπὸ
1531 2610 1609 2643 τῶν
1632 2607 1686 2643 ἐν·

1025 2650 1140 2687 θένδε
1158 2652 1270 2688 ἐκεῖσε
1277 2651 1339 2709 (ἔγ
1341 2666 1382 2689 ει,

1074 2696 1195 2745 ου’τω]
1247 2697 1368 2741 ου’τως
1414 2702 1493 2736 Par.
1530 2701 1574 2735 K.
1618 2713 1686 2735 sec.

1027 2745 1102 2791 Bip.
1140 2750 1175 2780 et
1206 2748 1423 2782 recentiores.
1470 2748 1525 2782 Cf.
1559 2748 1635 2782 Vol.
1660 2748 1685 2781 1.

1027 2803 1062 2838 p.
1085 2793 1166 2834 398,
1190 2805 1219 2827 a.
1245 2794 1304 2828 inf.

1077 2838 1134 2884 οι]
1161 2837 1200 2874 οἳ
1221 2840 1300 2874 Bas.
1326 2840 1379 2874 ab.

1437 1407 1693 1455 α’στρωνομίας

1689 2198 1757 2233 529
