1807 3219
422 168 764 211 CIVITAS
813 169 936 212 LIB.
965 169 1021 212 V.
1052 168 1122 208 464

1420 170 1477 209 69

84 288 155 345 ρὶς
182 288 274 331 τῶν
302 282 446 328 ἄλλων
473 280 739 338 κτήσασθαι,
780 281 860 325 τὸν
898 280 944 324 δὲ
988 281 1048 331 εἷς
1087 277 1169 335 τήν
1199 277 1361 322 ἑαυτοῦ
1391 276 1477 322 ἓτέ-

84 372 170 413 ραν
200 348 362 405 οὖσαν,
393 351 468 396 καὶ
496 348 688 406 γυναῖκα
716 365 761 392 τε
791 349 864 393 καὶ
893 350 1053 400 παῖδας
1083 346 1280 402 ἑτέρους,
1308 344 1475 404 ἡδονάς
1499 355 1539 398 D

84 442 131 469 τε
158 423 233 469 καὶ
263 418 509 485 ἀλγηδόνας
537 417 830 473 ἐμποιοῦντας
872 419 998 461 ἰδίων
1039 416 1182 461 ὅντων
1213 418 1348 467 ἰδίας,
1391 413 1480 458 ἀλλ’

83 493 150 538 ἑνὶ
187 489 372 547 δόγματι
406 491 488 531 τοῦ
531 488 694 530 οἰκείου
731 485 830 540 πέρι
884 485 953 529 ἐπὶ
993 484 1043 528 τὸ
1090 482 1199 527 αὐτὸ
1258 486 1481 535 τείνοντας

83 560 252 611 πάντας
281 559 342 608 εἰς
370 556 420 601 τό
453 555 647 600 δυνατὸν
687 552 931 610 ὁμοπαθεῖς
971 552 1111 610 λύπης
1140 569 1184 596 τε
1214 553 1288 597 καὶ
1316 551 1482 611 ἡδονῆς

83 628 221 679 εἶναις
266 627 444 682 Κομιδῇ
473 623 553 680 μὲν
585 616 697 676 οὖν,
728 622 825 679 ἔφη.
890 623 942 664 Τί
972 621 1044 674 615,-
1084 623 1202 666 δίκαι
1233 637 1277 665 τε
1307 625 1381 665 καὶ
1411 619 1480 676 ἐγ-

83 696 281 754 κλήματα
314 692 426 749 πρὸς
462 690 678 748 ἀλλήλους
719 688 802 734 ούκ
851 688 1068 746 οἰχήσεται
1109 690 1152 742 ἐξ
1202 688 1374 741 αὐτῶν,
1422 687 1482 739 [ὃς

84 767 190 817 ἔπος
230 766 397 814 εἰπεῖν,
457 759 530 804 διὰ
578 758 627 803 τὸ
677 759 813 816 μηδὲν
861 759 979 802 ἴδιον
1027 759 1235 816 ἐκτῆσθαι
1275 755 1389 814 πλὴν
1429 755 1480 800 τό

86 839 234 892 σῶμα,
281 831 335 876 τὰ
375 827 418 874 δ’
458 827 570 873 ἄλλα
604 828 772 880 κοινάς
832 826 938 872 ὅθεν
984 825 1037 883 δὴ
1081 826 1268 883 ὑπάρχει
1306 823 1482 876 τούτοις

89 982 191 1017 Vind.
222 981 265 1016 F.
314 978 462 1023 Κομιδῆ
498 976 573 1012 Ald.
608 977 690 1011 Bas.
725 986 756 1009 a.

91 1029 213 1073 steph.

137 1073 234 1119 ἔφη]
262 1085 326 1107 om.
352 1071 438 1104 ven.
463 1071 504 1104 B.

142 1121 188 1155 Τί
212 1117 298 1163 δέ;]
325 1117 362 1152 τί
389 1116 474 1157 δαίς
500 1117 578 1149 Par.
590 1115 632 1148 A.
657 1114 756 1148 Stob.

91 1166 209 1202 Trino.
235 1165 272 1199 τί
297 1162 336 1198 δὲ
362 1161 430 1207 δή;
458 1161 545 1196 Lob.
564 1161 664 1194 Vind.
684 1161 756 1194 BD.

91 1214 172 1247 vat.
195 1211 244 1246 M.
275 1210 312 1244 τί
337 1207 402 1250 35,-
428 1208 468 1242 αἱ
493 1209 591 1242 Stob.
618 1207 691 1241 cod.
716 1209 757 1240 A.

139 1278 262 1325 δίκαι]
298 1279 381 1322 δίκη
407 1277 506 1310 Vind.
532 1277 573 1310 F.
608 1277 694 1320 Ang.
719 1276 759 1308 B.

94 1328 227 1363 Contra
260 1325 463 1360 Aristoteles
505 1322 606 1356 Polit.
650 1322 691 1355 L.
716 1322 760 1355 II.

93 1387 125 1410 c.
136 1377 168 1410 2.
195 1385 227 1418 p.
239 1374 298 1414 37,
309 1374 365 1407 30.
392 1369 525 1404 Goettl.
553 1366 761 1412 ἐγκλήματα

93 1419 135 1456 δὲ
162 1419 225 1453 καὶ
250 1419 351 1453 δίκαι
374 1415 437 1451 καὶ
463 1412 535 1450 ὅσα
559 1412 652 1448 ἄλλα
679 1417 762 1452 ταῖς

91 1464 244 1502 πόλεσιν
287 1461 470 1507 ὑπάρχειν
519 1460 609 1505 φησὶ
650 1457 759 1503 κακὰ,

91 1509 212 1548 πάνθ’
236 1508 396 1554 ὑπάρξει
418 1507 482 1542 καὶ
506 1505 668 1546 τούτοις.

141 1579 178 1624 ἐξ
203 1578 359 1624 αὐτῶν]
398 1576 563 1620 ἐξαυτῶν
594 1576 695 1609 Vind.
718 1575 760 1610 F.

94 1626 283 1673 οἰχήσεται
308 1623 344 1668 ἐξ
369 1622 497 1659 αὐτῶν
529 1623 668 1656 Ficinus
698 1633 762 1667 per

94 1676 273 1710 cessabunt
295 1673 545 1716 interpretatus
571 1675 635 1703 est.

140 1739 192 1782 ὥς
231 1740 319 1781 ἔπος
352 1740 494 1783 εἰπεῖν]
523 1750 637 1772 omncs
662 1738 764 1781 (con-

93 1791 285 1825 troversiae
298 1787 596 1829 accusationesque
605 1784 764 1827 mutuae)

96 1836 169 1869 Fic.
195 1835 313 1868 εἰπεῖν
329 1853 377 1859 -
394 1829 554 1875 ’ὑπάρχει
574 1843 637 1864 om.
664 1830 764 1863 Vind.

147 1923 274 1971 μηδὲν]
299 1921 428 1968 μηδενὶ
455 1923 533 1956 vat.
558 1922 597 1956 B.
622 1919 765 1965 μηδένα

98 1975 184 2008 Ven.
208 1974 250 2007 Β.
288 1971 399 2015 (Flor.
427 1969 487 2012 C.)
521 1967 764 2002 Stallbaumius

98 2021 135 2055 in
158 2032 227 2053 sec.
252 2029 326 2051 curn
351 2016 551 2050 editionibus
575 2019 655 2047 ante
673 2014 765 2047 Bek-

98 2067 227 2102 kerum.
271 2060 415 2107 μηδένα
438 2058 552 2105 μηδὲν
577 2061 765 2101 Bekkerus,

98 2113 216 2148 Astius
240 2110 275 2144 in
298 2114 379 2144 tert.
405 2114 440 2141 et
464 2107 707 2141 Stallbaumius
732 2106 766 2139 in

99 2171 151 2205 pr.
177 2158 230 2191 ed.
278 2155 554 2201 quandoquidem
589 2165 650 2186 nec
683 2165 766 2196 pro-

97 2206 213 2250 prium
237 2204 436 2248 quicquam,
466 2206 606 2244 praeter
631 2211 765 2242 εον-ρας,

100 2251 262 2289 habebit,
286 2249 419 2292 reliqua
441 2258 522 2280 vero
548 2245 766 2278 communia?

99 2296 177 2330 Fic.
225 2293 392 2338 Equidem
424 2303 491 2326 non
522 2292 644 2332 video,
686 2290 766 2335 quid

100 2342 137 2376 in
175 2341 327 2375 codicum
363 2344 495 2372 tantum
525 2349 591 2370 non
623 2338 766 2370 omnium

102 2392 139 2423 et
186 2385 329 2421 Stobaei
375 2383 519 2417 lectione
565 2382 768 2426 reprehendi

100 2434 235 2481 possit,
271 2431 300 2465 si
333 2426 475 2468 αὐτοὺς
509 2429 550 2462 ad
587 2426 769 2472 ἐκτῆσθαι

103 2492 146 2515 ex
167 2478 322 2526 proximo
355 2473 481 2510 αὐτῶν
513 2481 710 2520 repetatur,
734 2474 769 2507 id

103 2527 195 2573 quod
225 2523 404 2568 sequentia
434 2519 481 2554 τὰ
508 2518 551 2555 δ’
577 2517 669 2554 ἄλλα
694 2532 769 2554 κοι-

103 2571 153 2607 νὰ
179 2571 208 2606 si
231 2570 340 2605 minus
364 2567 544 2612 flagitant,
569 2574 663 2601 certe
680 2579 771 2600 com-

103 2618 274 2654 mendant.

152 2660 355 2706 ἐκτῆσθαι]
380 2658 583 2702 κεκτῆσθαι
606 2658 706 2692 Vind.
727 2659 770 2692 D.

103 2711 185 2745 Par.
208 2709 254 2743 K.
280 2719 349 2742 sec.
374 2705 482 2739 Bekk.
507 2706 598 2739 Flor.
609 2705 653 2738 T.
672 2705 770 2738 Stob.

104 2757 205 2790 iidem
229 2757 322 2794 fere,
355 2751 414 2797 qui
448 2751 540 2785 infra
563 2763 597 2796 p.
623 2752 702 2785 469.
727 2750 772 2784 D.

106 2802 224 2836 eodem
245 2798 344 2836 modo
368 2809 391 2831 a
406 2797 548 2841 vulgata
566 2797 772 2841 discrepant.

106 2848 179 2884 Sed
199 2847 243 2883 L.
267 2846 328 2881 VI.
355 2844 437 2881 505.
459 2844 500 2880 Β.
523 2854 611 2879 unus
639 2846 773 2878 tantum

812 974 892 1008 Par.
916 973 960 1007 Κ.
985 974 1124 1008 secund.
1148 973 1259 1009 Bekk.
1285 976 1320 1007 et
1343 972 1481 1006 Menon.

812 1032 846 1066 p.
872 1022 928 1055 97.
954 1021 997 1054 E.
1031 1021 1141 1056 nullus
1177 1020 1353 1063 vulgatum
1378 1016 1482 1062 ἐκτῆ-

814 1067 909 1100 σθαι
939 1078 1005 1100 non
1037 1066 1200 1110 agnoscit.
1248 1065 1372 1110 Neque
1396 1065 1482 1098 Pro-

813 1118 884 1156 tag.
908 1125 985 1157 pag.
1010 1114 1090 1148 340.
1116 1113 1159 1146 D.
1193 1116 1253 1146 aut
1270 1111 1375 1156 Hipp.
1400 1110 1480 1145 min.

815 1171 849 1204 p.
875 1160 954 1194 375.
979 1160 1018 1192 A.
1046 1159 1084 1193 C.
1123 1170 1184 1204 per
1217 1158 1350 1191 codices
1384 1156 1484 1190 dubi-

815 1211 892 1238 tare
915 1205 1016 1246 licet,
1049 1205 1129 1249 quin
1163 1202 1343 1248 ἐκτῆσθαι
1367 1214 1484 1236 verum

816 1251 870 1285 sit.
920 1251 1035 1284 Etiam
1060 1251 1146 1284 Phil.
1180 1262 1213 1295 p.
1239 1251 1293 1285 58.
1319 1250 1361 1283 D.
1387 1255 1484 1282 recte

815 1297 851 1330 id
877 1308 896 1330 a
920 1297 1078 1330 Bekkero
1115 1309 1157 1331 ex
1195 1297 1312 1330 Clark.
1338 1296 1417 1329 Vat.
1442 1298 1483 1329 A.

820 1344 902 1376 Ven.
930 1343 970 1377 C.
996 1344 1119 1388 quibus
1144 1343 1230 1377 Lob.
1256 1341 1401 1382 accedit,
1426 1352 1483 1374 re·-

818 1389 973 1423 stitutum
1005 1390 1150 1424 videtur.
1223 1389 1293 1422 Sed
1335 1388 1484 1422 Theaet.

818 1447 850 1480 p.
881 1437 957 1470 198.
983 1435 1024 1468 D.
1059 1435 1117 1469 ubi
1153 1435 1195 1468 de
1218 1434 1397 1468 venatione
1420 1434 1484 1467 du-

817 1481 906 1526 plice
931 1481 1066 1525 agitur,
1102 1482 1283 1515 Platonem
1306 1479 1485 1525 scripsisse

817 1524 841 1571 ἡ
866 1524 932 1570 μὲν
956 1527 1044 1569 πρὶν
1064 1525 1245 1571 ἐκτῆσθαι
1265 1526 1334 1560 τοῦ
1357 1526 1483 1570 κεκτῆ-

819 1575 911 1607 σθαι
945 1571 1052 1607 ἕνεκα
1098 1573 1179 1607 mihi
1221 1572 1414 1606 Lobeckius
1447 1576 1484 1605 et

819 1620 1026 1653 Schaeferus
1058 1620 1101 1654 ad
1136 1619 1262 1663 Phryn.
1295 1630 1373 1664 pag.
1403 1620 1483 1654 762.

819 1666 1027 1711 persuadere
1083 1666 1228 1700 nondum
1287 1670 1485 1710 potuerunt,

820 1712 1079 1756 perlubentique
1112 1712 1261 1752 accidit,
1310 1722 1411 1755 quum
1449 1710 1484 1743 in

821 1758 907 1791 Lob.
932 1758 1113 1803 utrobique
1136 1757 1340 1800 κεκτῆσθαι
1362 1767 1485 1790 exara·

819 1809 892 1837 tum
923 1804 1082 1838 viderem.
1138 1804 1230 1837 Idem
1263 1803 1350 1836 liber
1381 1814 1486 1848 prae-

820 1851 1047 1884 stantissimus
1079 1861 1111 1894 p.
1139 1851 1216 1884 199.
1242 1852 1282 1883 A.
1314 1848 1371 1883 ubi
1394 1849 1486 1882 Bek-

822 1897 926 1930 kerus
959 1896 1140 1930 secundum
1177 1895 1295 1929 Clark.
1329 1896 1408 1929 vat.
1441 1896 1483 1929 A.

822 1943 907 1976 Ven.
935 1943 974 1976 C.
1011 1938 1032 1976 ὃ
1056 1940 1122 1997 μέν
1146 1941 1201 1981 τις
1230 1938 1482 1990 ἕκτηταιημὴ

822 1989 1025 2033 κεκτῆσθαι
1043 1985 1234 2022 αδύνατόν
1251 1999 1374 2031 φαμεν
1392 1990 1487 2021 εἶναι

823 2035 949 2077 edidit,
971 2035 1144 2079 vulgatum
1171 2032 1341 2077 κέκτηται
1358 2039 1485 2067 tuetur.

824 2082 969 2115 Omnino
988 2081 1096 2114 rarior
1116 2081 1205 2126 apud
1225 2081 1358 2114 Atticos
1376 2081 1486 2114 forma

821 2128 972 2171 legitima
991 2133 1055 2168 est,
1081 2139 1180 2171 quam
1206 2127 1388 2160 secundum
1413 2126 1487 2160 Eu-

823 2174 937 2207 stathii
964 2173 1216 2206 adnotationem
1241 2173 1283 2205 ad
1308 2173 1347 2205 ΙΙ.
1372 2172 1416 2205 Τ.
1439 2171 1484 2204 II.

823 2231 855 2262 p.
870 2222 949 2254 272.
971 2221 1026 2254 30.
1047 2219 1139 2264 Lips.
1165 2216 1226 2262 (τὸ
1249 2218 1286 2252 δὲ
1307 2215 1488 2262 ἐκτῆσθαι

822 2264 982 2300 Ἀττικόν
1008 2262 1083 2298 ἐστι
1107 2263 1169 2298 καὶ
1195 2261 1289 2298 αὐτὸ
1317 2263 1380 2298 καὶ
1413 2261 1488 2296 Ἰω-

823 2310 928 2347 νικὸν
953 2309 991 2345 δὲ
1012 2308 1297 2356 οἷποβληθέντος
1315 2310 1383 2344 τοῦ
1401 2320 1487 2353 συμ-

825 2356 955 2403 φώνου
980 2358 1046 2401 τῆς
1066 2355 1272 2401 αὐξήσεως)
1297 2356 1489 2401 exspectari

824 2410 972 2450 poterat.
1010 2404 1167 2447 Aeschyli
1190 2415 1290 2435 unum
1315 2403 1422 2436 locum
1445 2413 1488 2436 ex

824 2451 996 2484 Prometh.
1029 2452 1106 2485 792.
1142 2444 1251 2492 (ὄμμ’
1275 2445 1488 2492 ἐκτημέναι)

825 2497 977 2531 Thomas
1027 2496 1193 2539 magster
1240 2506 1301 2539 pro
1335 2496 1489 2539 exemplo

826 2542 963 2588 posuit,
997 2542 1050 2575 cui
1084 2545 1226 2575 alterum
1252 2552 1292 2574 ex
1315 2540 1490 2575 veteribus

826 2594 966 2634 praeter
1010 2588 1185 2641 IJlatonem
1232 2587 1291 2632 qui
1323 2586 1491 2622 addiderit

827 2646 894 2668 non
917 2646 1064 2667 invenlo.

874 2701 922 2737 τὰ
948 2700 1013 2746 δ’]
1038 2700 1086 2736 τὰ
1114 2700 1154 2736 δὲ
1177 2700 1278 2735 Vind.
1301 2701 1344 2736 F.
1369 2702 1468 2736 Stob.

876 2768 996 2816 ὅθεν]
1019 2767 1144 2804 πόθεν
1167 2770 1248 2805 Vat.
1270 2771 1316 2806 H.
1338 2771 1431 2805 Flor.
1450 2769 1493 2805 V.

876 2838 952 2886 δὴ]
977 2836 1017 2875 δὲ
1041 2839 1140 2875 Stob.
1166 2840 1286 2875 Triuc.
