1807 3219
296 173 378 213 144

747 164 1224 208 PLATONIS

289 277 622 338 Ὠμολογήσθω.
649 290 653 294 ’
681 279 771 323 Καὶ
799 277 909 335 μὴν,
937 271 994 332 ἦν
1024 274 1069 321 δ’
1086 274 1192 332 ἐγώ,
1220 274 1294 318 καὶ
1326 272 1563 330 ὅτιπάσης
1590 272 1674 319 αύ-

294 353 390 404 τῆς,
429 348 503 392 καὶ
543 346 645 392 οὔτε
686 349 879 403 σμικροῦ
914 343 1014 389 οὔτε
1053 346 1252 401 μείζονος
1291 341 1393 387 οὔτε
1419 344 1675 399 τιμιωτέρου

299 415 399 461 οὔτε
431 414 690 473 ἀτιμοτέρου
718 413 879 470 μέρους
908 413 1078 464 ἑκόντες
1096 411 1317 467 ἀφίενται,
1350 411 1496 466 ὥσπερ
1520 412 1567 455 ἓν
1586 417 1679 464 τοῖς

295 484 492 540 πρόσθεν
519 486 617 539 πἐρί
644 499 690 527 τε
728 486 818 526 τῶν
857 482 1099 538 φιλοτίμων
1135 479 1210 524 καὶ
1245 480 1468 533 ἐρωτικῶν
1499 478 1681 535 διήλθο-

296 569 390 609 μεν.

435 550 608 608 Ὀρθῶς
621 584 630 602 ,
677 550 760 607 ἔφη
771 583 782 602 ,
827 549 976 605 λέγεις.

1042 547 1153 592 Τόδε
1198 550 1354 592 τοίνυν
1400 547 1507 604 μετὰ
1547 552 1681 591 τοῦτο

297 618 452 664 σκόπει
482 621 518 663 εἰ
549 617 717 675 ἀνάγκη
760 619 871 674 ἔχειν
908 617 1019 673 πρὸς
1048 616 1192 674 τούτῳ
1224 617 1271 660 ἐν
1309 621 1362 675 τῇ
1395 616 1527 672 φύσει
1557 619 1598 660 οἳ
1629 615 1684 660 ἂν

296 688 509 746 μέλλωσιν
539 687 714 731 ἔσεσθαι
745 687 870 738 οἵους
900 685 1109 742 ἐλέγομεν.
1145 685 1205 729 Τὸ
1232 690 1385 740 ποῖον;
1421 684 1512 742 Τὴν
1542 682 1682 766 ἀψεύῖ

299 759 422 801 δειαν
461 756 535 800 καὶ
582 753 630 798 τὸ
681 752 860 806 ἑκόντας
901 753 1013 798 εἶναι
1053 756 1231 811 μηδαμῇ
1268 753 1586 809 προσδέχεσθαι
1633 752 1682 796 τὸ

298 827 484 878 ψεῦδος,
517 822 623 868 ἀλλὰ
652 827 817 878 μισεῖν,
853 822 934 879 τήν
963 822 1007 866 δ’
1037 821 1249 878 ἀλήθειαν
1282 820 1486 877 στέργειν.
1544 818 1683 871 Εἰκός

298 911 371 950 γε
403 893 500 950 ἔφη·

567 891 631 936 Ου’
661 891 801 947 μόνον
829 907 899 947 γε,
929 885 962 934 ὦ
992 891 1112 946 φίλε,
1143 889 1282 943 εἰκὸς,
1325 888 1433 933 ἀλλὰ
1460 889 1535 933 καὶ
1562 890 1683 932 πᾶσα

300 959 469 1018 ἀνάγκη
499 959 578 1004 τὸν
607 961 824 1016 ἐρωτικῶς
852 976 933 1003 του
963 956 1096 1015 φύσει
1134 957 1287 1014 ἔχοντα
1326 961 1416 1001 πᾶν
1453 955 1502 1000 τὸ
1533 957 1681 1012 ξυγγε-

298 1029 370 1083 νές
399 1046 444 1074 τε
473 1029 545 1074 καὶ
578 1031 743 1074 οἰκεῖον
771 1031 860 1072 τῶν
888 1029 1105 1072 παιδικῶν
1136 1025 1322 1083 ἀγαπᾷν.
1355 1023 1552 1081 Ὀρθῶς,
1583 1024 1680 1081 ἔφη.

344 1176 637 1224 Ωμολογήσθω]
711 1176 961 1223 ὁμολογεῖσθαι)

301 1226 402 1262 Vind.
427 1227 467 1261 Β.
493 1228 578 1261 Ven.
602 1227 644 1260 B.
676 1227 757 1261 Vat.
785 1226 832 1260 M.
865 1225 962 1260 Flor.

301 1272 442 1307 ACTV.
491 1269 738 1316 ὁμολογήσθω
782 1271 884 1306 vind.
918 1271 962 1305 Ε.

301 1315 561 1374 (ὁμολογείσθω
588 1320 666 1354 Vat.
692 1318 735 1353 H.
776 1313 963 1372 ωμολογή-

302 1366 383 1398 σθω
417 1376 492 1398 cum
517 1361 536 1398 ὁ
563 1368 598 1398 et
622 1364 654 1399 εί
685 1375 788 1410 super
823 1375 851 1397 ω
879 1369 914 1397 et
937 1360 963 1406 η’

301 1410 387 1445 Lob.
413 1415 448 1444 et
471 1412 557 1446 Ven.
583 1410 624 1446 C.

345 1477 408 1514 καὶ
428 1474 599 1523 &td-noc).
619 1491 683 1512 om.
702 1477 789 1511 Lob.
810 1475 964 1512 Vind.B.

300 1525 395 1560 Mon.
420 1526 461 1560 Β.
486 1526 566 1560 Vat.
592 1525 670 1559 ΒΜ.
696 1525 792 1558 Flor.
817 1523 862 1557 U.

345 1591 469 1637 πάσης
503 1590 647 1646 αὐτῆς]
698 1592 770 1627 scil.
812 1587 963 1632 ου’σίαςς

300 1640 390 1686 quod
415 1651 517 1684 quum
547 1639 734 1684 proximum
758 1641 793 1672 et
814 1640 886 1672 tale
909 1638 965 1678 sit,

300 1690 340 1720 ut
374 1697 476 1720 sensu
509 1687 603 1720 salvo
639 1683 812 1718 subaudhi
846 1682 965 1738 possit,

302 1732 458 1788 impexite
491 1731 639 1772 faciunt,
678 1730 735 1775 qui
766 1727 966 1784 μαθησεως

302 1790 362 1812 seu
388 1775 587 1821 ἐπιστήμης
606 1788 647 1810 ex
667 1776 723 1810 illo
741 1773 965 1819 μαθήματος

303 1824 435 1858 scilicet
458 1824 642 1857 eruendum
670 1835 722 1856 eo
713 1834 778 1867 que
802 1822 886 1855 haec
910 1832 966 1854 re-

303 1870 445 1904 ferenda
468 1872 632 1904 statuunt.
656 1869 740 1903 Eius
760 1868 855 1907 enim,
874 1867 964 1912 quod

304 1920 381 1958 est,
406 1916 472 1959 τῆς
501 1911 650 1958 ονσίας,
684 1916 810 1948 multae
843 1925 965 1947 secun-

304 1961 383 1996 dum
404 1962 582 1996 Platonem
605 1963 725 2013 partes
746 1963 844 2001 sunt,
879 1970 965 2004 quas

304 2008 400 2042 ideas
426 2007 621 2052 appellabat
640 2010 674 2040 et
694 1985 859 2060 dignitate
878 2017 964 2050 quo-

305 2066 392 2099 que,
410 2054 558 2094 decore,
582 2052 792 2097 praestantia
816 2052 903 2085 inter
928 2062 965 2084 se

304 2100 444 2135 differre
478 2100 662 2139 censebat,
704 2109 846 2143 quarum
877 2097 965 2131 aliae

303 2146 445 2181 alianum
479 2157 543 2191 ope
578 2124 827 2189 disciplinarum
866 2143 966 2177 inda-

303 2196 428 2238 gantur
450 2194 554 2236 atque
589 2194 856 2234 cognoscuntur,
887 2189 965 2222 uni-

303 2250 426 2272 versae
457 2249 539 2271 vero
569 2237 679 2282 ipsam
705 2237 797 2270 illam
832 2232 966 2270 ου’σίαν

304 2284 476 2324 efficiunt,
512 2283 608 2316 cuius
632 2285 785 2316 amantes
808 2293 966 2316 necessa-

302 2330 353 2364 rio
379 2329 575 2373 disciplinas
592 2339 727 2374 quoque
746 2340 859 2362 omnes
875 2339 965 2361 amo-

302 2388 341 2410 re
366 2376 645 2421 complectuntur.
702 2373 810 2408 Simul
843 2373 969 2407 intelli-

303 2422 416 2479 gitur,
444 2433 505 2455 cur
528 2420 641 2466 paullo
665 2423 744 2454 ante
768 2420 878 2465 δηλοῖ
903 2419 968 2475 τῆς

303 2465 436 2507 ου’σίας
459 2467 573 2501 dicere
590 2465 758 2508 maluerit,
782 2478 882 2512 quam
899 2463 968 2509 τὴν

304 2510 451 2549 ου’σίαν.

353 2581 441 2627 καὶ]
467 2594 531 2616 om.
555 2582 636 2616 Par.
658 2581 704 2615 K.

353 2650 532 2695 σμικροῦ]
557 2649 690 2695 μικροῦ
714 2648 812 2683 Flor.
827 2649 879 2697 V.

355 2714 443 2754 οὔτε
467 2716 714 2763 ἀτιμοτέρου]
741 2729 804 2752 om.
830 2717 912 2751 BaS.
935 2717 969 2751 b.

354 2787 513 2833 μέρους]
537 2785 668 2832 γένους
690 2786 786 2821 Flor.
810 2786 855 2821 T.
879 2796 972 2820 mar-

310 2847 354 2881 go
377 2834 472 2870 Ftor.
496 2835 538 2870 R.
564 2837 600 2868 et
623 2845 666 2877 γρ
691 2833 777 2877 Ang.
794 2833 835 2867 Β.

1066 1173 1105 1210 ἐν
1123 1170 1203 1216 τοῖς
1219 1172 1406 1221 πρόσθεν]
1431 1174 1473 1210 L.
1485 1175 1528 1209 V.
1553 1185 1587 1219 p.
1601 1173 1684 1208 474.

1020 1223 1189 1312 Ι)τί](1γε
1212 1267 1292 1302 Par.
1316 1266 1392 1302 DK.
1414 1265 1492 1300 Ald.
1516 1266 1599 1299 Bas.
1626 1265 1681 1298 ab.

1019 1316 1139 1372 Steph.
1165 1316 1241 1348 Ast.
1265 1324 1334 1347 sec.

1066 1359 1153 1405 καὶ]
1179 1371 1243 1394 om.
1269 1358 1415 1393 Par.1).
1440 1369 1461 1392 a
1485 1369 1528 1392 m.
1553 1367 1606 1402 pr.

1072 1427 1193 1485 Τόδε]
1218 1425 1262 1462 τὸ
1283 1425 1322 1461 δε
1343 1426 1444 1462 vind.
1468 1426 1512 1461 Ε.

1066 1473 1159 1520 μετὰ
1186 1474 1321 1517 τοῦτο]
1354 1472 1560 1516 μετα-τοῦτο
1591 1471 1686 1505 Μοιι.

1021 1521 1348 1611 Βοέῗ]ᾶΙῒ1ξ.ἃὲΙῐίἓὲ.
1378 1565 1423 1600 Ε.
1455 1576 1477 1599 a
1509 1575 1552 1598 m.
1577 1574 1629 1609 pr.
1661 1555 1688 1605 ἦ

1023 1626 1044 1648 a
1067 1625 1111 1648 ιιι.
1135 1624 1163 1648 s.

1069 1664 1260 1725 ἐλέγομεν]
1295 1677 1445 1723 λέγομεν
1473 1679 1560 1712 Lob.
1585 1676 1686 1712 Vind.
1699 1684 1731 1726 C

1024 1729 1100 1763 ΒΙ.
1126 1728 1219 1761 Μοιι.
1245 1728 1286 1761 Β.
1310 1727 1389 1761 Pa1.
1413 1725 1489 1759 DK.
1515 1735 1583 1758 sec.
1607 1724 1685 1768 Bip.

1023 1776 1108 1818 Ang.
1130 1775 1170 1807 Β.
1197 1774 1277 1809 Vat.
1302 1773 1350 1807 Μ.
1374 1772 1469 1806 Flor.
1495 1771 1540 1805 U.

1071 1840 1124 1876 T6
1147 1843 1282 1875 ποῖον·
1272 1841 1304 1884 ,]
1331 1852 1393 1874 om
1418 1839 1518 1874 Vind.
1541 1840 1583 1873 B.
1621 1838 1686 1871 Se-

1021 1888 1162 1933 quentia
1204 1867 1357 1920 adhibuit
1397 1885 1605 1920 Themistius
1641 1885 1684 1917 ab

1020 1934 1116 1968 Astio
1140 1933 1297 1967 laudatus
1332 1944 1382 1967 or.
1409 1932 1504 1966 XXI.
1548 1942 1580 1976 p.
1604 1930 1684 1964 257.

1022 1981 1072 2014 C:
1096 1977 1276 2035 τέταρτον
1298 1975 1337 2012 δε
1357 1975 1477 2012 τύπον
1499 1974 1595 2011 εἶναί
1612 1987 1684 2019 φα-

1022 2037 1078 2060 σιν
1100 2024 1169 2069 τὴν
1190 2023 1375 2068 ἀψευδίαν
1393 2023 1455 2058 καὶ
1474 2021 1516 2058 τὸ
1532 2019 1685 2060 εκόντας

1023 2070 1119 2106 εἶναι
1157 2069 1271 2115 μηδεν
1302 2070 1452 2126 μηδαμῆ
1490 2065 1684 2125 προσδέχε

1022 2120 1112 2153 σθαι
1142 2116 1185 2152 τὸ
1216 2117 1382 2160 ψεῦδος,
1418 2106 1511 2149 αλλὰ
1552 2117 1684 2169 μισεῖν,

1021 2163 1090 2208 τὴν
1116 2162 1155 2198 δε
1181 2160 1363 2206 ἀλήθειαν
1390 2159 1560 2217 στέργειν.
1594 2155 1685 2204 ἄγοι-

1021 2222 1089 2254 μαι
1120 2210 1188 2244 οὐν
1214 2207 1281 2253 ἐγὼ
1310 2208 1374 2243 καὶ
1393 2206 1511 2253 ταύτῃ
1535 2204 1604 2241 τὸν
1623 2217 1685 2240 νο·-

1021 2253 1188 2300 μοθέτην
1212 2258 1278 2291 etc.

1069 2321 1246 2368 εκόντοις]
1271 2321 1402 2358 &noma
1424 2323 1518 2357 Flor.
1541 2321 1586 2357 T.

1067 2381 1234 2426 μηδαμῇ]
1253 2380 1403 2425 μηδαμῆ
1426 2380 1591 2414 editiones
1608 2382 1687 2412 ante

1022 2429 1228 2462 Bekkerum.

1070 2497 1134 2541 γε]
1176 2494 1222 2540 δὴ
1254 2495 1355 2532 Vind.
1380 2495 1424 2530 Ε.
1463 2491 1617 2538 yVind.
1642 2493 1685 2527 F.

1026 2543 1111 2587 Ang.
1136 2543 1177 2576 Β.
1208 2544 1288 2578 Vat.
1315 2542 1359 2576 H.
1394 2542 1489 2575 Flor.
1512 2539 1686 2574 ACRTV.

1028 2572 1151 2679 Stil}
1164 2646 1228 2669 om.
1253 2633 1353 2670 Vind.
1377 2633 1422 2668 Ε.

1048 2692 1180 2754 7φίλε]
1226 2692 1334 2736 φίλος
1374 2691 1460 2725 Lob.

1028 2739 1268 2864 ζὸἑοιῗέὲτοῦ
1294 2783 1379 2818 Lob.
1403 2785 1482 2816 ante
1505 2791 1593 2815 corr.
1640 2778 1686 2822 τῆ

1058 2842 1109 2866 ar.
1200 2855 1209 2865 .

1509 2688 1611 2724 Vind.
1646 2688 1687 2722 B.
