1807 3219
40 1688 80 1730 D

61 2717 96 2758 E

446 167 786 211 CIVITAS
825 169 950 211 LIB.
975 169 1069 211 vu,
1095 174 1164 209 525

108 281 307 338 Ιιέσαμεν.
323 319 325 321 .

1414 169 1500 210 287

364 278 616 336 Ὀρθότατ’,
644 280 746 338 ἔφη.
804 285 955 330 Ταῦτα
983 283 1139 326 τοίνυν
1167 279 1242 325 καὶ
1272 277 1374 335 ἄρτι
1404 280 1500 323 ἐπε-
1525 282 1565 323 D

107 352 288 407 xdoovv
314 349 492 405 diram),
530 348 597 401 ,ῶς
629 349 684 393 τά
720 350 802 406 μὲν
840 349 1148 407 παρακλητικὰ
1184 353 1262 406 τῆς
1302 349 1507 399 διανοίας

109 416 308 471 ἐστὶ,τά
335 416 384 462 δ’
419 416 497 470 οὒ,
528 417 559 462 ἃ
586 418 667 474 μὲν
697 419 760 469 εἰς
788 417 871 474 τὴν
901 419 1109 476 αἴσθησιν
1140 416 1232 475 ἅμα
1261 422 1356 469 τοῖς
1381 418 1508 461 ἐναν-

108 488 218 538 τίοις
246 485 421 538 ἑαυτοῖς
449 485 670 543 ἐμπίπτει,
707 486 1009 543 παρακλητικὰ
1040 486 1317 543 ὁριζόμενος,
1347 485 1432 530 ὅσα
1461 486 1510 530 δὲ

107 555 192 613 μὴ,
224 554 309 600 οὐκ
337 555 539 611 ἐγερτικὰ
580 559 659 611 τῆς
687 554 892 611 νοήσεως.

822 625 874 666 Τί
904 618 1012 676 οὗνς
1055 622 1244 680 ἀριθμός
1273 640 1318 667 τε
1355 624 1430 667 καὶ
1457 623 1508 667 τὸ

108 624 218 680 ἔφη,
257 623 332 667 καὶ,
356 625 493 668 ,δοκεῖ
519 641 595 679 μοι
627 622 758 667 οὕτω.

953 555 1190 600 Μανθάνω
1219 556 1375 599 τοίνυν
1404 555 1506 610 ἤδη,

107 694 158 736 ἓν
186 691 388 747 ποτέρων
416 694 542 736 δοκεῖ
570 690 711 742 εἶναι;
742 689 808 735 Οὐ
839 693 1036 745 ξυννοῶ,
1068 693 1163 749 ἔφη.
1191 690 1311 735 Ἀλλ’
1342 692 1389 736 ἐκ
1419 696 1510 735 τῶν

107 759 466 817 προειρημένων,
509 761 646 817 ἔφην,
686 758 961 816 ἀναλογίζου.
1015 763 1052 805 εἰ
1091 761 1183 817 μὲν
1213 762 1300 818 γάρ
1347 765 1510 812 ἱκανῶς

109 826 218 873 αὐτὸ
257 827 367 872 καθ’
400 826 510 872 αὑτὸ
541 827 700 882 ὁρᾶται
728 827 757 884 ἢ
798 827 909 886 ἄλλῃ
942 830 1026 873 τινὶ
1059 829 1261 884 αἰσθήσει
1287 829 1506 886 λαμβανε-
1535 841 1570 880 Ε

110 913 182 940 ται
211 895 261 940 τὸ
291 898 366 949 ἓν,
412 895 499 941 οὐκ
532 895 587 940 ἂν
629 895 765 941 ὁλκὸν
803 900 868 954 εἴη
908 898 978 941 ἐπὶ
1017 898 1097 955 τὴν
1136 896 1318 949 οὐσίαν,
1358 898 1506 954 ῶσπερ

112 965 183 1010 ἐπὶ
210 969 292 1009 τοῦ
321 964 546 1010 δακτύλου
576 965 804 1022 ἐλέγομεν·

835 966 936 1011 εἶδ’
961 965 1030 1010 ἀεί
1059 984 1100 1010 τι
1131 964 1250 1026 αὐτῷ
1282 966 1370 1023 ἅμα
1400 967 1507 1023 6ρᾶ-

110 1050 182 1078 ται
211 1033 481 1090 ἐναντίωμα,
513 1032 623 1078 ὥστε
644 1036 782 1092 μηδὲν
808 1039 976 1092 μᾶλλον
996 1036 1067 1086 ἓν,
1099 1034 1128 1091 ἦ
1146 1036 1222 1079 καὶ
1240 1034 1506 1080 τούναντίον

111 1103 382 1159 φαίνεσθαι,
439 1106 522 1147 τοῦ
560 1102 894 1160 ἐπικρινοῦντος
934 1103 986 1160 δὴ
1028 1102 1121 1147 δέοι
1162 1102 1218 1146 ἂν
1257 1104 1373 1161 ἤδη,
1431 1105 1506 1148 καὶ

111 1167 388 1226 ἀναγκάζοιτ’
420 1171 476 1214 ἂν
505 1170 697 1233 ἴεν-αὐτῷ
715 1172 833 1230 φυχὴ
860 1172 1041 1227 ἀπορεῖν
1060 1173 1134 1216 καὶ
1159 1176 1299 1228 ζητεῖν
1315 1177 1503 1217 κινοῦσα

110 1238 158 1283 ἐν
186 1238 322 1297 ἑαυτῇ
350 1237 432 1296 τήν
460 1240 641 1284 ἔννοιαν
673 1243 747 1285 καὶ
776 1240 1025 1299 ἆνερωτᾷν,
1056 1243 1098 1285 τί
1127 1240 1220 1286 ποτ’
1250 1241 1364 1286 ἔστιν
1394 1239 1502 1286 αὐτὸ

109 1306 160 1352 τό
177 1309 253 1360 ἓν,
283 1301 359 1353 καὶ
381 1308 499 1353 οὕτω
517 1313 606 1354 τῶν
626 1308 813 1367 ἀγωγῶν
845 1309 902 1354 ἂν
931 1312 996 1367 εἴη
1028 1311 1099 1353 καὶ
1130 1314 1505 1367 μεταστρεπτικῶν
1529 1324 1597 1358 525

108 1410 203 1492 kion.
225 1412 301 1449 Bc,
334 1412 413 1448 Ald.
457 1414 539 1449 Bas.
565 1414 620 1449 ab.
655 1415 778 1461 steph.

138 1463 183 1493 st.

155 1502 331 1550 σμικρόν]
357 1504 492 1551 μικρόν
514 1506 600 1542 Lob.
636 1508 780 1552 Signum

108 1551 342 1632 ἰᾶιιειιοςιιιιᾱί
386 1552 424 1587 in
466 1553 544 1589 Ald.
583 1557 622 1588 et
655 1554 778 1600 Steph-

133 1602 209 1632 eest

155 1641 200 1678 τὸ
223 1639 257 1676 δ’
267 1643 281 1686 ]
305 1641 350 1678 τό
369 1641 403 1678 δ’
428 1644 518 1679 Lob.

157 1686 362 1734 Ὀρθότατ’
365 1691 391 1736 J
409 1688 597 1736 ρῦθόνατ’
622 1691 716 1726 Μοιι.
741 1692 784 1726 C.

112 1732 314 1819 ΕΙρθότατα
338 1737 425 1772 Lob.
450 1734 658 1782 ὀρθῶτατα
681 1738 784 1774 vind.

158 1841 206 1864 τα
233 1825 282 1874 δ’]
307 1826 391 1863 ταδ’
413 1827 564 1865 Vind.F.
588 1827 674 1865 τάδ’
688 1830 783 1864 Μοιι.

112 1876 152 1914 Β.
197 1872 245 1908 τά
275 1872 316 1911 δ’
350 1875 429 1911 Ald.
460 1877 544 1912 Bas.
568 1877 624 1912 ab.
671 1875 719 1911 τὰ
743 1873 784 1911 δὲ

113 1920 213 1958 vind
239 1921 316 1956 ΒΕ.

160 1965 252 2024 τὴν]
277 1980 353 2004 σπι.
367 1966 464 2003 Flor.
487 1967 535 2004 T.

162 2011 334 2069 ἑαυτοῖς]
360 2026 427 2048 om.
452 2014 546 2049 Mon.
568 2014 626 2049 Β.

164 2057 391 2104 ὁριζόμενος]
418 2058 661 2105 ἐργαζόμενος
679 2061 781 2097 Vind.

116 2105 158 2144 F.
181 2112 217 2140 et
239 2118 357 2152 margo
352 2106 424 2143 Fi
427 2118 477 2143 or.
478 2108 537 2142 Α.

163 2149 309 2234 Ἐτῖέν
313 2165 416 2243 ἷνῖιῗ)
420 2154 502 2234 {133
506 2153 670 2234 θὲξξᾞῗ)
689 2200 780 2235 nulla

117 2244 174 2279 hic
205 2245 403 2288 distinctio,
446 2245 508 2280 sed
549 2246 672 2280 deinde
702 2250 784 2292 post

115 2288 160 2329 ἓν
190 2303 321 2327 comma
353 2296 420 2326 est.
465 2291 577 2326 Simili
599 2293 699 2327 modo
722 2294 785 2327 Fi·-

118 2337 226 2372 cinus.

164 2380 362 2426 ποτέρων]
398 2361 564 2427 πότερον
587 2382 681 2420 Μοιι.
713 2384 786 2421 BC.

122 2429 224 2464 Vind.
247 2430 323 2464 BE.
347 2429 446 2464 Flor.
471 2431 515 2464 Τ.
549 2434 628 2464 eta
664 2443 707 2465 ιιι.
733 2443 785 2476 pr.

118 2475 205 2557 Xen.
231 2476 273 2510 Β.
305 2472 492 2520 πρότερον
515 2477 596 2512 Vat.
619 2477 665 2512 H.
688 2478 784 2512 Flor.

164 2565 274 2612 ἔφην]
300 2565 372 2611 ἔφη
394 2567 497 2603 Vind.
522 2567 562 2602 F.

165 2613 326 2668 ικανῶς]
352 2610 483 2655 ὶκανος
504 2613 608 2650 idem.
654 2614 785 2651 Deinde

118 2658 303 2694 καθαυτό.

167 2719 215 2741 αν
237 2702 366 2762 ὁλκὸν]
395 2701 557 2741 ἅνολκον
579 2706 664 2741 Lob.
689 2706 784 2742 Mon.

119 2753 162 2787 B.
196 2765 244 2786 αν
272 2749 378 2789 ἕλκον
400 2752 481 2788 Par.
504 2753 550 2788 K,
574 2765 644 2788 sec.
673 2754 784 2790 Bekk.

119 2798 217 2835 Flor.
240 2799 288 2834 T.
334 2799 375 2833 In
400 2798 481 2833 Vat.
504 2799 553 2835 M.
576 2803 698 2834 lacuna
718 2803 782 2835 est.

122 2844 179 2879 cf.
202 2855 308 2891 supra
330 2856 364 2890 p·
387 2846 468 2882 276.

837 1425 937 1493 vva
943 1410 1074 1493 ali-595]
1098 1425 1150 1457 τε,
1176 1425 1196 1448 e
1221 1425 1309 1448 corr.
1332 1426 1382 1458 τι,
1408 1411 1505 1449 αὐτὸ

870 1472 902 1493 ιιι

882 1502 934 1550 ἢ]
962 1518 1028 1540 om-
1056 1506 1156 1540 de.
1180 1503 1226 1540 E.

882 1548 1132 1598 τούναντίον]
1173 1549 1402 1587 τούναντίου
1431 1552 1506 1587 Ald.

836 1600 918 1632 Bas.
944 1610 976 1633 a.

883 1642 955 1700 δὴ]
983 1657 1049 1678 om.
1076 1643 1179 1679 Vind.
1203 1644 1248 1679 Ε.
1273 1644 1368 1678 Flor.
1394 1645 1437 1679 R.

890 1688 1139 1746 ἄναγκάζοιτ]
1164 1686 1369 1746 α’ναγκαζοι
1385 1688 1416 1725 τ’
1431 1690 1509 1725 Ald.

889 1733 994 1783 αὐτῷ
1018 1734 1118 1781 ψυχή
1142 1756 1189 1762 -—
1215 1733 1367 1771 ἅπαντα
1386 1738 1509 1772 ταῦτα

842 1784 920 1818 528.
948 1783 1014 1827 C]
1052 1796 1117 1817 om.
1142 1784 1244 1818 Vind.
1274 1784 1313 1817 B.
1349 1785 1441 1818 Mon.
1467 1783 1507 1818 C.

841 1831 922 1864 Vat.
946 1829 991 1862 H.
1017 1829 1090 1863 sine
1112 1830 1181 1863 ullo
1205 1830 1347 1865 lacunae
1371 1830 1508 1864 indicio.

841 1876 915 1909 Hos
938 1875 1041 1920 igitur
1073 1880 1145 1910 tres
1179 1888 1221 1910 ex
1244 1888 1311 1910 uno
1335 1877 1508 1911 derivatos

841 1922 1015 1959 habemus,
1040 1922 1073 1955 ῐιι
1089 1934 1157 1967 quo
1175 1934 1256 1956 casu
1277 1924 1403 1968 aliquo,
1422 1935 1509 1969 qua·—

838 1968 905 2002 lem
929 1968 970 2001 L.
997 1968 1058 2002 VI.
1083 1980 1118 2013 p.
1142 1971 1222 2004 507
1242 1969 1285 2003 E.
1312 1971 1445 2004 Veneto
1464 1969 1506 2003 C.

838 2015 1004 2048 accidisse
1026 2014 1184 2056 vidimus,
1208 2016 1283 2049 ista
1293 2016 1509 2050 interierant.

837 2061 905 2094 Pro
932 2057 1033 2106 αὐτῷ
1058 2061 1153 2095 Flor.
1171 2062 1217 2096 T.
1240 2062 1322 2097 Bas.
1346 2062 1381 2096 b.
1405 2059 1507 2108 αὐτῇ

837 2107 1007 2141 exhibent.

885 2151 1018 2198 εαυτῇ]
1043 2150 1156 2198 ἓαντῇ
1180 2153 1258 2187 Ald.
1284 2154 1385 2210 „Alia
1404 2154 1508 2189 etiam

838 2203 892 2233 est
914 2200 1037 2241 lectio,
1060 2199 1218 2233 κινοῦσα
1243 2181 1293 2234 ἐν
1310 2197 1407 2247 αυτῇ
1439 2198 1508 2245 τήν

843 2245 1013 2280 ἕννοιανε
1048 2246 1109 2279 sed
1141 2243 1180 2280 ἐν
1209 2243 1325 2292 ἑαυτῇ
1359 2248 1510 2281 retinea—

841 2304 916 2326 mus
948 2303 1090 2326 necesse
1125 2294 1216 2326 est.“
1247 2294 1368 2338 Steph.
1391 2306 1426 2338 p.
1451 2294 1508 2329 25

842 2338 995 2380 Vereor,
1028 2350 1072 2372 ne
1104 2338 1190 2372 haec
1219 2340 1320 2374 lectio
1358 2351 1424 2373 non
1457 2339 1510 2373 di-

841 2396 943 2418 versa
967 2385 1013 2418 sit
1037 2386 1079 2418 ab
1108 2396 1173 2428 ea,
1206 2397 1309 2431 quam
1340 2386 1442 2420 modo
1466 2397 1510 2420 ex

841 2431 923 2466 Bas.
948 2431 982 2464 b.
1009 2431 1198 2466 retulimus.

887 2476 925 2511 τί
943 2473 1026 2510 ποτ’
1048 2475 1169 2535 ἔστιν]
1202 2478 1256 2511 Ita
1291 2477 1378 2511 Lob.
1408 2477 1511 2513 vind.

841 2523 883 2558 F.
927 2542 974 2548 -—-
994 2520 1093 2557 ἐστὶν
1127 2524 1194 2557 duo
1225 2523 1351 2568 reliqui
1384 2524 1450 2558 mei
1477 2530 1514 2559 et

844 2569 920 2603 Ald.
946 2570 1025 2603 Bas.
1054 2571 1109 2603 ab.
1133 2570 1255 2614 steph.
1277 2570 1351 2603 Ast.

888 2613 961 2670 τὸ]
989 2628 1056 2650 om.
1079 2617 1167 2651 Ven.
1189 2616 1229 2650 B.
1255 2627 1341 2649 am.
1364 2626 1418 2661 pr.

841 2658 1445 2744 paff⁷m13ff”]pfz²;“⁷sss⁶⁰gt2“⁰¹‚l;.
1467 2663 1509 2742 ῗί
1534 2663 1603 2698 ⁵2⁵

841 2754 928 2789 Ven.
949 2754 990 2788 C.

870 2799 1223 2855 μεταστρεπτικῶν]
1246 2809 1506 2845 μεταστρεπτι-

840 2843 909 2882 nav
933 2846 1034 2884 vind.
1081 2846 1504 2891 .uevoev9fflunc5vLob.
