1807 3219
28 757 37 769 ¹
98 739 173 784 ω’ν.

437 150 467 189 (j
490 149 507 188 l
528 150 567 188 V
587 149 605 188 1
625 148 661 188 T
684 148 723 188 A
747 150 774 189 S
822 150 941 191 [ΑΒ.
962 150 1055 191 Vll.
1086 156 1154 189 526

102 257 187 316 ἇροέ
218 277 258 304 τι
289 257 499 316 προσήκει
529 259 646 316 ἡμῖν.

100 325 412 385 λέγειςςΛύτό
443 332 599 379 τοῦτο,
628 323 686 383 ἦν
720 328 764 372 δ’
797 329 895 385 ἐγώ.

98 396 152 441 τοὶ
184 394 396 452 πολεμικοὶ
435 394 574 439 αὐτοῦ
612 399 741 440 τείνει
763 431 773 450 ,
820 401 955 454 δῆλον
989 397 1057 441 ὅτι
1092 396 1320 454 προσήκει·

713 260 773 304 Τό
804 265 937 305 ποῖον
948 277 961 310 3

1401 154 1486 193 293

1006 259 1037 318 ἢ
1062 263 1352 316 γεωμετρίαν,
1384 261 1483 317 ἔφη,

932 329 1072 372 ‘'060v
1101 329 1203 384 μὲν,
1236 329 1342 385 ἔφη,
1373 327 1485 384 πρὸς

97 466 181 522 γὰρ
218 465 330 515 τὰς
347 464 734 519 στρατοπεὸεύσεις
779 468 854 509 καὶ
895 465 1156 521 καταλήψεις
1195 466 1368 521 χωρίων
1408 465 1484 508 καὶ

98 533 357 590 συναγωγὰς
380 533 454 576 καὶ
483 531 675 585 ἐκτάσεις
705 539 913 588 στρατιᾶς
942 533 1017 576 καὶ
1046 532 1129 576 ὅσα
1160 532 1214 589 δὴ
1242 530 1352 576 α’λλα
1381 545 1484 589 σχη-

98 604 325 660 ματίζουσι
355 600 410 644 τὰ
439 599 711 654 στρατόπεδα
740 601 788 645 ἐν
820 600 974 651 αὐταῖς
1002 617 1046 643 τε
1090 605 1185 651 ταῖς
1225 600 1382 658 μάχαις
1410 602 1484 645 καὶ

97 674 316 727 πορείαις,
349 668 558 724 διαφέροι
588 667 644 712 ἂν
672 667 803 719 αὐτὸς
834 668 973 712 αὑτοῦ
1002 668 1291 724 γεωμετρικός
1320 670 1394 713 καὶ
1423 670 1483 726 μὴ

95 889 340 924 Stallbaumius
362 888 397 922 in
421 899 489 922 sec.
513 887 578 921 hoc
601 898 663 932 pro
687 880 762 930 ἆρα

96 933 273 992 προσήκει
297 932 387 989 ᾐμῖν
422 933 486 968 καὶ
517 934 554 968 τί
586 931 760 977 προσήκει

95 979 185 1026 ἡμῖν
199 981 368 1026 accipiens
380 985 414 1014 et
426 980 606 1033 Matthiaei
618 992 759 1024 grauun.

95 1031 128 1071 §-
141 1030 218 1063 630.
232 1027 379 1061 conferri
394 1027 525 1068 iubens,
549 1026 607 1071 qui
628 1027 662 1070 ξ.
679 1027 758 1061 488.

97 1076 150 1110 12.
183 1086 216 1107 ιι.
242 1076 279 1109 2.
311 1086 345 1118 p.
371 1074 450 1107 919.
476 1073 618 1105 ἀιιιιιιιιιι
651 1073 757 1106 inter-

94 1120 305 1165 rogationum
310 1130 378 1152 una
387 1119 636 1152 enuntiatarum
645 1130 758 1151 exem-

94 1167 151 1211 pla
183 1165 351 1219 quaedam
380 1164 611 1209 significavit,
657 1166 759 1209 quale

94 1216 149 1247 est
182 1211 390 1246 Platonicum
426 1210 507 1249 πῶς
542 1210 579 1244 τί
611 1211 755 1244 Theaet.

94 1271 172 1304 pag.
197 1259 276 1293 208.
303 1257 344 1290 Ε.
371 1261 406 1290 et
429 1257 511 1290 alibi
544 1259 755 1299 usurpatum.

93 1306 164 1340 Sed
187 1304 234 1348 ἄρ
239 1315 262 1337 α
281 1303 317 1337 ’τί
339 1314 448 1348 neque
471 1301 688 1336 Heindorfius
714 1302 757 1335 ad

92 1351 196 1396 Hipp.
215 1317 263 1395 Q.§
294 1349 350 1384 40.
387 1360 498 1393 neque
528 1348 633 1389 311115,
665 1348 755 1392 quod

92 1397 197 1431 sciam
220 1422 230 1437 ‚
275 1395 326 1429 sic
358 1395 508 1428 iunctum
540 1394 754 1435 monstravit,

91 1446 128 1476 et
153 1447 190 1476 ut
211 1441 321 1487 possit
344 1441 526 1486 aliquando
551 1440 594 1473 de
618 1451 656 1473 re
678 1441 756 1484 ipsa

91 1489 250 1523 dubitans
273 1487 395 1542 aliquis
428 1498 569 1531 eamque
616 1486 754 1519 dubita-

90 1536 217 1569 tionem
248 1545 313 1579 per
337 1533 412 1577 ἄρα
436 1533 619 1566 ostendens
643 1532 754 1565 subito

92 1581 190 1626 quasi
225 1592 291 1614 non
322 1579 465 1624 amplius
498 1579 659 1612 dubitans
682 1590 754 1611 mo-

91 1628 170 1660 dum
192 1627 243 1660 rei
265 1626 445 1671 exquirere
469 1628 505 1658 et
526 1624 634 1669 pniori
648 1625 756 1657 inter-

89 1672 258 1717 rogationi
289 1672 431 1706 alteram
455 1683 517 1715 per
540 1670 576 1704 τί
599 1670 754 1704 enuntia-

92 1722 162 1753 tam
192 1718 374 1763 copulare,
413 1717 477 1750 hoc
514 1716 647 1761 quidem
678 1718 754 1750 loco

66 1765 275 1802 inusitatae
321 1763 478 1797 dictionis
522 1774 585 1807 pro
625 1762 756 1796 usitata

91 1811 330 1867 recipiendae
333 1820 455 1843 caussa
478 1821 543 1843 non
561 1809 706 1842 videtur.

135 1853 258 1901 ἦμῖν.]
308 1852 423 1900 ἡμῖν;
460 1855 546 1888 Lob.
588 1855 681 1888 Mon.
713 1854 753 1888 Β.

90 1903 166 1937 Ald.
204 1904 284 1937 Bas.
318 1902 373 1936 ab.
416 1898 643 1945 σκεψώμεθα
676 1902 754 1934 hor—

88 1950 194 1983 tantis
218 1953 281 1984 est.

91 2030 93 2032 ,
139 1991 289 2039 αυτοῦ]
324 2007 388 2028 om.
424 1994 525 2028 Vind.
560 1993 603 2050 Ε.
652 1989 752 2026 αὔτα

89 2041 167 2098 Al2d.
193 2042 272 2075 Bas.
286 2053 316 2075 a.
342 2040 461 2085 Steph.
487 2036 582 2073 αὐτὸ
610 2040 682 2073 Ast.
699 2051 753 2083 pr.

91 2084 187 2143 αυτὴ
213 2087 325 2121 idem
315 2099 350 2120 ιιι
369 2098 437 2120 sec,
462 2086 632 2142 „Legitur
649 2086 753 2119 etiam

90 2130 225 2168 αυτοῦ.
250 2136 289 2166 ut
310 2133 357 2166 sit
381 2113 473 2167 ὅσον
500 2129 631 2166 αὐτοῦ.
657 2143 690 2176 q.
718 2132 750 2163 d.

88 2192 132 2214 ea
156 2179 229 2213 eius
250 2190 333 2223 pars
357 2191 445 2224 quae
468 2179 511 2213 ad
535 2189 590 2212 res
613 2178 753 2212 bellicas

89 2225 274 2282 peitinetf‘
301 2225 419 2282 Steph.
443 2226 479 2258 in
502 2236 545 2257 ιιι.

135 2271 259 2315 τείνει]
286 2270 341 2314 εἴη
367 2271 465 2304 vind.
487 2271 529 2304 Ε.
556 2269 589 2304 εἲ
610 2270 696 2315 Ang.
707 2270 747 2303 B.

91 2317 126 2352 εἰ
136 2318 251 2407 gilgal
272 2316 577 2406 ὂΕτιξδιῖῑὲοἲοῗιΓῐ
581 2364 636 2396 ob.
651 2362 750 2396 Vind.

89 2410 132 2446 Ε.
158 2409 250 2443 Μοιι.
276 2409 316 2442 Β.
341 2409 416 2442 Ald.
441 2410 520 2443 Bas.
546 2410 599 2442 ab.

133 2452 326 2500 προσήκει]
354 2467 418 2489 om.
443 2455 544 2491 Vind.
568 2455 642 2489 EF.
662 2456 750 2500 Ang.

135 2544 390 2590 καταλήψεις]
413 2544 482 2585 τὰς
500 2559 533 2580 κ.
556 2547 641 2580 Lob.
668 2548 748 2582 vat.

88 2593 169 2628 ΒΜ.
195 2595 230 2626 et
259 2604 280 2626 a
311 2603 355 2624 ιιι.
382 2603 410 2626 s.
450 2593 537 2627 Ven.
561 2593 601 2628 B.
639 2604 750 2626 κατα-

90 2636 189 2684 λήψη
214 2638 313 2673 Vind.
337 2638 383 2671 F.

134 2684 299 2728 χωρίων]
337 2685 414 2718 τῶν
441 2696 473 2728 χ.
507 2685 586 2718 Par.
611 2685 655 2718 Κ.
680 2695 747 2718 sec.

91 2731 200 2764 Bekk.
234 2729 371 2786 χωρίον
395 2730 493 2764 Vind.
519 2731 559 2763 F.

137 2773 310 2820 ἐκτάσεις]
338 2773 442 2816 ἐκτός
468 2777 564 2811 Vind.
580 2777 620 2812 F.
646 2773 751 2816 ἐκτὸς

90 2822 190 2857 Vind.
225 2822 268 2857 Ε.
318 2823 752 2868 Ang.B.F10r.ACR.

227 737 344 782 Ἀλλ’
376 732 461 782 οὖν
491 736 567 793 δή,
610 736 753 790 εἶπον,
793 738 904 793 πρὸς
932 739 1011 794 μὲν
1043 737 1097 782 τοὶ
1125 741 1310 782 τοιαῦτα
1340 738 1483 795 βραχύ

818 885 998 929 ἐξετάσεις
1034 887 1160 931 legisse
1200 887 1336 922 videtur
1369 887 1481 929 'lheo‚

817 934 875 976 qui
899 935 919 967 Ι.
934 946 962 968 e.
980 938 1058 978 post
1067 914 1254 976 γενέσθαι
1277 934 1341 967 hoc
1364 934 1478 968 addit.

817 978 870 1014 {n
889 977 927 1014 ἐν
946 981 998 1026 τῷ
1025 977 1127 1025 αὐτῷ
1141 980 1250 1023 φησί·
1274 979 1336 1013 καὶ
1355 977 1393 1013 ἐν
1411 991 1478 1014 πο-

816 1024 910 1071 λέμῳ
930 1023 961 1060 δ’
974 1016 1069 1071 (καὶ
1091 1014 1123 1060 ὸ’
1143 1024 1181 1059 ἐν
1203 1026 1379 1081 πολιτικῷ
1404 1027 1477 1060 cod.

815 1073 937 1116 scal.)
975 1072 1024 1106 αὐ
1058 1069 1235 1127 χρήσιμον
1276 1070 1373 1115 πρὸς
1409 1070 1479 1111 τὰς

815 1116 1143 1162 στρατοπεδεύσεις
1170 1117 1233 1152 καὶ
1251 1115 1441 1174 καταληψε
1439 1131 1478 1157 ις

813 1165 958 1219 χωρίων
986 1163 1048 1198 καὶ
1073 1162 1286 1208 ξυναγωγάς
1314 1163 1377 1197 καὶ
1405 1162 1476 1206 ἕξε

813 1208 937 1250 τάσεις
957 1212 1143 1254 στρατιᾶς.
1177 1211 1348 1244 Gelderus
1371 1207 1476 1245 ἐκτά-

815 1267 851 1290 σε
849 1269 888 1296 ις
913 1269 955 1290 ex
979 1258 1121 1291 Platone
1145 1256 1307 1290 exhibuit.

860 1303 1047 1347 στρατιᾶς]
1074 1302 1266 1347 στρατείας
1288 1303 1383 1337 Vind.
1397 1303 1462 1337 EF
1465 1328 1474 1336 .

812 1348 891 1382 Vat.
917 1350 957 1382 B.
983 1350 1070 1393 Aug.
1095 1350 1134 1383 B.
1159 1349 1250 1382 Flor.
1277 1349 1383 1383 ACR.
1432 1349 1473 1382 In

810 1393 897 1429 Lob.
923 1406 954 1428 ει
978 1406 1081 1439 super
1103 1408 1115 1428 ι
1137 1395 1295 1439 positum.

857 1442 1146 1485 σχηματίζουσι]
1205 1441 1475 1486 σχηματίζουσα

810 1487 896 1520 Lob.
925 1488 1002 1521 Vat.
1025 1488 1074 1521 Μ.

857 1530 1055 1588 διαφέροι]
1092 1530 1261 1576 διαφέρει
1285 1533 1376 1566 Ilor.
1399 1534 1474 1568 AC.

858 1576 1002 1624 αυτοῦ]
1055 1580 1110 1613 Iti
1150 1579 1229 1612 Par.
1264 1579 1371 1613 ΑΒΚ.
1404 1591 1473 1614 sec.

811 1626 919 1659 Bekk.
958 1627 1042 1659 Ven.
1070 1625 1111 1658 C.
1158 1623 1279 1659 αυτοῦ
1315 1625 1407 1659 Μοιι.
1432 1627 1473 1659 Β.

812 1668 949 1705 ἑαυτοῦ
992 1672 1116 1716 reliqui
1150 1683 1226 1704 cum
1256 1671 1356 1705 editis
1391 1676 1474 1706 ante

810 1718 1015 1751 Bekkerum.
1065 1719 1119 1752 Cf.
1145 1729 1233 1762 quae
1258 1718 1300 1752 ad
1333 1729 1367 1762 p.
1393 1719 1472 1754 538.

810 1763 853 1798 D.
880 1763 1056 1808 adscripsi.

857 1808 1117 1853 γεωμετρικὸς]
1159 1810 1249 1843 Ante
1281 1811 1474 1843 Bekkerum

810 1854 1105 1900 γεωμετρικόςτε
1130 1856 1326 1898 legebatur,
1358 1862 1397 1890 ut
1420 1857 1472 1890 in-

811 1905 867 1936 ha
923 1904 1035 1937 .527.
1063 1903 1102 1935 C.
1143 1902 1325 1935 etiamnum
1348 1902 1474 1957 legitur

812 1945 973 1993 ἡμμενος
1003 1959 1042 1982 τε
1070 1948 1290 2001 γεωμετρίας
1317 1948 1380 1982 καὶ
1408 1946 1469 1992 μή.

811 1995 881 2028 Sed
903 1996 934 2027 h.
946 1994 965 2027 l.
983 2006 1021 2028 τε
1041 2006 1104 2028 non
1130 1995 1264 2028 solum
1257 2007 1291 2027 ιιι
1305 1995 1384 2029 Par.
1396 1995 1469 2028 AD.

811 2042 888 2074 Vat.
915 2041 952 2073 Β.
980 2044 1016 2073 et
1047 2053 1067 2074 a
1102 2052 1146 2073 m.
1173 2051 1224 2085 pr.
1248 2040 1282 2073 in
1316 2043 1401 2076 Ven.
1429 2041 1470 2075 C.

809 2098 894 2132 quos
917 2087 1095 2120 Bekkerus
1118 2089 1271 2120 secutum
1293 2098 1332 2120 se
1355 2087 1463 2132 profi-

809 2136 919 2175 tetur,
950 2133 1011 2166 sed
1044 2133 1147 2166 etiam
1177 2132 1214 2165 in
1248 2133 1342 2168 Mon.
1370 2134 1409 2167 B.
1435 2137 1471 2168 et

808 2179 996 2224 Bipontinis
1025 2180 1168 2212 testibus
1202 2179 1237 2212 in
1259 2179 1340 2213 Par.
1364 2180 1408 2213 Κ.
1435 2184 1471 2214 et

808 2226 841 2258 in
874 2224 1199 2259 1.0b.F101-.UV.
1236 2226 1394 2259 omissum
1419 2226 1470 2260 his

803 2271 921 2305 invitis
944 2283 1009 2304 non
1034 2275 1086 2304 ost
1108 2271 1199 2317 quod
1221 2272 1421 2306 retineatur.

854 2316 925 2362 δὴ]
953 2329 1017 2351 om.
1042 2317 1120 2351 Par.
1148 2320 1188 2351 A.
1215 2330 1300 2351 am.
1327 2329 1382 2362 pr.
1400 2331 1467 2363 quo

806 2367 935 2398 remoto
960 2364 1038 2397 fieri
1061 2367 1197 2408 potest,
1229 2368 1268 2397 ut
1299 2376 1366 2398 ιιοιι
1399 2368 1468 2398 tam

807 2411 1070 2451 adversaturus,
1101 2422 1202 2455 quam
1234 2422 1356 2443 novum
1391 2411 1468 2455 qui-

808 2457 905 2497 dem,
941 2456 1002 2489 sed
1033 2467 1075 2489 ex
1112 2456 1344 2500 superioribus
1375 2457 1469 2490 colli-

807 2503 953 2546 gendum
985 2502 1180 2535 adiecturus
1210 2503 1371 2535 Socrates
1403 2503 1468 2536 hoc

806 2549 923 2582 dicere
938 2547 1113 2582 videatur:
1138 2550 1207 2582 scd
1224 2550 1384 2592 quoniam
1402 2550 1467 2583 hu-

806 2597 860 2629 ius
878 2595 928 2628 rei
954 2596 1160 2629 mentionem
1185 2595 1355 2635 iniecisti,
1378 2597 1466 2630 illud

808 2642 958 2682 addam,
992 2641 1040 2674 ad
1076 2641 1242 2674 eiusmodi
1273 2653 1369 2674 usum
1398 2644 1463 2675 etc.

807 2687 999 2720 Accedente
1020 2698 1102 2720 vero
1121 2698 1183 2731 per
1205 2686 1295 2719 illam
1313 2687 1465 2731 particu-

806 2733 872 2765 lam
895 2733 1121 2766 affinnatione
1154 2732 1304 2775 graviori
1328 2734 1390 2766 hoc
1414 2734 1466 2766 di—

807 2778 873 2812 cit:
907 2779 996 2819 Sed,
1023 2780 1182 2824 quoniam
1202 2780 1266 2812 hac
1293 2780 1335 2812 de
1353 2791 1390 2812 re
1411 2780 1465 2813 ‹li-

808 2836 883 2860 cere
910 2826 1051 2869 coepisti
1074 2851 1082 2866 ,
1114 2827 1272 2870 profecto
1301 2826 1348 2860 ad
1377 2827 1464 2860 eius—

1371 413 1483 452 προς
1511 413 1549 454 D
