1807 3219
238 100 296 142 4⁰
684 93 1160 138 PLATONIS

238 206 440 253 καθόσον
469 203 567 251 οἷόν
583 222 627 250 τε
650 203 886 264 ὁμοφυεῖς·
927 207 972 251 οἱ
994 207 1065 256 δὲ,
1095 205 1170 250 ἅτε
1201 204 1338 255 οἰκίας
1357 219 1402 247 τε
1423 204 1496 247 καὶ
1518 203 1619 256 ξυσ-

241 279 358 321 σίτια
389 279 517 333 κοινῇ
549 275 739 332 ἔχοντες,
781 277 870 333 ἰδίᾳ
899 274 946 319 δὲ
976 272 1156 324 οὐδενὸς
1188 271 1318 316 οὐδὲν
1346 276 1518 317 τοιοῦτο
1548 288 1620 317 κε-

176 343 216 386 D
243 344 481 401 κτημένου,
510 341 626 400 ὁμοῦ
657 342 709 400 δὴ
737 342 931 395 ἔσονται,
958 341 1073 399 ὁμοῦ
1103 341 1149 385 δὲ
1172 339 1529 397 ἀναμεμιγμένων
1548 342 1622 386 καὶ

236 414 284 458 ἐν
303 414 562 470 γυμνασίοις
586 412 660 455 καὶ
686 412 734 455 ἐν
754 415 807 469 τῇ
830 410 938 468 ἄλλῃ
965 414 1111 468 τροφῇ
1136 408 1213 453 ὑπ’
1239 407 1453 466 ἀνάγκης,
1485 407 1621 466 οἶμαι,

235 485 313 538 τῆς
333 479 530 537 ἐμφύτου
552 479 728 532 ἄξονται
743 480 852 535 πρὸς
870 479 950 536 τὴν
975 478 1170 536 ἀλλήλων
1191 478 1318 533 μίξιν.
1347 477 1374 534 ἢ
1396 476 1476 521 οὐκ
1493 476 1623 535 ἀναγ-

235 548 340 594 καῖοί
363 561 433 593 σοι
458 551 577 593 δοκῶ
602 547 739 604 λέγειν
748 565 763 600 ,·
799 546 864 592 Οὐ
887 551 1193 604 γεωμετρικαῖς
1218 563 1290 601 γε,
1320 541 1349 603 ἦ
1368 544 1409 590 δ’
1439 546 1508 600 ὃς,
1528 545 1622 590 ἀλλ’

238 617 465 672 ἐρωτικαῖς
487 615 711 673 ἀνάγκαις,
742 619 787 661 αἳ
804 614 1143 660 κινδυνεύουσιν
1166 616 1341 659 ἐκείνων
1365 613 1624 672 δριμύτεραι

240 684 352 730 εἶναι
381 676 494 740 πρὸς
534 685 583 730 τό
620 687 790 731 πείθειν
827 701 871 728 τε
908 684 981 727 καὶ
1026 682 1165 727 ἕλκειν
1204 683 1281 728 τὸν
1320 685 1462 728 πολύν
1500 682 1622 727 λεών.

238 755 327 798 Καὶ
359 754 499 812 μάλα,
544 751 681 799 εἶπον.
741 752 847 798 ἀλλὰ
882 752 990 810 μετὰ
1028 752 1081 810 δὴ
1120 755 1282 806 ταῦτα,
1327 748 1363 796 ὦ
1393 750 1624 805 Γλαύκων,

284 900 478 949 καθόσον]
503 899 591 938 καθ’
618 898 708 938 ὅσον
731 902 832 939 Vind.
859 902 901 938 F.

239 950 332 985 Mon.
352 952 393 985 B.
419 951 672 995 (recentiores.)

286 1015 490 1064 ὁμοφυεῖς]
528 1020 719 1055 consimiles
750 1020 840 1055 inter
868 1029 904 1053 se

238 1066 380 1111 ingenio
404 1067 434 1099 F
436 1067 477 1101 ic.

287 1129 376 1180 ἅτε]
403 1129 469 1169 ὅίτε
489 1132 534 1179 δὴ
562 1132 694 1169 Theod.

285 1203 476 1248 ξυσσίτια]
512 1203 678 1245 ξυνσίτια
702 1213 777 1237 οιιιιι
801 1212 822 1237 σ
845 1213 904 1237 su·

240 1259 302 1295 per
324 1259 346 1284 ν
371 1251 469 1284 Vind.
495 1250 535 1283 F.

285 1319 406 1364 κοινῇ]
425 1315 538 1352 κοινὰ
554 1317 640 1352 Lob.
653 1317 754 1352 Vind.
766 1316 903 1351 BDEF.

240 1362 333 1399 Mon.
360 1367 400 1399 B.
428 1366 505 1398 Vat.
533 1365 572 1398 B.
599 1365 686 1398 Ven.
711 1364 784 1398 BC.
822 1364 900 1397 Par.

239 1411 317 1445 DK.
352 1423 420 1445 sec.
454 1411 563 1444 Bekk.
607 1413 695 1455 Ang.
721 1411 763 1444 Β.
809 1409 902 1443 Flor.

241 1458 450 1492 ACRTUV.
485 1457 613 1491 Euseb.
649 1456 781 1491 Theod.
807 1455 903 1499 Sylb.

242 1505 322 1538 Bas.
348 1505 382 1538 b.
407 1503 660 1539 Stallbaumius.
698 1503 822 1537 Utrum
845 1501 906 1534 Fi-

242 1550 337 1584 cinus
377 1549 500 1594 legerit
523 1574 533 1592 ,
581 1554 701 1594 utpote
740 1550 842 1583 aedes
871 1552 906 1583 et

242 1598 502 1630 comessationes
552 1607 739 1630 communes
778 1596 904 1628 haben·

241 1648 293 1678 tes
323 1642 567 1697 interpretatus
587 1667 598 1684 ,
643 1641 807 1674 incertum
841 1644 905 1673 est.

241 1689 371 1734 κοινῇ,
415 1688 445 1722 si
477 1699 543 1721 non
574 1688 610 1722 in
641 1687 765 1733 optimo
790 1686 906 1720 codice

243 1739 406 1775 exstaret,
432 1733 475 1767 ad
499 1745 644 1779 sequens
670 1733 746 1767 ἰδία
771 1744 905 1766 accom-

242 1781 412 1815 modatum
431 1792 451 1814 a
466 1780 613 1813 librariis
636 1768 744 1813 videri
766 1782 903 1832 posset.

243 1838 332 1861 nunc
356 1827 399 1860 ab
422 1826 495 1872 ipso
523 1826 664 1859 Platone
697 1825 740 1859 ad
772 1825 906 1859 evitan-

245 1873 322 1906 dam
361 1872 569 1928 tautologiae
599 1871 767 1917 speciem,
803 1881 905 1915 quam

244 1918 411 1961 ξυσσίτια
441 1929 552 1952 κοινα
597 1919 725 1951 habere
764 1927 905 1950 necesse

244 1970 324 2006 est,
372 1969 408 1999 et
439 1968 479 1998 ut
513 1963 698 1998 communio
736 1963 778 1997 ad
803 1963 906 1997 aedes

245 2022 383 2056 quoque
429 2009 601 2056 pertinere
646 2009 906 2066 intelligeretur,

246 2057 382 2103 potius,
418 2068 519 2101 quam
552 2053 660 2090 κοινὰ
687 2056 831 2100 positum
854 2054 907 2087 vi-

247 2104 358 2137 detur.
407 2103 620 2148 Quamquam
657 2113 754 2147 posse
778 2101 841 2134 hoc
864 2100 909 2134 ad

250 2149 369 2189 οἰκίας
393 2149 524 2194 pariter
550 2152 654 2193 atque
678 2148 720 2182 ad
745 2147 910 2189 ξυσσίτια

248 2195 372 2229 referri
420 2199 455 2228 et
501 2195 652 2228 codicum
705 2194 911 2229 auctoritate

248 2241 447 2287 praevalere
470 2253 536 2276 non
559 2252 657 2285 nego.

295 2307 473 2354 ον’δενὸς]
519 2322 585 2344 om.
629 2309 706 2343 Par.
742 2307 786 2342 K.
824 2310 860 2342 et
893 2319 913 2341 a

249 2367 293 2437 ᾗ
318 2357 488 2436 pr.TVen.
513 2356 554 2390 B.
580 2360 660 2402 post
683 2350 795 2389 οὐδὲν
820 2353 914 2400 ponit

296 2413 344 2435 or.
405 2428 412 2436 .

253 2482 256 2484 ·
295 2470 471 2514 τοιοῦτο]
504 2467 679 2504 τοιούτου
715 2469 799 2503 Lob.
833 2469 913 2502 Vat.

252 2517 292 2550 B.
327 2517 502 2551 τοιοῦτον
528 2517 628 2553 Vind.
654 2515 727 2549 BD.
761 2516 846 2548 Ven.
873 2516 913 2548 B.

251 2563 399 2643 ξῖἓοὲῗ.
427 2563 506 2597 Vat.
527 2562 577 2596 M.
601 2562 694 2596 Flor.
715 2561 760 2596 T.
785 2561 915 2595 Euseb.

298 2672 519 2720 κεκτημένου
537 2667 564 2720 ]⁴
591 2666 804 2720 κεκτημένοι
835 2675 913 2709 Par.

253 2723 329 2757 DK.
350 2722 552 2766 (proprium
570 2733 650 2756 vero
668 2723 756 2757 nihil
774 2722 915 2766 talium)

253 2769 464 2814 possidentes
490 2767 564 2801 Fic.

1007 900 1129 947 ὁμοῦ]
1155 898 1277 946 ούμοῦ
1303 901 1403 936 Vind.
1429 903 1473 937 Ε.

1007 970 1053 1015 δὴ
1081 969 1249 1013 ἔσονται]
1284 968 1323 1004 δὲ
1350 967 1497 1005 ἔσονται
1520 971 1625 1007 Vind.

960 1018 1004 1051 E.
1038 1018 1171 1052 Theod.
1207 1017 1279 1050 cod.
1306 1017 1386 1051 Urs.
1428 1015 1627 1062 δεήσονται

960 1064 1039 1098 Par.
1065 1064 1109 1097 K.
1135 1075 1203 1097 sec.
1230 1062 1339 1096 Bekk.

1007 1128 1105 1175 ὁμοῦ
1118 1128 1182 1189 δε]
1209 1130 1273 1165 καὶ
1299 1127 1394 1210 ὁμοῦ
1419 1129 1465 1177 δὴ
1492 1133 1625 1168 Theod.
1650 1135 1691 1178 D

962 1174 1059 1223 ὁμοῦ
1086 1175 1128 1212 δ’
1154 1177 1227 1212 cod.
1253 1178 1324 1212 Urs

997 1242 1338 1300 ἀναμεμιγμένων]
1374 1243 1626 1293 ἀμεμιγμένων
1682 1244 1685 1245 ’

962 1291 1063 1327 de.
1089 1293 1131 1326 E.

1008 1358 1136 1405 οἶμαι]
1159 1361 1220 1396 int.
1245 1374 1334 1397 vers.
1359 1362 1446 1398 Lob.

1007 1427 1200 1488 ἐμφύτου]
1233 1425 1400 1475 ἐμφύτου
1425 1429 1627 1476 ἐπιθυμίας

960 1477 1093 1512 Theod.
1120 1489 1203 1522 εμφ.
1222 1478 1437 1522 οἰκονομίας
1455 1480 1530 1513 cod.
1546 1479 1626 1514 Urs.

1011 1541 1189 1591 ἄξονται]
1216 1542 1396 1588 αύξονται
1417 1547 1548 1582 Theod.
1569 1560 1628 1582 co-

962 1591 1055 1626 dices
1096 1593 1161 1627 duo
1203 1594 1412 1627 recentiores
1452 1595 1549 1638 Sylb.
1593 1599 1629 1628 et

961 1638 1054 1679 Flor.
1079 1639 1119 1673 B.
1170 1639 1224 1673 cf.
1252 1640 1295 1673 ad
1319 1652 1352 1685 p.
1379 1640 1457 1675 452.
1483 1642 1524 1675 A.

1007 1704 1034 1752 ἢ
1060 1704 1154 1753 ούκ]
1177 1701 1203 1753 ἦ
1229 1705 1276 1743 ου’
1300 1707 1362 1743 καὶ
1389 1709 1487 1743 Vind.
1513 1709 1557 1743 Ε.

1006 1766 1068 1809 γε]
1094 1777 1158 1799 om.
1183 1766 1264 1799 vat.
1289 1765 1329 1799 Β.
1353 1785 1399 1791 -—
1422 1766 1628 1802 Plutarchus

962 1808 1112 1855 Lycurg.
1145 1823 1178 1856 p.
1202 1812 1258 1847 48.
1293 1812 1342 1845 C.
1374 1806 1423 1856 ἦν
1455 1825 1522 1856 μεν
1559 1813 1629 1848 οὐν

960 1856 1025 1891 καὶ
1068 1857 1191 1891 ταῦτα
1229 1857 1507 1915 παρορμητικοὶ
1533 1858 1631 1904 πρὸς

960 1914 1091 1946 γαμον.
1117 1900 1208 1947 λέγω
1234 1901 1274 1937 δε
1293 1902 1363 1943 τὰς
1381 1916 1534 1960 πομπας
1553 1906 1630 1940 τῶν

962 1947 1167 2004 παρθένων
1213 1949 1277 1983 καὶ
1316 1948 1388 2006 τὰς
1429 1948 1631 1991 ἀποδύσεις

963 1995 1027 2030 καὶ
1049 1993 1140 2034 τοὺς
1176 1992 1342 2050 αγῶνας
1362 1994 1401 2029 ἐν
1435 1993 1523 2040 ὄψει
1553 1998 1630 2032 τῶν

964 2039 1060 2075 νέων
1086 2038 1278 2099 ἀγομένων
1297 2038 1342 2076 ου’
1358 2046 1629 2099 γεωμετρικαῖςἓ

967 2084 1054 2121 ἀλλ’
1103 2086 1323 2143 ἐρωτικαῖς,
1371 2100 1423 2128 ως
1461 2099 1573 2133 φησιν
1608 2102 1627 2124 ο

968 2130 1146 2177 Πλάτων,
1175 2131 1364 2177 ἀνάγκαις.
1399 2146 1497 2179 quem
1520 2136 1631 2169 locum

966 2180 1126 2214 indicavit
1135 2180 1260 2213 Astius.
1285 2180 1447 2214 Similiter
1466 2187 1631 2224 nostrum,

969 2230 1008 2260 ut
1030 2226 1187 2267 videtur,
1218 2225 1405 2271 respiciens
1429 2226 1570 2261 Proclus
1594 2228 1632 2262 in

967 2272 1060 2306 Tim.
1084 2284 1118 2316 p.
1146 2274 1229 2307 101.
1254 2272 1374 2305 ταῦτα
1397 2269 1437 2327 μὶ
1425 2284 1463 2306 εν
1489 2274 1558 2307 οὐν
1581 2272 1630 2308 τὰ

968 2317 1054 2375 τρία
1076 2321 1332 2374 γεωμετρικαῖς
1350 2315 1538 2363 ἀνάγκαις,
1561 2332 1631 2364 φη-

972 2363 1049 2407 σὶν,
1078 2361 1369 2409 ἀποδεδειγμένα
1385 2365 1534 2400 κείσθω.
1562 2367 1632 2399 Ce-

970 2415 1082 2444 terum
1106 2411 1242 2452 nescio,
1278 2422 1320 2444 an
1345 2411 1512 2445 Glauconi
1546 2412 1631 2445 haec

971 2457 1189 2501 respondenti
1212 2457 1337 2502 poetae
1371 2458 1512 2492 alicuius
1535 2457 1629 2492 locus

971 2502 1018 2537 sit
1041 2503 1251 2536 obversatus.

1019 2557 1081 2604 αι]
1107 2573 1132 2594 οι
1157 2560 1241 2594 Lob.
1264 2560 1364 2595 vind.
1389 2560 1428 2594 B.
1453 2560 1532 2595 Vat.
1556 2560 1606 2594 M.

1017 2626 1319 2684 κινδυνεύουσιν]
1337 2641 1401 2663 om.
1426 2629 1498 2663 Fic.
1525 2629 1631 2675 (quae

971 2675 1079 2709 multo
1097 2676 1211 2709 acrior
1229 2681 1280 2710 est
1301 2688 1402 2730 quam
1421 2676 1515 2720 illa.)

1017 2718 1253 2775 δριμύτεραι]
1287 2719 1487 2767 δριμύτερα
1519 2720 1632 2765 iidem,

971 2766 1026 2812 qui
1054 2778 1078 2800 α
1103 2767 1240 2802 h-abent
