1807 3219
241 167 296 207 10

692 162 1170 206 PLATONIS

239 272 669 329 ξυνεπισπασοέμενος
695 275 895 330 κείσομαι
915 275 1015 330 περὶ
1036 276 1064 318 ἃ
1078 274 1234 333 ἥκιστα
1252 278 1320 320 δεῖ
1337 275 1622 333 σφάλλεσθαι.

237 346 478 399 προσκυνῶ
509 342 556 386 δὲ
584 341 884 397 Ἀδράστειαν,
917 339 954 386 cd
977 344 1213 397 Γλαύκων,
1243 345 1371 400 χάριν
1401 339 1457 388 οὗ
1485 343 1622 400 μέλλω

236 411 390 467 λέγειν.

451 410 603 463 ἐλπίζω
640 410 724 466 γάρ
764 406 847 456 οὗν
895 412 1075 456 ἔλαττον
1125 411 1357 470 ἁμάρτημα
1396 411 1691 464 ἄκουσίως457

236 479 358 531 τινός
390 480 531 535 φονέα
559 480 787 535 γενέσθαι,
826 479 854 536 ἢ
883 478 1116 524 ἀπατεῶνα
1152 485 1300 524 καλῶν
1330 497 1375 524 τε
1412 481 1482 524 καὶ
1516 479 1624 535 ἅνα-

236 552 336 592 {mv
365 549 440 592 καὶ
470 550 652 592 δικαίων
681 551 881 605 νομίμων
909 549 1020 605 πέρι.
1049 552 1181 593 τοῦτο
1213 544 1364 593 οὖντὸ
1391 549 1625 593 κινδύνευ-

238 634 300 673 μα
336 616 615 666 κινδυνεύειν
653 616 701 660 ἐν
740 618 914 673 εχθροῖς
953 623 1177 673 κρεῖττον,
1215 616 1243 673 ἢ
1280 620 1456 674 colicas·

1518 616 1626 662 (36ΐὸ

174 686 210 727 Β
239 686 288 737 εὐ
319 701 371 741 με
395 690 664 741 παραμυθεῖ.
700 687 784 730 Καὶ
814 685 838 730 ὁ
859 685 1077 731 Γλαύκων
1106 685 1290 743 γελασας
1314 684 1434 739 Ἀλλ’,
1466 681 1501 730 ὦ
1521 685 1624 730 Σώ-

285 807 665 855 ξυνεπισπασσίμενος]
679 821 802 845 συνεπ.
816 811 901 846 Lob.

239 858 336 891 Vind.
357 857 464 890 BDE.
488 857 523 889 in
547 868 613 901 quo
633 867 698 891 συν
718 858 807 891 inter
824 870 905 891 ver—

238 915 296 937 sus
320 903 456 947 legitur.
492 901 799 946 ξννεπιστοὲμενος
823 905 904 940 Par.

239 950 283 984 K.
312 961 380 983 sec.
404 950 513 983 Bekk.

287 996 344 1029 δεῖ
368 993 622 1039 σφάλλεσθαι]
657 1006 717 1040 σφ.
744 996 776 1030 δ.
818 996 905 1030 Lob.

240 1043 337 1076 vind.
365 1043 438 1075 BD.
469 1042 543 1075 Vat.
568 1042 646 1076 ΒΜ.

288 1088 442 1122 δικαίων
452 1088 629 1132 νομίμων]
641 1088 696 1121 Ita
708 1089 786 1123 Par.
797 1088 905 1122 ΑΒΚ.

241 1135 339 1168 Vind.
365 1135 405 1168 F.
439 1134 532 1166 Mon.
557 1135 596 1167 B.
634 1135 715 1167 Ven.
743 1135 782 1168 C.
817 1136 904 1178 Aug.

239 1181 278 1214 B.
305 1182 382 1214 Vat.
408 1182 451 1213 H.
477 1180 642 1222 νομίμων
667 1179 730 1213 καὶ
751 1181 905 1214 δικαίων

238 1227 338 1260 Vind.
363 1227 434 1260 BD.
473 1226 627 1259 δικαίων
652 1225 715 1260 καὶ
739 1227 905 1269 νομίμων

238 1273 359 1316 reliqui
380 1273 513 1306 codices
538 1273 758 1316 (quamquam
771 1274 812 1305 de
825 1273 905 1306 Flo-

239 1319 382 1353 rentinis
418 1318 631 1352 Stallbaumii
661 1319 832 1352 silentium
864 1330 903 1352 eo

239 1365 346 1409 magis
371 1369 566 1409 suspectum
592 1368 663 1406 est,
688 1365 778 1409 quod
803 1364 905 1398 etiam

238 1411 441 1444 Parisiensis
476 1411 519 1444 K.
561 1411 741 1444 lectionem
782 1411 848 1444 iam
883 1422 904 1444 a

237 1458 429 1501 Bipontinis
444 1457 624 1490 indicatam
644 1468 904 1490 commemorare

238 1504 405 1547 neglexit)
432 1515 505 1536 cum
524 1503 726 1536 editionibus
740 1503 902 1536 omnibus.

239 1550 354 1590 Quum
379 1549 565 1591 sermonis,
588 1549 623 1582 in
647 1561 746 1594 quem
768 1548 903 1592 ingredi

239 1598 402 1629 Socrates
427 1595 562 1628 dubitat
575 1621 585 1636 ,
606 1602 843 1639 argumentum
864 1595 906 1628 ad

239 1643 430 1675 institutum
465 1642 635 1686 quoddam
669 1642 703 1674 in
735 1641 906 1674 civitatem

239 1689 468 1732 recipiendum
486 1692 641 1731 spectet,
668 1699 821 1720 caussam
844 1687 907 1720 du-

241 1734 415 1768 bitationis
440 1735 526 1767 hanc
547 1733 659 1767 dicere
678 1734 798 1777 potuit,
817 1733 907 1777 quod

242 1781 442 1825 gravissime
462 1792 607 1824 peccare
628 1785 737 1824 putet,
763 1780 906 1824 quicun—

243 1840 309 1872 que
335 1827 377 1859 de
409 1827 574 1870 pulchris,
608 1826 704 1859 bonis
738 1831 773 1859 et
809 1825 906 1859 iustis

242 1872 409 1906 institutis
442 1873 530 1906 falsa
568 1873 711 1913 doceat,
746 1873 810 1905 hoc
845 1876 908 1913 est,

243 1931 306 1964 pro
331 1931 387 1964 pul
379 1919 479 1951 lchris
507 1919 685 1959 venditet,
723 1930 810 1962 quae
834 1922 910 1950 tur-

244 1965 303 2010 pia
338 1965 428 2005 sint,
473 1977 536 2009 pro
569 1965 665 1998 bonis
698 1965 805 2005 mala,
846 1976 879 2008 p.
874 1975 908 1997 :o

244 2011 344 2045 iustis
368 2011 494 2044 iniusta
523 2012 743 2044 commendet.
773 2011 824 2043 Ac
846 2007 908 2044 νό-

245 2069 337 2101 μιμα
362 2069 465 2101 saepe
496 2057 703 2090 substantivi
736 2057 808 2090 loco
835 2068 910 2089 esse

245 2109 281 2137 et
300 2103 468 2137 adiectiva
490 2104 645 2147 recipere
668 2103 782 2136 docuit
803 2102 910 2136 Hein-

246 2150 374 2184 dorfius
409 2150 453 2182 ad
495 2150 645 2193 Sophist.
685 2151 715 2190 ἓ.
749 2150 804 2183 32.
855 2148 909 2181 cui

246 2196 362 2230 Astius
388 2195 431 2228 ad
464 2195 548 2239 Leg.
574 2196 613 2229 L.
640 2195 667 2229 I.
705 2208 735 2239 p.
762 2197 839 2230 636.
865 2195 905 2228 Β.

245 2242 380 2277 articuli
427 2242 776 2286 praetermissionem,
821 2252 909 2286 quae

244 2289 301 2322 illo
333 2289 462 2332 Legum
499 2288 572 2321 loco
615 2288 808 2321 necessaria
845 2291 909 2329 est,

244 2335 392 2370 obiicere
430 2346 498 2367 non
530 2334 833 2368 debebat.Na1n
866 2333 907 2375 si,

244 2387 283 2415 ut
319 2381 470 2425 exemplo
513 2386 590 2413 utar
624 2382 666 2414 ab
707 2380 908 2413 Heindmfio

245 2427 401 2482 prolato,
436 2426 616 2469 tyrannica
643 2427 802 2459 instituta
827 2438 908 2459 cun-

246 2478 302 2506 cta
325 2471 372 2506 τὰ
398 2471 598 2516 τυραννικὰ
624 2470 763 2515 νόμιμα
796 2472 911 2505 dicere

245 2519 347 2560 licet,
373 2520 462 2563 quod
484 2520 596 2553 Astius
621 2519 788 2559 concedit,
813 2518 911 2573 quid—

247 2565 283 2599 ni
308 2577 407 2597 unum
432 2577 548 2599 eorum
571 2573 665 2599 recte
690 2562 911 2608 τυραννικὸν

250 2608 409 2654 νόμιμον
442 2611 599 2646 dicatur?
653 2613 813 2645 Profecto
847 2622 913 2643 non

251 2657 383 2699 minus,
408 2669 509 2701 quam
534 2660 576 2692 ab
602 2657 768 2702 Euripide
792 2656 913 2712 Suppl.

253 2705 306 2738 19.
344 2704 551 2748 sepulturam
589 2717 654 2749 ne·
645 2710 753 2739 ·antes
790 2698 913 2746 νόμιμ’

253 2746 440 2791 ἀτίζοντες
475 2751 578 2785 θεῶν
613 2752 782 2785 dicuntur.
842 2750 914 2783 lta—

254 2810 321 2842 que
354 2809 454 2832 sensu
485 2790 614 2842 pariter
645 2803 749 2842 atque
779 2795 916 2840 linguae

254 2856 318 2879 usu
349 2844 566 2890 permittente
605 2844 756 2879 codicum
797 2848 916 2878 aucto-

1497 811 1627 846 Fateor

961 861 1074 891 autem
1121 857 1313 900 graviorem
1372 862 1407 891 et
1449 858 1628 902 augustio-

961 915 1032 936 rem
1065 903 1145 936 mihi
1180 904 1384 936 sententiam
1419 903 1550 944 videri,
1596 904 1627 937 si

961 961 1028 983 non
1062 949 1168 982 solum
1200 949 1243 981 de
1275 949 1457 990 institutis,
1492 950 1552 982 sed
1584 951 1628 983 de

962 994 1168 1040 quibuslibet
1201 996 1303 1028 rebus
1339 995 1491 1028 honestis
1524 995 1627 1028 adeo-

963 1053 1029 1085 que
1079 1041 1122 1073 de
1168 1040 1244 1084 ipso
1290 1041 1431 1074 honesto
1465 1041 1628 1075 Socrates

962 1087 1116 1120 fraudem
1140 1086 1320 1130 capitalem
1343 1087 1559 1131 pronuntiet,
1592 1092 1628 1121 et

963 1132 1122 1177 quoniam
1145 1131 1200 1179 id,
1225 1133 1316 1177 quod
1336 1133 1461 1166 rationi
1486 1144 1628 1166 consen-

962 1184 1099 1212 taneum
1134 1182 1168 1210 et
1200 1179 1270 1211 tale
1302 1184 1372 1219 est,
1421 1183 1459 1212 ut
1495 1179 1627 1223 legibus

962 1225 1087 1258 sanciri
1109 1229 1258 1265 mereat,
1281 1223 1439 1268 νόμιμον
1464 1225 1629 1269 appellari

962 1275 1097 1315 potest,
1120 1274 1158 1303 ut
1181 1270 1254 1303 Vol.
1281 1271 1309 1303 I.
1334 1283 1366 1314 p.
1392 1271 1471 1306 374.
1498 1283 1548 1316 sq.
1573 1271 1626 1304 vi-

962 1317 1082 1357 dimus,
1108 1316 1283 1360 vulgatam
1306 1317 1484 1350 lectionem
1508 1329 1569 1361 per
1587 1329 1626 1351 se

962 1363 1068 1406 magis
1092 1362 1298 1406 probabilem
1319 1363 1486 1408 alterique
1502 1375 1568 1396 non
1588 1367 1626 1397 ut

962 1420 1085 1450 verae,
1120 1409 1180 1441 sed
1205 1413 1242 1441 ut
1274 1409 1411 1453 propius
1444 1410 1487 1442 ad
1510 1421 1626 1443 veram

963 1455 1141 1488 accedenti
1168 1466 1189 1487 a
1213 1466 1265 1487 me
1290 1455 1513 1510 postpositam
1538 1467 1627 1497 esse,

962 1513 1064 1545 quum
1089 1501 1262 1534 Platonem
1286 1499 1487 1534 ἀπατεῶνα
1505 1502 1628 1535 καλῶν

963 1559 1001 1580 τε
1020 1546 1083 1580 καὶ
1097 1544 1256 1590 αγαθῶν
1279 1546 1342 1581 και
1359 1548 1524 1590 νομίμων
1541 1545 1628 1591 πέρι

963 1594 1160 1638 scripsisse,
1187 1593 1340 1626 δικαίων
1365 1606 1406 1627 ex
1424 1595 1628 1638 glossemate

963 1639 1154 1672 accessisse
1183 1639 1348 1683 suspicer.
1379 1661 1425 1665 -
1469 1640 1626 1673 Ficinus.

964 1687 1021 1730 qui
1046 1687 1138 1718 circa
1170 1687 1428 1720 constitutiones
1453 1688 1495 1719 cle
1519 1687 1628 1720 hone-

963 1734 1025 1765 stis
1050 1737 1083 1764 ct
1108 1733 1202 1764 bonis
1226 1733 1388 1776 iustisque
1406 1734 1522 1775 fallit.
1572 1732 1628 1767 Ne

963 1778 991 1810 is
1016 1778 1149 1822 quidem
1174 1776 1236 1810 καὶ
1256 1778 1359 1821 legit,
1384 1780 1443 1812 sed
1463 1777 1627 1821 νομίμων

966 1836 987 1857 a
1010 1823 1147 1868 reliquis
1172 1824 1329 1867 genitivis
1354 1825 1527 1869 separavit
1552 1835 1628 1857 eos-

965 1882 1031 1914 que
1057 1871 1100 1902 ab
1125 1870 1182 1902 illo
1218 1870 1291 1915 regi
1323 1871 1468 1912 statuit,
1503 1882 1571 1915 qua
1593 1870 1630 1903 in

965 1928 1004 1949 re
1031 1916 1120 1949 haud
1146 1916 1247 1949 dubie
1272 1918 1376 1949 falsus
1402 1922 1466 1950 est.

1012 1959 1107 2005 πέρι.
1133 1963 1269 2006 τοῦτο]
1305 1962 1389 2006 περὶ
1414 1963 1526 1997 τοῦτο
1554 1974 1629 1995 cum

966 2015 1091 2052 puncto
1128 2014 1207 2041 ante
1239 2007 1324 2051 περὶ
1357 2010 1432 2042 Ald.
1470 2010 1547 2042 Bas.
1574 2010 1628 2041 ab.

967 2055 1085 2098 steph.
1114 2054 1222 2097 (Flor.
1250 2055 1309 2098 R.)
1367 2056 1437 2088 Iam
1462 2055 1496 2088 in
1520 2055 1629 2098 prima

966 2100 1018 2133 ed.
1032 2100 1147 2132 Astius
1172 2106 1300 2133 rectam
1323 2101 1628 2139 interpunctionem

966 2146 1147 2179 secundum
1171 2147 1248 2180 Par.
1275 2147 1318 2179 Κ.
1345 2147 1506 2180 exhibuit.
1531 2143 1626 2187 πέρι.

965 2188 1067 2226 τοῦτ’
1095 2192 1177 2225 Lob.
1205 2193 1306 2225 vind.
1331 2193 1401 2226 BD.
1430 2193 1507 2226 vat.
1534 2192 1581 2225 M.

1010 2236 1262 2282 κινδυνεύειν]
1300 2236 1506 2272 κινδυνεύει
1530 2237 1629 2272 Vind.

964 2285 1007 2319 D.
1040 2285 1265 2318 κινδυναίειν
1290 2285 1366 2319 Ald.

1012 2331 1191 2385 κρεῖττον]
1217 2332 1251 2364 in
1275 2343 1383 2411 max-gb
1408 2331 1493 2365 Lob.

1013 2374 1120 2422 ὥστε]
1148 2373 1231 2410 ὅστε
1258 2378 1335 2411 Bas.

959 811 1098 845 ritatem
1150 813 1286 844 secutus
1334 823 1417 845 sum.

1013 2423 1077 2466 εὐ]
1118 2435 1185 2457 ουκ
1210 2423 1249 2457 εὐ
1276 2424 1368 2457 Mon.
1362 2380 1433 2457 ΕΒ
1464 2423 1556 2456 Flor.
1582 2422 1627 2456 U.
1658 2422 1694 2464 B

966 2471 1082 2504 Astius
1107 2469 1140 2503 in
1164 2481 1231 2504 sec.
1257 2475 1292 2503 et
1315 2474 1394 2503 tert
1416 2469 1467 2502 ed.
1492 2469 1629 2502 Bekke-

966 2528 1026 2550 rus
1051 2520 1085 2548 et
1118 2516 1370 2550 Stallbaumius.
1420 2527 1524 2560 quare
1558 2527 1629 2548 me-

968 2565 1061 2605 lius,
1108 2575 1126 2595 ο
1164 2564 1296 2596 Glauco
1318 2588 1328 2603 ‚
1371 2574 1424 2596 mc
1455 2563 1630 2595 consolare

967 2609 1040 2642 Fic.
1078 2619 1144 2649 quo
1177 2610 1261 2642 duce
1299 2608 1412 2642 Astius
1450 2607 1485 2640 in
1517 2607 1628 2651 prima

969 2656 1021 2689 ed.
1048 2658 1094 2690 αὐ
1122 2667 1183 2700 pro
1209 2655 1248 2688 εὐ
1273 2655 1387 2696 dedit,
1410 2654 1632 2697 παραμυθεῖ

968 2702 1131 2736 intactum
1164 2702 1378 2746 relinquens,
1423 2708 1441 2732 e
1466 2711 1532 2744 quo
1556 2710 1628 2732 πα-

971 2747 1146 2791 ραμυθοῦ
1172 2749 1286 2781 facere
1304 2747 1460 2780 debebat.
1510 2744 1628 2789 Nega-

970 2795 1096 2828 tionem
1121 2793 1308 2827 Col-narius
1329 2793 1389 2826 ecl.
1424 2804 1462 2845 p.
1482 2793 1537 2826 99.
1567 2791 1628 2824 ad-

971 2841 1115 2876 dendam
1145 2840 1363 2881 ostenderat,
1410 2837 1505 2873 cuius
1539 2836 1628 2871 iudi-
