1807 3219
434 142 777 187 CIVITAS
821 144 944 188 LIB.
975 147 1029 189 V.
1058 149 1127 187 468

1432 151 1490 191 85

25 267 96 303 464
107 259 175 303 ἐπὶ
205 257 431 312 στρατείας
457 254 545 300 ὑπὸ
582 258 673 300 τῶν
712 257 1124 314 συστρατευομένων
1161 258 1399 314 μειρακίων
1439 275 1484 303 τε

91 328 166 372 καὶ
194 328 367 371 παίδων
395 325 443 370 ἐν
471 324 591 381 μέρει
618 322 707 368 ὑπὸ
741 324 928 370 ἑκάστου
958 329 1083 370 δοκεῖ
1108 337 1179 370 σοι
1208 330 1367 382 χρῆναι
1386 337 1481 370 στε-

90 398 358 453 φανωθῆναι
366 412 379 446 ,·
419 391 448 450 ἢ
484 391 541 437 οὔ
549 411 562 444 ,·

88 466 236 508 τοῦτο.

606 391 796 449 Ἔμοιγε.

291 461 420 507 Ἀλλοὶ
449 459 562 513 τόδ’,
596 458 744 517 οἶμαι,
776 457 830 517 ἦν
861 459 904 505 δ’
932 462 1037 519 ἐγώ,
1069 462 1218 507 ου’κὲτι
1247 474 1319 506 σοι
1349 465 1482 507 δοκεῖ.

860 396 920 438 Τι’
949 395 1018 445 δέ;
1068 395 1356 452 δεξιωθῆναις
1395 396 1483 439 Καὶ

96 532 156 576 To=
186 536 320 577 ποῖον
330 548 346 584 ‚-
389 529 451 576 Τὸ
486 530 672 587 φιλῆσαί
699 544 746 572 τε
776 528 852 572 καὶ
881 533 1130 588 φιληθῆναι
1157 529 1247 575 ὑπὸ
1279 529 1477 575 ἑκάστου.

88 599 302 653 Πάντων,
341 599 450 656 ἔφη,
501 597 710 656 μάλιστα·
756 597 832 641 καὶ
860 600 1132 656 προστίθημί
1159 615 1207 655 γε
1237 603 1300 656 τῷ
1338 599 1478 656 νόμῳ,

87 668 170 721 ἕως
199 667 255 713 ἂν
284 668 354 712 ἐπὶ
381 666 543 724 ταύτης
572 661 655 711 αἷσι
683 669 759 723 τῆς
788 667 1035 720 στρατείας·
1079 668 1154 711 καὶ
1184 667 1339 724 μηδενὶ
1368 667 1473 720 ἐξεῖ-
1503 677 1536 719 C

85 752 161 781 ναι
189 735 501 794 ἀπαρνηθῆναι
532 735 586 781 ὃν
630 733 687 780 ἂν
724 732 939 792 βούληται
967 739 1137 792 φιλεῖν·

120 883 502 941 συστρατευομένων]
553 895 749 931 στρατευο-

81 929 204 975 μένων
227 933 314 969 Ven.
337 933 380 967 Β.
404 944 426 966 a
448 944 492 967 m.
515 944 570 978 pr.

128 1000 210 1046 σοι]
236 1010 312 1045 σει,
337 1012 413 1047 sup.
440 1013 497 1045 οι,
522 1001 615 1036 Μοιι.
639 1002 681 1036 Β.

127 1070 446 1115 στεφανωθῆναι]
495 1070 746 1115 στεφωνωθῆ-

80 1127 152 1150 ναι.
169 1116 272 1152 Vind.
295 1117 340 1150 F.

130 1183 178 1218 Τι’
200 1182 290 1228 δὲ,·
278 1183 364 1218 Ἰτί
386 1183 472 1226 δαί,·
496 1184 577 1219 Par.
600 1184 642 1220 A.
665 1185 746 1220 Vat.

59 1229 374 1266 -H.F10r.Acv.
409 1229 499 1275 quod
529 1230 560 1264 si
592 1241 614 1264 a
636 1231 746 1283 prima

74 1287 176 1310 manu
218 1276 293 1310 sine
337 1275 549 1311 correctione
595 1276 746 1320 perscri—

75 1326 171 1367 ptum
195 1326 250 1356 est
272 1322 308 1356 in
325 1323 407 1358 Par.
426 1322 659 1366 recipiendum
680 1334 744 1375 pu-

74 1371 124 1410 to,
147 1370 186 1401 ut
209 1379 284 1402 cum
306 1369 359 1403 rei
381 1368 554 1413 gravitate
572 1369 669 1402 vocis
690 1369 743 1402 in-

71 1414 181 1447 tentio
227 1415 382 1449 crevisse
424 1414 647 1470 significetur.
700 1414 742 1449 In

71 1460 147 1494 Ald.
172 1460 254 1496 Bas.
283 1461 338 1495 ab.
367 1460 414 1495 Τι’
433 1457 474 1494 δε
496 1460 569 1503 δεξ.
592 1461 666 1495 sine
688 1460 741 1496 in-

70 1506 311 1552 terpunctione
334 1507 472 1552 legitur.

115 1574 367 1620 δεξιωθῆναι]
404 1575 629 1620 δεξιαθῆναι
652 1575 739 1610 Lob.

68 1621 171 1656 Vind.
195 1621 239 1656 F.
261 1623 340 1658 Vat.
364 1623 406 1655 Β.
444 1623 531 1657 ven.
556 1622 598 1657 C.
641 1618 736 1664 ἐξια-

68 1667 191 1724 θῆναι
214 1679 257 1711 γρ
293 1668 372 1702 Par.
397 1669 438 1703 A.
463 1668 600 1702 secund.
625 1669 736 1703 Bekk.

69 1711 293 1758 ἐξιασθῆναι
314 1714 405 1748 idem
428 1715 465 1749 in
487 1715 642 1759 margine
666 1725 736 1749 sec.

67 1760 266 1795 Faehsium.

118 1825 189 1862 τόδ
198 1825 237 1872 ’,]
270 1824 358 1863 τόδ’
383 1827 468 1863 editi
495 1830 576 1863 ante
598 1828 738 1863 Bekke-

73 1884 245 2000 rMuzliiuffc
260 1919 276 1965 ]

113 1977 167 2001 on.
225 1992 235 2002 .

118 2034 275 2079 φιλῆσαί
298 2046 338 2069 τε
365 2033 452 2080 καὶ]
489 2047 554 2070 om.
578 2034 672 2070 Mon.
696 2036 738 2070 B.

71 2080 198 2115 Fuisse
220 2081 279 2127 qui
310 2082 430 2124 φιλεῖν
452 2081 517 2116 hac
542 2081 585 2116 de
607 2093 646 2115 re
669 2081 739 2116 dici

71 2127 220 2169 nollent,
243 2128 481 2162 Antiattieista
503 2128 614 2162 Bekk.
637 2127 739 2162 docet

71 2183 106 2218 Ρ.
133 2173 219 2215 115,
242 2175 301 2209 22.
325 2178 362 2206 et
385 2174 476 2218 apud
500 2174 665 2209 Valcken.
691 2173 736 2207 ad

72 2221 222 2253 Ammon.
249 2230 284 2263 p.
310 2220 387 2254 137.
411 2220 465 2255 ed.
488 2219 586 2274 Lips.
611 2221 736 2275 φιλεῖν

70 2262 165 2319 φασὶ
200 2264 280 2298 δεῖν
311 2263 427 2308 λέγειν
459 2262 503 2300 τό
536 2263 634 2299 κατὰ
662 2271 736 2321 ψυ-

64 2307 156 2365 χήν,
181 2312 400 2366 καταφιλεῖν
421 2308 462 2345 δε
482 2310 546 2346 καὶ
565 2309 674 2346 κύσαι
691 2308 735 2346 τὸ

64 2353 130 2390 δια
151 2356 222 2390 τοῦ
244 2354 441 2400 στόματος.

324 1917 394 1955 οὐκ
427 1917 489 1955 ἔτι
525 1920 628 1958 Vind.
661 1920 739 1956 DE.

109 2424 331 2478 στρατείας]
370 2423 573 2469 στρατίας,
610 2436 732 2469 super-

63 2472 196 2517 scripto
221 2474 257 2505 et
279 2481 400 2504 rursus
424 2471 535 2504 deleto
560 2481 611 2514 ει,
637 2471 731 2507 Μοιι.

63 2518 106 2553 B.
131 2517 308 2561 στρατιᾶς
337 2517 416 2550 Par.
439 2516 546 2550 ADK.
578 2497 664 2552 V’en.
688 2518 731 2554 B.

62 2564 142 2599 Vat.
153 2564 198 2597 H.
223 2564 320 2598 Flor.
339 2562 445 2597 ACT.
471 2563 544 2597 Ald.
569 2564 650 2597 Bas.
675 2564 731 2600 ab.

62 2609 153 2654 quod
176 2610 298 2644 vitium
321 2609 423 2643 etiam
440 2608 576 2643 Timaei
600 2609 732 2643 lexicon

62 2666 99 2709 p:
120 2656 202 2691 239.
234 2655 381 2698 invasit,
415 2654 474 2689 ubi
501 2655 547 2689 cf.
570 2654 735 2690 Ruhnke-

65 2712 157 2736 mus.

21 2773 55 2815 G
111 2768 174 2803 nal
195 2768 341 2813 μηδενὶ]
368 2769 425 2803 Ita
442 2769 524 2805 Par.
543 2768 652 2805 ADK.
667 2780 735 2805 sec.

67 2816 179 2851 Bekk.
203 2815 290 2850 Lob.
314 2815 416 2852 Vind.
440 2815 514 2853 BF.
551 2817 631 2855 Vat.
655 2816 735 2852 ΒΜ.

1187 737 1262 780 ἵνα
1291 735 1364 779 καὶ
1396 735 1476 780 ἐάν

806 885 895 930 Ang.
918 886 960 919 Β.
985 884 1079 921 Μοιι.
1103 886 1145 921 Β.
1168 885 1264 920 Flor.
1287 883 1333 919 U.
1376 883 1473 920 Reli-

806 932 866 976 qui
909 942 984 966 cum
1018 932 1094 967 Ald.
1130 933 1212 966 Bas.
1247 931 1301 964 ab.
1349 931 1471 976 Steph.

805 977 904 1011 Astio
929 983 964 1012 et
998 978 1033 1012 in
1070 989 1121 1023 pr.
1156 979 1209 1012 ed.
1244 976 1470 1011 Stallbaurnio

804 1024 992 1057 omiserunt
1013 1023 1096 1067 καὶ,
1128 1024 1218 1069 quod
1252 1034 1318 1056 non
1342 1023 1468 1057 intelli-

802 1074 925 1113 gerent
948 1070 998 1104 ita
1020 1071 1167 1115 positum
1184 1081 1273 1111 esse,
1298 1071 1336 1102 ut
1358 1068 1468 1103 Glau—

803 1127 843 1149 co
876 1116 984 1160 legem
1017 1116 1080 1150 hoc
1123 1117 1238 1162 capite
1278 1115 1467 1158 augendam

802 1161 950 1195 recitare
981 1162 1152 1197 videatur.
1209 1161 1376 1195 Similiter
1423 1160 1464 1195 δὲ

801 1212 881 1252 post
904 1208 1111 1252 prooemium
1134 1207 1232 1242 initio
1251 1206 1337 1251 legis
1354 1207 1465 1252 ipsius

801 1254 951 1297 speciem
981 1254 1174 1288 anacoluthi
1206 1263 1292 1298 prae
1323 1263 1361 1286 se
1394 1254 1465 1286 fert

799 1299 885 1354 Leg.
918 1299 960 1333 L.
993 1299 1110 1334 VIIII.
1144 1311 1188 1354 p.
1211 1299 1290 1334 854.
1322 1297 1373 1331 D:
1402 1299 1462 1354 τῷ

798 1356 866 1387 μεν
898 1343 1112 1388 πειθομένω
1145 1342 1213 1380 τὸν
1246 1342 1363 1387 νόμον
1394 1333 1463 1391 ἐᾷν

800 1391 905 1447 σιγῇ
902 1391 978 1434 δεῖ,
1004 1392 1057 1437 τῷ
1078 1380 1118 1425 δὲ
1149 1389 1374 1425 απειθοῦντι
1399 1402 1461 1446 με·

798 1449 845 1470 τα
863 1434 906 1471 τὸ
928 1438 1125 1481 προοίμιον
1154 1433 1262 1484 ᾄδειν
1281 1434 1393 1480 μέγα·
1419 1432 1462 1476 ὃς

798 1480 842 1516 δ’
858 1478 911 1516 οἶν
945 1482 1144 1528 ἱεροσυλῶν
1159 1474 1314 1539 ληφθῇ,
1337 1502 1384 1507 ——
1404 1478 1459 1516 ἒκ-

797 1526 986 1574 βληθήτω.
1010 1529 1219 1564 Infinitivum
1243 1526 1377 1571 ἐξεῖναι
1396 1540 1460 1573 pro

795 1575 998 1628 imperativo
1022 1576 1180 1620 accipere
1199 1576 1290 1616 licet,
1313 1586 1460 1608 comma-

795 1621 840 1655 tis
864 1624 977 1655 autem
1012 1621 1109 1663 loeo,
1143 1621 1234 1667 quod
1257 1620 1357 1666 vulgo
1381 1623 1461 1665 post

794 1666 988 1711 στρατείας
1018 1668 1172 1709 faciunt,
1211 1667 1307 1700 colon
1331 1678 1458 1711 ponen—

794 1713 872 1747 dum
896 1713 1054 1759 idemque
1076 1714 1209 1757 signum
1232 1716 1312 1757 post
1335 1714 1457 1756 φιλεῖν

793 1759 974 1793 tenendum
1002 1760 1088 1800 fuit,
1120 1760 1178 1793 ubi
1202 1759 1320 1793 Astius
1344 1762 1379 1792 et
1401 1770 1458 1791 re—

793 1805 964 1839 centiores
996 1817 1124 1839 comma
1163 1806 1331 1839 fecerunt.
1396 1804 1459 1837 Sic

796 1862 917 1885 sensus
938 1850 994 1885 hic
1009 1855 1081 1885 est:
1108 1852 1188 1895 quin
1207 1852 1315 1885 etiam
1334 1862 1460 1884 nouum

796 1898 870 1943 legi
899 1902 1003 1942 caput
1031 1898 1068 1930 in
1097 1898 1198 1932 huius
1232 1897 1459 1941 expeditionis

794 1949 929 1988 tempus
955 1944 1104 1977 adiicio:
1137 1949 1172 1978 et
1195 1955 1238 1977 ne
1269 1943 1324 1976 cui
1352 1943 1458 1976 liceat

794 2001 928 2034 negare
947 2015 957 2031 ‚
1002 1991 1034 2023 si
1066 2001 1162 2034 quem
1187 1989 1338 2022 osculari
1363 1989 1458 2024 velit.

795 2035 958 2069 Ceterum
990 2035 1228 2075 Aristotelem,
1258 2034 1459 2075 Lucianum,

794 2081 980 2115 Maximum
1003 2084 1039 2114 et
1072 2081 1290 2115 Plutarchum
1313 2080 1379 2114 huc
1402 2091 1459 2113 re-

792 2127 947 2172 spexisse
976 2139 1115 2161 monens
1150 2127 1270 2160 Astius
1305 2126 1348 2159 de
1377 2125 1458 2160 Ari-

793 2174 915 2207 stotele
945 2173 1096 2214 erravit,
1142 2173 1173 2206 si
1208 2172 1350 2206 eundem
1383 2172 1459 2205 eius

789 2219 899 2253 locum
947 2219 1053 2263 (nam
1083 2229 1240 2252 numeros
1275 2217 1458 2263 typotheta

789 2265 949 2310 vitiavit)
983 2265 1019 2299 in
1043 2268 1155 2298 mente
1186 2264 1323 2306 habuit,
1356 2275 1456 2308 quem

790 2312 868 2347 Vol.
893 2311 918 2346 Ι.
951 2323 986 2356 Ρ.
1011 2311 1100 2351 274,
1125 2311 1159 2346 b.
1182 2310 1302 2344 retuli
1347 2310 1458 2343 Pseu-

790 2357 1006 2412 doplutarchi
1040 2357 1134 2390 locus
1171 2359 1225 2390 est
1261 2368 1294 2400 p.
1321 2357 1374 2389 11.
1401 2355 1457 2389 E:

788 2400 832 2437 τὸ
852 2400 898 2447 δή
921 2403 990 2437 τοῦ
1010 2400 1214 2441 Πλάτωνος
1233 2401 1379 2457 σπουδῇ
1393 2399 1458 2435 καὶ

785 2449 1026 2504 χαριεντισμῷ
1054 2446 1295 2505 μεμιγμένον
1303 2444 1349 2482 οὐ
1385 2458 1456 2480 πα-

787 2492 1018 2539 ραλειπτέον.
1065 2491 1201 2548 εξεῖναι
1248 2491 1337 2547 γάρ
1339 2502 1459 2549 φησι

788 2542 869 2576 δεῖν
915 2544 995 2581 τοῖς
1036 2536 1294 2584 αριστεύσασιν
1325 2534 1371 2573 ὃν
1408 2533 1458 2573 ἂν

787 2585 997 2634 βούλωνται
1025 2587 1102 2621 τῶν
1128 2586 1253 2620 καλῶν
1283 2585 1449 2630 φιλῆσαι.

791 2634 964 2668 Lucianus
987 2633 1054 2676 (T
1075 2632 1140 2666 III.
1158 2643 1192 2677 p.
1219 2634 1294 2666 110.
1314 2632 1450 2675 Lehm.)

791 2684 827 2714 et
851 2680 1022 2713 Maximus
1045 2678 1204 2722 (dissert.
1226 2677 1376 2712 XXIIII.
1400 2678 1455 2720 4.)

792 2726 971 2759 Socratem
1003 2725 1105 2758 huius
1148 2724 1236 2768 legis
1280 2728 1455 2757 auctorem

791 2771 1014 2817 perhibentes
1046 2769 1199 2804 Platonis
1239 2769 1456 2811 sententiam,

795 2829 860 2853 non
885 2818 1011 2859 verba,
1034 2816 1200 2851 referunt.
