1807 3219
289 119 425 162 216,
746 115 1221 158 PLATONIS

289 227 548 284 παθήματος
578 224 735 282 ἥκιστα
769 228 953 281 προσδεῖ
980 227 1146 284 φύλακι
1168 225 1337 278 πόλεώς
1355 242 1400 270 τε
1421 226 1495 270 καὶ
1513 225 1675 282 νόμων.

290 296 450 349 Εἰκὸς,
497 290 525 351 ἦ
565 293 605 338 δ’
649 293 709 346 ὅς.
774 294 866 351 Τὴν
903 296 1181 352 μακροτέραν
1222 297 1404 348 τοίνυν,
1456 289 1490 337 ὦ
1519 295 1672 350 ἑταῖρε,

228 372 267 413 D
295 366 428 422 ἔφην,
458 363 676 420 περιιτέον
703 366 765 419 τῷ
794 361 1006 421 τοιούτῳ,
1036 364 1110 408 καὶ
1134 361 1214 419 ούχ
1243 358 1375 419 ἧττον
1404 362 1678 420 μανθάνοντι

291 432 527 489 πονητέον,
557 431 585 489 ἢ
615 431 954 488 γυμναζομένῳ·
1003 431 1033 488 ἢ
1063 431 1090 476 ὃ
1118 435 1205 476 νῦν
1244 430 1298 488 δή
1340 431 1568 488 ἐλέγομεν,
1597 434 1680 475 τοῦ

292 503 498 559 μεγίστου
536 516 581 544 τε
625 501 700 543 καὶ
741 498 928 556 μάλιστα
968 499 1270 557 προσήκοντος
1312 499 1574 556 μαθήματος
1609 499 1679 543 ἐπὶ

294 570 418 620 τέλος
449 568 612 612 οὔποτε
640 568 741 624 ἥξει.
809 567 875 611 Οὐ
904 567 989 624 γὰρ
1015 573 1177 619 ταῦτα,
1210 569 1317 625 ἔφη,
1352 569 1554 624 μέγιστα,
1586 566 1676 612 ἀλλ’

293 638 357 682 ἔτι
385 654 425 680 τι
456 641 601 692 μεῖζον
638 634 922 692 δικαιοσύνης
965 654 1009 681 τε
1050 637 1124 681 καὶ
1163 631 1225 680 ὧν
1263 636 1503 693 διήλθομεν
1516 655 1527 687 ;
1589 637 1680 680 Καὶ

295 710 466 764 μεῖζον,
504 701 562 762 ἦν
595 704 638 748 δ’
670 704 774 760 ἐγώ,
813 704 887 748 καὶ
919 703 1067 748 αὐτῶν
1095 704 1266 748 τούτων
1299 705 1379 761 ούχ
1407 705 1680 762 ὑπογραφὴν

295 777 364 819 δεῖ
392 774 538 828 ὥσπερ
569 776 655 817 νῦν
685 771 958 824 θεάσασθαι,
1007 771 1116 816 ἄλλα
1148 773 1227 829 τὴν
1255 774 1519 830 τελεωτάτην
1549 772 1681 828 οἷπερ-

295 844 455 900 γασίαν
485 842 544 899 μὴ
575 840 793 896 παριέναι.
845 840 874 896 ἢ
904 838 960 884 οὐ
989 845 1166 896 γελοῖον
1197 841 1267 886 ἐπὶ
1299 842 1378 898 μὲν
1408 841 1556 894 ἄλλοις
1584 854 1680 899 σμι-

338 1011 472 1059 ἥκιστα
505 1014 665 1058 προσδεῖ
695 1011 856 1058 φύλακι]
903 1013 958 1047 Ita

292 1062 372 1095 Par.
406 1061 484 1094 DK.
531 1061 624 1095 Mon.
660 1060 701 1093 Β.
748 1060 841 1093 Flor.
875 1059 957 1093 TU.

292 1103 427 1151 ἣκιστα
453 1106 671 1151 προσδεῖται
702 1103 841 1149 φύλακι
878 1106 957 1138 Par.

292 1155 333 1187 A.
366 1153 451 1186 Lob.
502 1153 602 1186 Vind.
638 1152 742 1185 BEF.
791 1152 876 1184 Ven.
916 1150 957 1184 C.

293 1200 381 1254 Aug.
405 1199 445 1232 Β.
481 1199 557 1232 vat.
581 1198 667 1231 HM.
699 1198 791 1231 Flor.
816 1197 957 1232 ACRV

293 1241 427 1289 ἥκιστα
456 1245 676 1288 προσδεῖται
706 1241 852 1287 φυλακὴ
878 1245 958 1278 Vat.

292 1292 334 1326 B.
365 1292 452 1326 ven.
476 1293 518 1325 Β.
545 1291 619 1324 Ald.
653 1291 732 1323 Bas.
758 1291 811 1323 ab.
838 1289 959 1343 Steph.

292 1339 366 1371 Ast.
391 1349 460 1370 sec.
486 1332 620 1381 ἥκιστα
638 1336 797 1380 προσδεῖ
814 1335 866 1381 τῷ
888 1347 961 1378 φν

293 1385 376 1418 λακι
408 1384 482 1418 Ast.
507 1395 560 1427 pr.
596 1396 619 1416 α
650 1383 790 1416 custode
818 1401 863 1406 —
891 1392 962 1415 esse

293 1431 393 1464 debet
431 1430 675 1463 alienissimum
713 1427 963 1467 Fic.Quu1n

293 1476 495 1520 optimorum
519 1475 672 1509 codicum
702 1474 803 1507 lectio
827 1473 963 1517 integra

293 1521 426 1555 servari
458 1533 524 1554 non
563 1523 703 1565 posset,
752 1517 891 1563 φύλακι
922 1523 962 1552 ut

295 1566 480 1612 simplicius
514 1570 548 1600 et
582 1566 741 1612 sequenti
764 1566 816 1612 τῷ
837 1576 961 1598 τοιον-

295 1626 346 1658 τῳ
383 1613 636 1646 convenientius
672 1624 714 1645 ex
747 1624 789 1645 ea
822 1622 964 1646 servare

294 1659 418 1700 malui,
453 1670 555 1703 quam
580 1658 807 1703 προσδεῖται.
866 1657 963 1690 Idem

294 1705 379 1740 fecit
403 1685 595 1747 1’3ekkerus,
621 1705 738 1738 Astius
761 1704 798 1738 in
821 1707 902 1737 tert.
928 1706 962 1737 et

296 1751 419 1785 Stallb.

341 1840 486 1883 πόλεώς
519 1843 579 1888 τε]
642 1853 681 1876 τε
724 1841 788 1876 καὶ
821 1840 963 1882 πόλεως

296 1888 376 1923 Par.
401 1889 445 1922 K.
480 1889 728 1934 superpositis,
763 1891 802 1922 ut
824 1889 964 1921 Bekke

296 1946 356 1969 rus
379 1935 504 1977 tradit,
538 1935 668 1970 duobus
700 1934 837 1980 punctis
861 1945 964 1979 super

295 1992 346 2015 τε.

341 2041 369 2092 ἧ
393 2047 435 2083 δ’
456 2045 520 2094 ὅς]
554 2043 602 2093 ἦν
631 2046 672 2084 δ’
702 2047 772 2093 ἐγώ
797 2048 897 2083 Vind.
922 2048 964 2082 Β.

297 2094 377 2129 Vat.
403 2095 451 2128 Μ.
477 2099 512 2129 et
535 2100 615 2129 ante
639 2107 728 2130 corr.
752 2095 841 2129 Lob.

344 2160 460 2208 ἔφην]
488 2161 560 2208 ἔφη
587 2163 674 2198 Lob.
699 2164 802 2199 Vind.
821 2165 862 2199 B.
886 2163 966 2199 vat.

228 2275 270 2318 D
297 2324 325 2358 Β
340 2276 601 2323 μανθάνοντι]
627 2277 868 2322 μανθάνουσι
887 2279 964 2314 Ald.

329 2336 377 2358 aS-
404 2336 434 2358 a.

344 2391 551 2438 πονητέον]
588 2392 768 2437 ποιητέον
805 2394 896 2429 Mon.
922 2394 963 2429 B.

298 2440 378 2474 Par.
404 2440 448 2473 K.
474 2450 543 2473 sec.
568 2439 645 2484 Bip.

345 2526 367 2574 ἢ
390 2529 706 2587 γυμναζομένῳ-
719 2531 890 2588 μεγίστου
909 2533 961 2577 τε]

299 2588 362 2610 οπι.
388 2576 467 2610 Par.
491 2578 530 2610 A.
563 2572 587 2632 η’
607 2576 866 2632 γυμναζομὲνω
896 2583 961 2612 etc.

298 2623 374 2657 Ald.
406 2618 430 2666 ἣ
449 2622 707 2679 γυμναζομένῳ
737 2628 803 2660 etc.
826 2625 904 2658 Bas.
929 2626 963 2659 b.

298 2669 366 2702 Pro
391 2669 498 2702 altero
523 2665 546 2713 ἢ
571 2670 651 2703 Par.
677 2659 721 2704 K.
748 2670 801 2710 εἰς
825 2671 939 2705 habet.

344 2733 527 2780 μάλιστα]
553 2735 653 2779 μάλα
675 2738 754 2772 Par.
781 2739 821 2773 D.
845 2737 963 2782 μόνον

299 2783 391 2816 Mon.
419 2783 455 2815 Β.
482 2784 575 2816 Flor.
602 2784 644 2816 U.

1062 1012 1137 1058 ἔτι]
1165 1010 1240 1047 ἔστι
1264 1015 1350 1049 Ven.
1374 1014 1416 1048 B.
1440 1013 1519 1050 Par.
1540 1013 1585 1049 K.
1610 1025 1680 1049 sec.

1014 1059 1123 1093 Bekk.
1151 1057 1226 1093 ἔστι
1250 1071 1317 1094 sec.
1342 1061 1421 1105 Bip.

1061 1129 1122 1173 τι]
1150 1141 1216 1163 om.
1240 1129 1326 1163 Lob.
1360 1128 1463 1164 Vind.
1485 1128 1556 1163 BF.
1593 1129 1680 1174 Ang.

1014 1174 1054 1208 B.
1081 1175 1157 1208 Vat.
1183 1175 1232 1209 M.

1062 1244 1125 1288 τε]
1153 1257 1218 1279 οπι.
1242 1244 1328 1278 Lob.
1353 1243 1455 1278 Vind.
1466 1244 1507 1279 B.
1533 1244 1613 1278 vat.
1630 1244 1681 1280 M.

1063 1311 1164 1357 Καὶ]
1186 1311 1251 1347 ναὶ
1275 1312 1370 1347 Μοη.
1396 1313 1437 1348 Β.
1462 1314 1554 1347 Flor.
1579 1314 1625 1347 U.

1063 1381 1210 1426 μεῖζον]
1235 1393 1272 1425 μ.
1293 1379 1441 1416 τούτων
1465 1383 1545 1416 Par.
1570 1382 1614 1417 Κ.

1067 1447 1198 1484 αὐτων
1218 1448 1386 1497 τούτων]
1421 1463 1468 1484 se.
1495 1449 1685 1486 δικαιοσύ-

1019 1507 1086 1539 νης
1113 1508 1153 1530 τε
1184 1496 1247 1530 καὶ
1273 1510 1326 1530 ων
1357 1495 1571 1541 διήλθομεν.
1597 1499 1689 1542 quod

1020 1542 1277 1576 Stallbamnium
1300 1545 1420 1588 fugere
1444 1556 1510 1578 non
1527 1545 1685 1579 debebat.

1063 1610 1158 1656 νῦν]
1185 1611 1237 1645 νῶ
1259 1612 1339 1647 Par.
1363 1613 1408 1646 K.

1054 1677 1133 1736 τὴν
1181 1678 1409 1735 τελεωτατην
1456 1680 1686 1727 ἀπεργασίαν

1018 1723 1068 1769 μὴ
1089 1724 1277 1770 παριέναι]
1303 1729 1497 1763 absolutam
1513 1732 1687 1765 rationem

1020 1774 1303 1817 comprehendere
1324 1774 1397 1808 Fic.

1066 1836 1114 1884 ἢ]
1140 1834 1187 1884 ἧς
1219 1841 1319 1876 Vind.
1345 1843 1385 1876 F.
1434 1843 1476 1876 In
1509 1843 1607 1878 Vind.
1640 1845 1685 1878 E.

1020 1890 1171 1966 xltatae
1212 1900 1380 1933 personae
1414 1889 1547 1934 signum
1582 1902 1685 1935 prae—

1070 1944 1125 1966 um

1021 1997 1214 2081 Αὅέλλοις]
1251 1999 1364 2038 ἄλλον
1388 2003 1488 2040 Vind.
1512 2003 1556 2039 F.
1592 1979 1686 2039 Fldr.

1068 2117 1243 2162 σμικροῦ]
1269 2118 1324 2152 Ita
1348 2119 1426 2154 Par.
1454 2120 1496 2152 A.
1523 2119 1624 2153 Vind.
1639 2120 1683 2155 F.

1021 2162 1183 2244 Ιᾞῖἓίἶέ
1200 2164 1489 2256 μῖιῗὲοῢοτοῖῗέιιὲἰ.
1505 2166 1686 2246 οῗεὲξῖἱὶέζ

1022 2267 1083 2289 nes
1117 2260 1196 2290 ante
1229 2257 1319 2290 Astii
1351 2269 1420 2291 sec.
1469 2257 1523 2291 Cf.
1556 2258 1631 2291 Vol.
1656 2259 1684 2292 Ι.

1021 2314 1055 2346 p.
1081 2304 1164 2346 287,
1188 2304 1221 2336 b.
1246 2305 1281 2337 z‘n
1299 2305 1396 2338 rebus
1413 2304 1563 2338 minimis
1577 2304 1651 2338 Fic.

1069 2368 1211 2415 αξίοις]
1235 2369 1356 2414 &georg
1378 2371 1479 2408 Vind.
1503 2372 1546 2406 F.

1069 2438 1316 2484 ακριβέστατα
1332 2439 1393 2475 καὶ
1415 2438 1684 2496 καθαρώτατα]
1697 2449 1732 2490 Ε

1021 2485 1277 2529 καθαρώτατα
1323 2486 1386 2521 καὶ
1440 2483 1686 2532 ἀκριβέστατα

1022 2532 1121 2566 Vind.
1147 2533 1188 2566 F.
1214 2535 1299 2578 Ang.
1325 2535 1365 2567 B.
1390 2534 1486 2567 Flor.
1511 2533 1555 2567 R.

1068 2599 1142 2644 μὴ]
1181 2599 1228 2636 ου’
1252 2603 1331 2637 Par.
1358 2603 1402 2637 K.
1437 2615 1501 2637 om.
1539 2603 1616 2636 Vat.
1639 2603 1684 2638 H.

1021 2647 1115 2681 Flor.
1140 2647 1213 2684 AC.

1071 2713 1225 2762 οἷξιοῦν]
1251 2721 1331 2763 post
1355 2714 1450 2751 εἶναι
1474 2718 1573 2752 Vind.
1595 2719 1640 2754 E.

1071 2784 1146 2819 Καὶ
1161 2784 1281 2829 μάλα,
1302 2784 1385 2830 ἔφη,
1411 2783 1520 2829 ἄξιον
1538 2786 1582 2821 τὸ
1606 2788 1684 2822 δια-
