1807 3219
442 170 781 216 elvlTAs
825 172 1150 239 'ARV-4⁷³
1413 173 1498 214 107

36 281 197 340 466ἐγιὸ
229 283 309 340 μὲν
337 284 422 339 γὰρ
452 283 510 328 ἂν
539 282 765 342 ἀγαπῴην.
822 285 912 330 Καὶ
941 284 1028 342 γάρ
1060 283 1311 345 .<ἐγιι“),ἔφη.4
1359 281 1419 327 Τὸ
1452 282 1499 326 δὲ

105 352 159 408 δὴ
189 351 296 408 μετὰ
325 357 484 406 τοῦτο,
517 352 576 406 ὥς
600 353 736 409 ἔοικε,
766 353 1025 410 πειρώμεθα
1059 357 1199 409 ζητεῖν
1222 367 1267 397 τε
1289 352 1363 396 καὶ
1385 348 1498 397 ozam

106 419 356 474 δεικνύναι,
379 423 432 465 ,τί
460 433 565 465 ποτε
595 427 682 466 νῦν
711 426 860 474 κακῶς
889 422 936 466 ἐν
955 426 1055 474 ταῖς
1075 419 1229 466 πόλεσι
1249 418 1498 477 πράττεται,

106 488 159 533 δι’
191 488 218 534 ὃ
252 487 333 546 οὐχ
373 489 512 542 οὕτως
552 492 805 548 οἰκοῦνται,
851 491 927 535 ’καὶ
963 493 1084 542 τίνος
1116 489 1171 533 ἂν
1202 488 1501 549 σμικροτάτου

106 557 428 615 μεταβαλόντος
458 559 580 602 ἔλθοι
611 560 672 610 εἰς
701 563 862 603 τοῦτον
890 557 969 603 τὸν
997 557 1165 615 τρόπον
1185 562 1262 615 τῆς
1280 559 1503 607 πολιτείας

105 625 255 679 πόλις,
296 626 484 682 μάλιστα
519 627 599 684 μὲν
639 626 769 681 ἑνὸς,
802 629 838 672 εἰ
881 629 926 672 δὲ
960 628 1042 685 μὴ,
1076 630 1243 680 δυοῖν,
1287 628 1326 670 εἰ
1355 627 1405 671 δὲ
1431 624 1503 681 μὴ,

107 695 174 740 ὅτι
203 694 432 752 ὀλιγίστων
459 693 540 740 τὸν
571 695 770 753 ἀριθμόν
797 696 872 740 καὶ
911 694 1218 753 σμικροτάτων
1236 692 1330 752 τὴν
1359 693 1503 738 ’δύνα-

104 780 190 820 μιν.
249 758 509 809 Παντάπασι
530 763 627 821 ,μὲν
657 759 771 818 οὖν,
813 764 908 822 ἔφη.
961 764 1088 817 Ἑνός
1118 765 1198 821 μὲν
1227 765 1422 817 τοίνυν,’
1445 756 1501 818 ἦν
1532 766 1564 808 C

104 830 146 876 δ’
179 830 287 889 ἐγώ,
317 831 637 891 μεταβαλόντος
669 833 993 889 δοκοῦμένμοι
1024 833 1136 890 ἔχειν
1165 834 1302 885 δεῖξαι
1333 831 1401 875 ὅτι
1426 846 1502 886 με·

102 901 284 947 ταπέσοι
311 900 388 956 ἄν,
433 901 489 947 οὐ
520 902 671 959 μέντοι
701 905 891 958 σμικροῦ
919 904 968 958 γε
999 900 1104 947 οὐδὲ
1136 902 1321 959 ῥᾳδίου,
1363 901 1500 944 δυνα-

102 973 185 1015 τοῦ
214 971 303 1016 δέ.”
337 973 490 1024 Τίνοςς
537 970 633 1029 ἔφη.
684 968 775 1015 Ἐπ’
815 969 925 1016 αὐτὸ
967 969 1045 1027 δὴ,
1070 963 1143 1026 -ἧν
1174 968 1221 1014 δ’
1252 967 1361 1026 ἐγώ,
1400 965 1501 1025 εἶμι,

103 1144 177 1178 bris
212 1143 293 1178 nihil
331 1156 352 1179 a
376 1144 552 1190 Stephano
576 1144 775 1201 discrepans
832 1125 878 1188 δὴ
901 1143 1110 1187 μετα-τοῦτο
1135 1141 1236 1178 Vind
1248 1141 1327 1177 DF
1348 1139 1443 1185 Mon
1458 1139 1499 1205 Β.

103 1190 245 1225 allatum
276 1190 465 1234 videret,
473 1203 540 1225 non
571 1195 700 1224 temere
725 1190 772 1235 δὴ
830 1191 906 1229 Ald.
930 1191 1011 1223 Bas.
1037 1190 1092 1231 ab.

102 1240 278 1281 tamquam
306 1237 441 1271 illorum
473 1237 655 1271 lectionem
678 1240 774 1270 retu-
877 1237 998 1280 ζητεῖν
1032 1247 1071 1269 τε
1096 1233 1176 1269 καὶ
1210 1202 1499 1278 ἀποδεικνύναι]

103 1283 145 1319 lit
168 1286 204 1315 et
225 1283 391 1324 retinuit,
423 1282 459 1325 in
494 1283 644 1316 secunda
676 1294 772 1323 vero,
831 1284 1012 1317 declarare
1030 1282 1108 1315 Fic.
1134 1292 1173 1315 τε
1195 1293 1260 1315 om.
1278 1281 1359 1314 Par.
1386 1280 1435 1314 Κ.
1457 1299 1504 1306 —-

101 1339 205 1373 quum
228 1327 425 1370 didicisset,
459 1328 541 1374 qiud
567 1307 773 1368 Bekk'eriani
831 1326 1102 1363 αποδεικνῦναι
1147 1327 1245 1370 Vind.
1279 1327 1388 1365 BDF.
1423 1326 1501 1361 Ald.

101 1374 279 1410 haberent·
287 1400 297 1416 ‚
339 1374 472 1409 silentio
511 1375 570 1408 isti
602 1375 772 1416 diffidere,
828 1375 908 1409 Bas.
934 1376 990 1409 ab.
1202 1390 1205 1396 ·

100 1432 169 1455 non
191 1421 317 1454 iterum
335 1421 407 1455 sine
430 1421 641 1455 dubitatione
666 1421 773 1454 omni-
876 1418 924 1455 δι’
953 1415 1000 1465 δ]
1049 1418 1109 1455 διὸ
1146 1419 1248 1455 Vind.
1284 1419 1362 1454 EF.
1405 1415 1504 1454 Flor.

100 1467 166 1502 bus
188 1477 251 1504 sex
277 1466 486 1507 Florentinis
510 1465 556 1511 δὴ
581 1468 773 1511 assignare,
828 1467 969 1502 ACTV

100 1513 224 1548 nedum
247 1512 417 1553 Venenum
439 1514 480 1546 B.
506 1525 609 1558 quem
632 1514 773 1547 Bekke-
876 1509 1177 1565 μεταβαλόντος]
1202 1493 1504 1557 μεταβαλλόντος

98 1570 159 1594 rus
182 1559 263 1600 δεῖν
288 1560 450 1595 exhibere
467 1560 591 1602 docet,
616 1560 773 1594 comitem
829 1559 909 1594 Par.
935 1560 979 1593 Κ.
1006 1570 1074 1592 sec.
1101 1558 1179 1603 Rip.

100 1606 151 1645 eis
183 1605 367 1650 adiungere
402 1607 559 1647 debebat.
609 1606 773 1640 Ceterum
837 1644 839 1646 ,
880 1604 1007 1649 ἔλθοι]
1045 1603 1137 1648 ε’λθη
1172 1604 1258 1638 Lob.
1294 1602 1397 1637 Vind.
1427 1604 1504 1638 BD.

101 1650 148 1696 δὴ
175 1652 260 1686 ferri
282 1653 457 1697 potuisse,
492 1652 522 1686 si
545 1664 609 1698 per
634 1652 772 1691 ,codices
829 1653 908 1687 Vat.
934 1652 1014 1685 BM.
1043 1617 1137 1685 Ven77
1146 1650 1186 1684 C.
1210 1650 1290 1684 Par.
1305 1651 1382 1685 ΒΚ.
1409 1650 1504 1686 Μοη.

99 1699 240 1740 liceret,
263 1699 300 1732 in
322 1702 482 1744 promptu
508 1703 582 1741 est3
606 1699 667 1732 sed
693 1699 772 1732 δεῖν
830 1699 870 1733 Β.
895 1699 992 1731 Flor.
1019 1698 1063 1731 T.
1091 1698 1190 1731 Stob.
1216 1697 1336 1730 Trinc.

100 1745 207 1779 nihilo
233 1745 385 1780 deterius
409 1749 445 1779 et
467 1746 511 1779 ob
536 1745 772 1783 anacoluthiae
879 1742 1084 1799 ὀλιγίστων]
1114 1740 1319 1787 ολιγόστων
1342 1744 1440 1777 Flor.
1456 1744 1502 1777 T.

101 1791 251 1836 speciem
282 1795 364 1837 post
395 1787 579 1835 ἀνάγκαζε
603 1794 773 1825 mutatum
829 1802 850 1825 a
874 1803 918 1824 m.
942 1802 996 1835 pr.
1039 1787 1245 1834 ὀλιγοστῶν
1280 1791 1364 1824 Lob.
1398 1791 1502 1825 Vind.

105 1849 127 1872 a
150 1838 327 1883 Stephano
361 1839 509 1873 videtur.
559 1837 638 1872 Non
670 1837 772 1879 male,
828 1838 870 1871 B.
898 1838 978 1873 Vat.
1000 1837 1042 1870 B.
1072 1837 1154 1871 Ven.
1181 1836 1222 1870 C.
1257 1837 1337 1871 Par.
1361 1836 1407 1872 K.
1434 1848 1502 1872 sec.

105 1884 197 1929 quod
221 1884 265 1918 ad
287 1885 352 1918 hoc
369 1885 512 1926 attinet,
534 1884 700 1918 Ficinus.
728 1894 771 1917 ne
830 1884 941 1919 Bekk.

104 1942 159 1964 me
179 1941 287 1976 cogas
310 1932 444 1977 igitur,
470 1937 528 1973 ut,
552 1932 672 1975 qttalia
691 1942 773 1964 ver-
857 1927 1148 1977 σμικροτάτων]
1162 1928 1504 1976 πικροτάτωννίηό.

106 1977 157 2011 bis
176 1978 261 2010 haec
279 1979 539 2023 figuravimus,
563 1978 654 2012 talia
673 1978 775 2023 perai-
831 1979 872 2014 Β.
902 1980 983 2014 Vat.
1008 1979 1058 2013 M.

106 2029 162 2058 tus
180 2024 295 2078 digito
312 2025 469 2058 indicare
491 2025 640 2058 debeam.
838 2059 841 2061 ,
877 2022 1179 2081 μεταβαλόντος]
1204 2021 1503 2070 μεταβαλλόντος
1534 2026 1566 2070 C

153 2067 300 2114 εὑρεῖν]
338 2083 402 2105 om.
427 2071 528 2106 Vind.
558 2068 775 2119 1).ευρῶν
832 2073 919 2107 Ven.
946 2074 987 2107 C.
1029 2070 1326 2118 μεταβάλλοντος
1351 2072 1440 2110 Ven.
1462 2071 1500 2111 B.

107 2116 206 2150 Stob.
231 2117 348 2151 Trinc.
833 2120 932 2155 Vind.
957 2120 1001 2154 Ε.
1025 2120 1104 2153 Vat.
1130 2121 1176 2155 Η.

155 2160 335 2217 οικήσειε]
366 2151 545 2208 οἰκήσειεν
570 2152 671 2201 Vind.
695 2165 736 2200 F.
883 2164 1090 2211 δοκονμεν]
1119 2166 1225 2201 δοκεῖ
1238 2165 1307 2212 μέν
1321 2169 1397 2203 Akd.
1421 2170 1504 2205 Bas.

156 2206 298 2254 φάναι]
327 2210 448 2254 φᾶναι
473 2211 572 2246 Vind.
598 2212 674 2247 DF.
713 2212 775 2246 Li-
832 2214 888 2249 ab.
923 2214 1045 2258 Steph.
1090 2214 1187 2247 Stob.
1228 2226 1347 2260 margo
1396 2218 1504 2252 Gesn.

109 2257 165 2288 cet
187 2255 390 2289 infinitivum
413 2258 502 2291 hunc
529 2269 611 2293 cum
620 2258 675 2292 illo
697 2258 776 2292 δεῖν
832 2260 959 2294 Veram
981 2259 1162 2293 lectionem
1183 2260 1301 2295 Astius
1326 2262 1362 2295 in
1384 2275 1439 2308 pr.
1460 2275 1504 2298 ex

108 2301 154 2335 ad
176 2298 225 2345 μὴ
251 2298 432 2345 ανάγκαζε
464 2305 596 2338 referre
630 2305 702 2346 ita,
735 2308 774 2338 ut
831 2307 918 2342 Ven
946 2306 988 2340 C.
1013 2307 1093 2341 Par.
1117 2306 1162 2340 K.
1187 2308 1353 2342 restituit.

108 2344 281 2391 ἐπίτρεπε
315 2351 369 2382 vel
397 2349 506 2383 simile
539 2349 621 2395 quid
649 2330 778 2385 subau-
879 2353 966 2396 μοι]
993 2365 1059 2386 om.
1084 2353 1185 2387 Vind.
1209 2354 1251 2387 Β.
1277 2355 1356 2388 Vae.
1381 2355 1430 2389 M.

105 2393 242 2436 diatur3
267 2394 358 2439 quod
382 2395 411 2428 si
432 2398 559 2440 placet,
583 2401 663 2441 post
682 2394 774 2431 οἷπο·
879 2396 1106 2445 μεταπέσοι]
1151 2400 1370 2444 μεταπείσοι
1400 2402 1506 2437 iidem

105 2440 255 2484 φαίνειν
290 2452 421 2475 comma
452 2453 515 2486 pro
547 2444 620 2477 colo
644 2456 777 2488 ponen-
833 2448 870 2479 et
892 2445 973 2480 Par.
997 2446 1039 2480 D.

104 2488 184 2521 dmn
201 2490 264 2520 est.
292 2487 409 2521 Malim
436 2491 559 2523 tamen
575 2500 651 2523 cum
670 2491 777 2524 Stans
880 2491 1063 2547 σμικροῦ]
1090 2492 1223 2549 μικροῦ
1249 2494 1350 2528 Stob.

110 2533 245 2568 baumio
268 2545 332 2589 pro
356 2534 559 2591 imperativo
581 2536 753 2591 accipere
880 2535 934 2573 δέ.
963 2539 1098 2595 Τίνος]
1127 2537 1274 2580 δέτινος
1298 2540 1400 2574 Vind.
1425 2540 1471 2575 F.

151 2577 399 2626 ἐξευρηκέναι]
427 2579 654 2626 εξειρηκέναι
674 2583 775 2618 Vind.
880 2581 1000 2630 αυτὸ]
1036 2582 1142 2620 min&
1176 2586 1266 2620 idem
1291 2590 1327 2620 et
1348 2588 1434 2632 Ang.
1460 2588 1502 2622 B.

880 2629 952 2676 δὴ]
980 2645 1045 2667 om.
1078 2633 1165 2667 Lob.
1198 2633 1298 2668 Vind.
1323 2634 1396 2667 BD.
1422 2635 1502 2668 Vat.

60 2672 96 2713 B
157 2666 218 2717 αν]
247 2684 311 2706 om.
334 2672 421 2707 Lob.
446 2674 547 2709 Vind.
566 2660 775 2713 BDE..Vat.
833 2677 914 2712 ΒΜ.
940 2679 1035 2713 Flor.
1061 2680 1106 2714 T.
1145 2675 1187 2713 δ’
1212 2679 1313 2714 Vind.
1337 2681 1382 2714 F.
1413 2681 1502 2725 Ang-

111 2718 192 2752 ΒΜ.
218 2719 303 2753 Ven.
328 2719 368 2753 B.
394 2721 491 2755 Stob.
833 2725 875 2760 Β.
899 2724 992 2759 Flor.
1017 2726 1060 2763 R

156 2761 251 2821 ἐγω]
280 2763 389 2822 ε’γωγε
414 2768 512 2801 Stob.
879 2770 928 2820 ήν
948 2767 985 2804 δ’
995 2772 1058 2816 ]η
1051 2771 1085 2804 ’ν
1108 2770 1200 2806 Flor.
1225 2771 1268 2806 R.

160 2809 212 2846 Τὸ
237 2808 277 2846 δὲ
297 2810 344 2856 δὴ
365 2811 457 2856 μετὰ
475 2814 634 2859 τοῦτο]’
624 2826 658 2848 in
676 2827 777 2850 unum
881 2814 978 2861 εἶμι]
1007 2817 1080 2862 εἰμι
1103 2817 1205 2853 Vind.
1230 2818 1272 2853 F.
1309 2817 1383 2863 εἰμὶ
1408 2819 1499 2854 Mon.

111 2861 287 2892 contracta
311 2859 448 2894 exhibet
471 2859 571 2896 Vind.
593 2861 637 2897 Ε.
671 2859 714 2897 τὸ
735 2859 776 2896 δε
835 2863 875 2897 Β.
902 2875 922 2898 a
946 2875 989 2897 m.
1015 2875 1068 2908 pr.
