1807 3219
288 155 373 195 324

731 148 1208 191 PLATONIS

227 268 264 308 D
291 260 598 320 βεβαιώσηται,
628 259 701 301 καὶ
731 262 791 316 τῷ
819 259 915 303 ὄντι
944 261 991 303 ἐν
1012 259 1215 317 βορβόρῳ
1236 259 1495 315 βαρβαρικῷ
1515 255 1601 299 τινὶ
1618 254 1669 301 τό

287 335 363 387 τῆς
392 332 535 385 ψυχῆς
565 325 686 383 ὄμμα
711 328 1104 384 κατορωρυγμένον
1125 326 1264 385 ἠρέμα
1283 327 1395 370 ἕλκει
1416 325 1490 368 καὶ
1520 321 1670 379 οἷνάγει

287 397 405 450 ἅνω,
437 398 687 451 συνερίθοις
716 397 790 439 καὶ
821 401 1196 452 συμπεριαγωγοῖς
1225 394 1422 451 χρωμένη
1454 390 1522 444 αἷς
1552 391 1669 448 διήλ-

287 472 427 522 θομεν
456 465 645 520 τέχναις·
685 463 738 515 ἃς
767 463 1001 522 ἐπιστήμας
1031 465 1109 520 μὲν
1138 463 1348 514 πολλάκις
1377 463 1671 518 προσείπομεν

288 535 361 578 διοὶ
393 535 441 578 τὸ
474 534 601 592 ἔθος,
642 531 816 576 δέονται
841 533 887 577 δὲ
920 530 1138 590 ὀνόματος
1167 531 1327 585 ἄλλον,
1361 527 1673 585 ἐναργεστέρου

335 702 600 750 βεβαιώσηται]
622 700 849 749 βεβαιώσητε
859 703 950 737 Mon.

334 795 434 850 καὶ]
449 809 511 830 om.
539 796 640 830 Stob.

332 843 384 888 τῷ
422 837 529 886 ὄντι]
577 839 715 876 τωόντι
761 841 860 876 Vind.
909 841 950 876 Ε.

289 889 383 924 Mon.
409 888 450 920 C.

222 937 259 977 D
337 933 579 987 βαρβαρικῷ]
615 933 754 979 βαρικῶ
781 933 881 966 Vind.
907 933 951 966 F.

290 980 524 1033 βαρβαρικῶς
547 982 646 1014 Stob.
673 980 746 1014 cod.
760 980 839 1013 Vat.
859 979 949 1026 βαρ-

286 1027 452 1082 βαρικῶν
479 1027 580 1061 Cant.

333 1072 403 1116 τὸ]
446 1073 499 1107 lta
539 1073 636 1106 Stob.
681 1072 756 1106 cod.
796 1074 878 1115 Aug.
915 1075 952 1105 et

290 1122 368 1154 vat.
402 1119 454 1164 τῷ
481 1118 582 1151 Cant.

333 1153 686 1208 κατορωρυγμένον]
727 1160 951 1207 κατορυγμέ-

287 1224 355 1245 νον
402 1211 503 1245 Vind.
544 1211 588 1244 E.
644 1208 951 1253 κατωρρυγμένον

288 1258 386 1291 Stob.
413 1257 514 1291 Cant.
540 1257 624 1300 (non
648 1256 722 1290 cod.
740 1257 826 1299 Aug.
852 1256 950 1300 Vat.)

285 1301 614 1359 κατορωρυγμένου
638 1302 712 1337 Ald.
736 1303 816 1335 Bas.
841 1302 894 1335 ab.

329 1347 472 1404 ἠρέμα]
502 1345 569 1403 ἦρ.
593 1348 694 1383 Vind.
720 1348 763 1382 E.
788 1348 881 1381 Mon.
908 1347 948 1381 C.

333 1393 462 1438 ανάγει
487 1391 594 1450 ἅνω]
635 1394 685 1427 Ad
720 1395 783 1427 hoc
815 1393 949 1427 Timaei

284 1442 431 1498 glossam
450 1452 482 1485 p.
494 1443 548 1476 31.
560 1438 769 1495 ,ανατείνας
787 1438 856 1483 τὴν
877 1446 948 1496 ψυ-

284 1486 370 1532 χήν·
397 1485 457 1520 ἐπὶ
482 1484 528 1520 τὰ
553 1482 631 1520 ἄνω
655 1484 796 1541 τρέψας
813 1485 876 1519 καὶ
889 1483 948 1519 ἐπὶ

284 1533 355 1578 τὴν
380 1533 457 1567 τῶν
487 1533 592 1566 θεῶν
625 1530 734 1566 θέαν.
758 1544 823 1565 non
848 1532 948 1565 dubie

287 1580 502 1614 referendam
519 1590 594 1613 esse
613 1582 649 1611 et
660 1579 836 1612 Timaeum
858 1590 949 1611 ανα-

290 1626 402 1660 τείνει
435 1637 496 1670 pro
542 1636 670 1668 αναγει
708 1620 786 1658 ἅνω
826 1625 950 1668 legisse

287 1671 410 1706 statuit
442 1671 675 1705 Ruhnkenius.
744 1670 829 1704 Mihi
861 1670 949 1714 pari,

288 1722 316 1752 si
341 1729 407 1751 non
429 1717 547 1750 maiori
570 1718 644 1750 iure
667 1717 709 1750 ad
745 1729 778 1761 p.
804 1716 883 1752 540.
909 1718 948 1749 A.

288 1763 413 1797 refeiri
447 1763 560 1818 ibique
592 1775 654 1820 pro
680 1759 950 1801 ανακλίναντας

287 1810 450 1845 Timaeus
475 1806 744 1848 ἀνατείναντας
763 1809 794 1842 in
812 1821 871 1843 suo
892 1821 949 1841 co-

288 1857 363 1889 dice
388 1855 558 1889 invenisse
582 1855 686 1889 statui
707 1855 853 1888 videtur.
879 1855 949 1888 Sed

288 1908 468 1946 utrumque
491 1901 668 1941 incertum,
692 1901 790 1935 lectio
814 1901 950 1946 quidem

289 1947 396 1981 nostri
421 1948 485 1981 loci
509 1960 574 1981 non
598 1948 727 1988 minus,
762 1959 862 1992 quam
899 1948 949 1981 al—

288 1994 394 2027 terius
429 1998 526 2027 certa
554 1996 618 2027 est.
664 1994 744 2027 Alia
777 1993 946 2035 significa-

287 2040 380 2073 tione
405 2037 554 2083 ἀνάγειν
578 2035 656 2072 ἅνω
681 2040 779 2073 Plato
803 2040 949 2073 Phaedr.

288 2098 321 2130 p.
347 2088 426 2121 272.
451 2086 492 2119 D.
517 2085 613 2118 dixit.

335 2132 571 2175 συνερίθοις]
604 2131 680 2172 ξνν.
705 2132 802 2165 Stob.
849 2141 949 2165 συνε-

288 2179 440 2223 ριθμοῖς
471 2178 556 2211 Lob.
600 2178 678 2211 Vat.
710 2178 750 2211 B.
784 2181 819 2211 et
852 2189 873 2211 a
907 2189 950 2212 m.

287 2236 339 2269 pr.
368 2225 451 2258 Ven.
475 2224 515 2257 C.
542 2224 777 2267 συνεθισμοῖς
800 2224 895 2257 Mon.
909 2224 948 2256 B.

287 2271 368 2304 Par.
403 2270 445 2303 D.
476 2270 573 2303 Flor.
608 2270 652 2303 U.
701 2271 950 2312 σννωθισμοῖς

288 2316 368 2349 Par.
394 2316 439 2350 Κ.
464 2313 654 2359 συνέργοις
677 2316 769 2351 Flor.
794 2317 837 2352 R.
864 2327 949 2349 am.

288 2373 317 2395 s.
342 2373 382 2395 ex
416 2363 630 2406 glossemate.
679 2362 769 2395 Nam
803 2361 853 2394 ita
885 2361 949 2394 Ti-

288 2419 403 2441 maeus
437 2408 501 2441 lex.
537 2420 569 2453 p.
603 2407 691 2443 242:
738 2405 948 2451 συνέριθοι·

290 2453 466 2497 συνεργοί.
505 2454 560 2487 Cf.
586 2454 671 2498 Leg.
696 2454 737 2488 L.
759 2454 802 2488 X.
822 2465 855 2510 p.
871 2455 950 2488 889.

290 2500 343 2554 D:
391 2498 553 2554 γραφικὴ
588 2499 652 2534 καὶ
688 2499 843 2554 μουσικὴ
887 2498 951 2533 καὶ

291 2541 380 2580 όσαι
399 2544 555 2585 ταύταις
577 2545 646 2580 εἰσὶ
675 2543 867 2589 συνέριθοι
892 2543 951 2579 τέ·

288 2603 386 2636 χναι.

336 2638 670 2681 συμπεριαγωγοῖς]
703 2634 952 2680 συμπεριαγω-

289 2694 368 2726 γοις
413 2683 586 2718 Vind.1‹.
638 2685 953 2727 σνμπεριαγωγαῖς

290 2729 385 2763 Mon.
410 2729 451 2762 Β.
477 2729 567 2762 Flor.
579 2730 624 2763 U.
650 2729 952 2773 συμπεριαγωγῆς

291 2775 389 2809 Stob.
428 2775 502 2808 cod.
540 2777 621 2809 Vat.
670 2775 950 2854 συμπεριαγωγὲῆ

290 2821 370 2856 Par.
400 2821 445 2855 K.
489 2825 734 2867 περιαγωγοῖς
776 2821 874 2857 Vind.

1009 703 1100 736 Mon.
1127 702 1167 736 C.
1191 704 1270 736 Vat.
1296 703 1340 735 H.
1366 702 1457 735 Flor.
1478 700 1582 735 Acv.
1606 710 1668 734 πε-

1008 751 1215 803 ριαγωγαῑς
1232 749 1331 784 Vind.
1350 749 1393 783 Ε.

1055 793 1138 837 αἶς]
1192 791 1237 834 ἃς
1279 794 1377 830 Vind.
1410 794 1450 827 B.
1498 793 1590 827 Mon.
1627 792 1667 826 C.

1008 842 1099 874 Flor.
1124 842 1164 874 V.

1054 885 1222 931 τέχναις]
1246 883 1374 929 τέχνας
1397 884 1496 922 Vind.
1511 885 1551 919 B.
1575 883 1669 918 Mon.

1052 975 1345 1023 ἐναργεστέρου]
1417 973 1670 1020 ἐνεργεστέρον

1004 1026 1105 1059 Stob.

1053 1068 1117 1113 δε,
1142 1066 1188 1114 ἢ]
1219 1067 1249 1103 δ
1274 1069 1375 1103 idem.

1054 1115 1226 1151 διανοιαν
1246 1114 1284 1149 δὲ
1273 1117 1299 1159 ]
1318 1112 1494 1148 διάνοιαν
1510 1125 1549 1158 γε
1568 1114 1667 1149 Vind.

1007 1164 1051 1198 F.
1075 1166 1162 1206 Aug.
1187 1163 1226 1198 B.
1250 1162 1346 1196 Flor.
1370 1162 1448 1195 RT.

1053 1210 1148 1252 που]
1181 1220 1263 1247 πως
1294 1208 1373 1241 Par.
1405 1207 1451 1240 K.
1484 1218 1552 1241 sec.
1591 1205 1668 1250 Bip.

1007 1266 1086 1294 πως
1129 1266 1198 1290 sec.
1233 1254 1342 1287 Bekk.
1393 1266 1456 1287 om.
1495 1253 1587 1286 Mon.
1628 1252 1668 1285 C.

1007 1302 1084 1334 Vid.
1110 1313 1143 1347 p.
1169 1302 1247 1336 522.
1274 1300 1314 1333 C.
1340 1303 1375 1333 et
1399 1299 1439 1332 L.
1466 1299 1525 1333 VI.
1543 1298 1670 1344 p.511.

1053 1390 1113 1437 δ’]
1146 1390 1185 1426 δὲ
1210 1392 1295 1425 Lob.
1321 1390 1420 1427 Vind.
1441 1390 1485 1426 F.

1052 1436 1103 1483 ἦ]
1138 1451 1201 1472 om.
1237 1438 1323 1472 Lob.
1365 1438 1461 1471 Vind.
1488 1437 1528 1472 Β..
1573 1436 1667 1470 Mon.

1005 1486 1079 1518 BC.
1122 1486 1201 1519 vat.
1234 1484 1349 1518 BHM.
1393 1485 1478 1518 Ven.
1506 1483 1546 1516 C.
1589 1483 1669 1517 Par.

1005 1532 1081 1565 DK.
1114 1531 1203 1563 Flor.
1229 1531 1342 1565 TUV.
1366 1558 1367 1561 ,
1389 1529 1561 1562 Articulus
1596 1540 1669 1563 eam

1007 1578 1165 1621 designat
1196 1576 1463 1617 contentionem,
1504 1587 1591 1619 quae
1625 1575 1669 1608 sit

1005 1624 1059 1657 vel
1083 1623 1190 1668 possit
1215 1634 1290 1655 esse
1315 1622 1406 1656 inter
1428 1621 1533 1655 tantis
1554 1621 1596 1655 de
1613 1632 1669 1654 re-

1006 1671 1070 1704 bus
1095 1669 1334 1712 disquirentes.

1051 1713 1254 1758 τοσούτων]
1280 1714 1463 1747 τοσοῦτον
1485 1713 1568 1747 Lob.
1589 1714 1667 1747 Vat.

1006 1761 1054 1795 M.
1082 1766 1116 1794 et
1140 1773 1160 1794 a
1194 1773 1237 1794 m.
1264 1771 1315 1805 pr.
1342 1761 1380 1793 Β.
1416 1760 1496 1794 Par.
1520 1760 1565 1794 K.
1600 1771 1668 1794 sec.

1006 1808 1113 1841 Bekk.
1141 1810 1176 1840 et
1207 1818 1282 1839 cum
1307 1818 1334 1839 ω
1360 1818 1463 1850 super
1485 1806 1601 1840 ultima
1626 1806 1668 1840 D.

1006 1858 1041 1887 et
1075 1855 1160 1888 Ven.
1195 1852 1236 1887 C.
1279 1852 1459 1906 τοσοῦτο,
1494 1864 1568 1897 sup.
1604 1864 1668 1895 ων,

1004 1900 1106 1980 sVind.
1127 1900 1167 1932 B.
1201 1909 1383 1932 τοσοντου
1408 1900 1488 1934 Vat.
1513 1899 1552 1931 B.
1579 1910 1600 1933 a
1623 1910 1667 1932 111.

1023 1946 1131 1980 .Α1].
1157 1946 1237 1978 Bas.
1262 1946 1316 1978 ab.

1050 1989 1135 2035 πέρι
1156 1989 1297 2035 σκέψις]
1323 1990 1407 2035 περι
1429 1988 1667 2034 Gue'zpthind.
1677 1998 1711 2038 E

1005 2039 1048 2072 E.
1092 2036 1304 2080 περίσκεψις
1334 2037 1443 2070 Lob.
1463 2036 1562 2070 Vind.
1594 2037 1666 2070 BF.

1005 2085 1099 2118 Mon.
1142 2083 1182 2116 C.
1229 2084 1308 2118 Par.
1352 2083 1397 2118 K.
1444 2095 1513 2117 sec.
1557 2083 1670 2116 Bekk.

1005 2131 1058 2166 va
1039 2130 1174 2220 ὃὸσαὶξιῖ]
1224 2171 1313 2210 ὅσον
1347 2175 1434 2209 Lob.
1474 2175 1554 2209 vat.
1586 2175 1667 2210 ΒΜ.

1006 2222 1085 2257 Par.
1109 2222 1153 2255 K.
1185 2233 1254 2257 sec.
1278 2222 1388 2255 Bekk.
1418 2223 1453 2254 et
1487 2233 1508 2255 a
1537 2233 1582 2256 111.
1614 2233 1667 2259 nr.

1004 2269 1047 2302 D.
1084 2272 1119 2302 et
1155 2269 1240 2302 Ven.
1276 2268 1316 2301 C.
1366 2268 1465 2301 Conf.
1497 2267 1668 2302 Matthiae

1004 2326 1145 2359 gramm.
1169 2326 1203 2359 p.
1229 2316 1308 2349 886.
1342 2314 1543 2358 Bernhardy
1575 2318 1666 2358 synt.

1004 2373 1038 2406 p
1058 2403 1115 2441 Ov’
1140 2403 1212 2462 γὰρ
1233 2400 1324 2450 ου’ν]
1367 2403 1562 2461 ου’γαρρῧν
1579 2405 1664 2439 Lob.

1009 2464 1054 2486 ov
1078 2449 1148 2496 γοὲρ
1171 2448 1218 2485 οὶν
1251 2452 1342 2485 Mon.
1370 2453 1411 2486 C.
1446 2448 1492 2485 οὕ
1520 2463 1592 2495 γαρ
1619 2464 1665 2485 αν

1007 2499 1107 2534 Vind.
1130 2499 1169 2531 B.
1218 2498 1317 2538 Quae
1347 2503 1527 2551 praeterea
1549 2498 1583 2530 in
1609 2510 1666 2531 co-

1008 2545 1135 2578 dicibus
1160 2544 1331 2589 plerisque
1353 2556 1419 2577 non
1450 2543 1522 2578 sine
1544 2555 1667 2588 magna

1007 2591 1176 2624 varietate
1199 2593 1302 2635 atque
1318 2590 1350 2623 in
1368 2589 1572 2624 editionibus
1585 2591 1666 2625 Bas.

1009 2637 1041 2670 b.
1067 2636 1154 2670 Astii
1178 2648 1230 2680 pr.
1254 2636 1405 2670 Bekkeri
1435 2639 1470 2669 et
1492 2635 1665 2670 Stallbau—

1007 2682 1063 2715 mii
1084 2686 1346 2738 sec.ta1nquam
1371 2694 1392 2716 a
1416 2682 1591 2716 Glaucone
1614 2682 1666 2715 di-

1007 2732 1062 2762 cta
1087 2731 1165 2773 post
1189 2726 1260 2771 ε’φη
1288 2728 1478 2769 adduntur,
1508 2728 1664 2772 quoniam

1006 2774 1087 2807 nihil
1121 2786 1237 2808 eorum
1267 2785 1378 2819 neque
1411 2774 1580 2818 integrum
1604 2787 1664 2808 ne-

1005 2832 1072 2867 que
1103 2821 1254 2855 modeste
1285 2824 1320 2854 et
1350 2823 1511 2866 quantum
1546 2820 1666 2856 liceret
