1807 3219
467 164 805 234 elvlTAs
843 186 1086 231 mavn.
1116 190 1183 226 537

133 299 355 353 ἀδύνατός
381 317 424 345 τι
452 301 560 347 ἄλλο
589 305 774 357 πρᾶξαι’

1433 192 1518 233 339

821 300 957 345 κόποι
985 299 1071 356 γάρ
1099 300 1174 342 καὶ
1203 297 1340 342 ὕπνοι
1374 300 1520 358 μαθήη,

132 381 238 426 μασι
268 370 486 426 πολέμιοι·
515 371 591 414 καὶ
620 370 711 427 ἅμα
742 372 819 428 μία
847 370 922 414 καὶ
951 367 1062 424 αὕτη
1089 383 1181 410 των
1204 367 1413 424 βασάνων
1435 368 1520 413 οὐκ

134 438 355 522 ἐλαχίστη,
384 441 449 491 τίς
479 438 659 491 ἕκαστος
688 439 736 483 ἐν
767 445 860 490 τοῖς
887 438 1144 495 γυμνασίοις
1163 440 1381 492 φανεῖται.
1414 440 1522 490 Πῶς

133 506 219 563 γὰρ
234 506 346 558 οὔσαις
377 507 473 564 ἔφη
498 506 630 550 Maza?
651 507 704 564 δὴ
722 509 883 551 τοῦτον
901 507 981 550 τὸν
1002 505 1188 562 χρόνον,
1212 505 1269 559 ἠν
1288 502 1326 548 δ’
1349 504 1456 561 ἐγω,
1478 506 1526 550 ἐκ

134 580 237 619 τῶν
243 577 408 620 εἴκοσιν
429 576 539 620 ἐτῶν
558 577 601 620 οἱ
618 576 933 631 προκριθέντες
950 573 1076 631 τιμάς
1093 589 1138 616 τε
1155 574 1328 629 μείζους
1347 577 1437 618 τῶν
1450 572 1526 618 ἅλ-

136 648 226 688 λων
242 646 461 694 οἴσονται,
480 643 534 687 τά
551 660 597 688 τε
615 643 753 700 χύδην
775 644 1016 700 μαθήματα
1032 643 1184 687 παισὶν
1207 643 1257 686 ἐν
1275 645 1330 698 τῇ
1348 645 1524 700 παιδείᾳ

146 802 167 807 ··
177 789 221 826 ἐν
231 793 244 837 ]

134 839 348 933 Αῃὲαιὲείᾳ]
371 886 524 931 παιδειᾷ
536 885 686 920 Theonis
704 886 800 920 codd.

134 931 244 966 Paris.
294 921 427 979 παιδίᾳ
461 933 609 966 eiusdem
650 933 726 966 edd.
765 938 801 966 et

135 978 230 1012 Mon.
253 978 295 1013 B.
336 969 471 1024 παιδιᾷ
504 979 582 1013 Par.
617 979 694 1012 DK.
729 991 796 1012 sec.

133 1024 245 1058 Bekk.
285 1025 382 1058 Flor.
406 1025 452 1060 U.
499 1025 659 1059 Totidem
693 1025 800 1059 modis

133 1070 403 1124 discrepantes
392 1083 428 1105 1n
452 1072 516 1105 hoc
539 1071 670 1105 nomine
692 1072 799 1105 libros

132 1116 279 1150 vidimus
303 1117 393 1151 Vol.
403 1118 430 1152 I.
456 1129 490 1162 p.
515 1120 596 1160 209,
619 1119 653 1151 b.
685 1119 800 1163 Atque

132 1161 190 1196 illo
236 1164 310 1196 loco
358 1164 551 1208 ambiguum
598 1175 665 1197 non
710 1169 799 1206 erat,

133 1208 216 1262 quin
239 1208 395 1257 παιδείᾳ
418 1221 538 1244 verum
561 1215 598 1244 et
621 1220 731 1244 sermo
756 1210 799 1243 de

132 1254 350 1289 institutione
381 1267 564 1311 puerorum
588 1260 700 1298 esset,
735 1257 799 1290 hoc

132 1304 250 1335 nostro
278 1312 362 1335 vero
391 1303 565 1347 pueritiae
595 1302 799 1347 significatio

86 1387 91 1394 .
133 1358 200 1381 non
217 1347 343 1401 inepta
367 1352 441 1391 est,
466 1360 576 1394 eaque
600 1360 666 1382 non
691 1349 800 1382 solum

129 1394 251 1436 Theo,
275 1394 304 1427 si
334 1395 449 1428 πᾶσιν
473 1405 536 1439 pro
559 1394 688 1428 παισὶν
712 1406 767 1428 sc1
770 1406 800 1427 1-

128 1439 221 1494 psit,
255 1440 345 1473 haud
381 1441 485 1474 dubie
516 1444 570 1474 est
603 1452 707 1483 usus,
739 1441 800 1474 sed

128 1485 232 1520 etiam'
265 1485 386 1528 Plato,
427 1498 632 1541 quamquam
671 1485 799 1520 παισὶν

128 1531 327 1585 scripserat,
351 1533 404 1567 uti
421 1533 533 1578 potuit
554 1533 619 1575 ita,
641 1536 680 1566 ut
699 1544 800 1566 unam

129 1577 299 1612 notionem
323 1578 454 1612 duobus
478 1579 665 1613 nominibus
684 1579 799 1613 decla-

129 1627 249 1666 raret,
283 1625 561 1670 quemadmodum
599 1625 679 1659 alibi
702 1625 799 1667 fecit,

131 1670 226 1704 velut
251 1670 383 1706 Criton.
408 1683 443 1715 p.
468 1672 525 1706 45.
549 1672 602 1705 D:
640 1669 704 1705 οἷοί
729 1683 798 1715 περ

130 1715 246 1751 εἴωθε
269 1716 465 1760 γίγνεσθαι
494 1715 534 1751 ἐν
560 1719 644 1757 ταῖς
679 1715 798 1761 ὀρφα-

129 1762 230 1802 νίαις
248 1762 334 1806 περὶ
362 1761 454 1803 τοὺς
474 1760 799 1808 0'9qoav0159.1ta-

129 1820 198 1854 que
221 1820 297 1842 cum
317 1810 461 1843 Theone
481 1816 518 1844 et
534 1811 628 1844 Mon.
639 1810 678 1844 Β.
694 1809 800 1843 scribi

129 1855 367 1903 11.1.παιδι’ᾳ
391 1857 538 1902 poterit,
561 1856 590 1890 si
614 1855 797 1901 pueritiam

132 1913 174 1936 eo
199 1901 332 1936 nomine
348 1892 572 1948 appellatam
595 1902 703 1936 fuisse
726 1905 798 1935 sta-

131 1947 268 1981 tuimus.
338 1948 441 1989 Quod
487 1960 590 1994 quum
636 1948 796 1982 Budaeus

132 1993 276 2047 primum
311 1994 354 2028 ob
385 1995 496 2029 locum
527 1994 694 2039 quendam
716 1994 798 2028 Pla-

131 2039 224 2074 tonis
257 2039 299 2075 L.
324 2041 440 2074 VIIII.
466 2041 509 2075 de
541 2041 692 2085 Legibus
729 2039 797 2074 sibi

130 2087 309 2132 probabile
354 2087 466 2121 videri
518 2087 797 2128 demonstrasset,

130 2133 327 2177 Stephanus
373 2133 409 2167 in
455 2132 618 2167 thesauro
651 2133 696 2167 T.
730 2132 800 2168 ΙΙΙ.

130 2189 166 2223 Ρ.
193 2179 248 2213 14.
272 2179 316 2213 Ε.
345 2191 465 2213 nomen
503 2179 641 2213 παιδία
676 2190 798 2212 secun—

130 2224 210 2258 dum
232 2225 408 2259 Budaeum
431 2226 563 2270 recepit
586 2229 623 2258 et
645 2225 798 2258 Platonis

129 2269 227 2310 loco,
260 2271 318 2326 qui
342 2274 395 2305 est
418 2283 452 2316 p.
477 2273 557 2306 864.
581 2272 636 2312 D.
661 2271 693 2304 in
718 2282 798 2304 ver-

129 2315 182 2350 bis
203 2329 238 2374 νζ
249 2315 347 2364 γήρα
370 2310 586 2372 υπερμέτρῳ
605 2314 797 2361 ξυνεχόμε-

130 2373 196 2402 νος
213 2375 236 2408 η
258 2352 411 2410 παιδεία
428 2361 616 2408 χριόμενος
632 2375 694 2409 pro
710 2375 797 2396 παι·

130 2407 236 2455 δείᾳ,
285 2420 373 2454 quae
406 2411 678 2444 antecedentium
709 2420 797 2454 qua—

128 2457 210 2488 tuor
244 2455 426 2489 editionum
459 2456 563 2490 lectio
596 2459 694 2497 erat,
740 2455 796 2497 ,in

129 2503 275 2556 exempl.
305 2505 375 2535 vet.
385 2504 409 2521 “
449 2507 624 2548 repertum
662 2501 797 2536 παιδία

129 2547 294 2601 reposuit,
317 2550 353 2581 et
374 2548 411 2581 in
434 2549 590 2593 adnot.p
594 2549 671 2584 .38.
693 2537 796 2582 etiam

130 2592 167 2626 in
190 2593 303 2634 aliis,
308 2594 426 2637 ,huius
450 2561 590 2640 operis‘p‘
613 2594 697 2628 locis
714 2605 796 2648 per-

130 2650 250 2684 peram
279 2640 434 2674 παιδεία
464 2653 530 2685 pro
561 2640 696 2675 παιδία
729 2639 796 2684 legi

131 2685 282 2728 monuit,
314 2686 358 2719 ad
393 2687 434 2721 L.
460 2688 537 2721 VII.
569 2699 603 2732 p.
637 2688 717 2721 808.
750 2686 793 2719 Ε.

132 2734 173 2764 ut
205 2731 361 2774 videtur,
393 2733 604 2779 respiciens,
635 2732 693 2766 ubi
730 2743 797 2765 non

132 2776 267 2822 quidem
298 2778 496 2822 παιδείας,
545 2759 605 2813 sed
641 2778 798 2818 παιδιᾶς

133 2826 214 2857 ante
246 2823 371 2883 ἰΡ511111
390 2826 568 2880 legebatur
611 2825 645 2859 in
681 2824 798 2859 verbis

133 2868 286 2911 παιδίας
310 2869 375 2906 καὶ
410 2869 639 2916 νηπιότητος
677 2868 796 2915 χάριν,

289 805 356 828 om.
395 793 497 830 Vind.
532 794 575 828 F.
625 795 720 828 Flor.
756 795 799 829 R.

856 797 892 827 et
920 794 1069 826 sortasse
1100 791 1143 826 ad
1177 791 1276 825 Polit.
1308 803 1340 837 p.
1365 794 1446 827 268.
1481 793 1524 826 Ε.

856 851 931 894 quo
947 839 1021 872 loco
1044 839 1088 872 ad
1111 838 1215 871 verba
1241 835 1287 872 ου’
1314 837 1434 873 πολλὰ
1470 836 1523 873 ἐκ·

857 882 1007 938 φεύγεις
1036 884 1194 923 παιδιᾶς
1223 882 1284 928 ἔτη
1313 885 1346 918 in
1370 885 1524 930 margine

871 931 1024 973 ,omnino
1048 930 1223 973 παιδίας,
1247 943 1347 975 quum
1373 931 1415 964 de
1440 943 1523 976 pue-

856 977 937 1011 ritia
961 989 1021 1011 seu
1045 977 1168 1022 puerili
1205 981 1318 1011 aetate
1352 977 1521 1022 intelliga-

856 1029 932 1066 tur,
980 1035 1047 1057 non
1081 1022 1237 1062 παιδιᾶς
1278 1023 1521 1057 scribendum‘<

856 1071 1110 1104 observaverat.
1163 1071 1276 1114 Atque
1319 1070 1406 1103 hanc
1439 1071 1520 1104 Ste-

856 1116 959 1162 phani
983 1115 1184 1149 sententiam
1209 1115 1442 1162 lexicographi
1466 1117 1522 1151 in-

857 1166 1052 1207 sequentes
1063 1161 1210 1208 amplexi
1239 1162 1374 1196 παιδία
1404 1163 1439 1196 in
1463 1174 1521 1196 or-

857 1210 967 1242 dinem
1010 1211 1215 1253 receperunt
1256 1213 1291 1242 et
1330 1210 1521 1253 pueritiam

855 1255 1073 1300 interpretati
1095 1260 1196 1296 sunt,
1221 1254 1300 1296 alii,
1324 1258 1371 1288 ut,
1388 1255 1521 1289 casau-

856 1302 964 1335 bonus
989 1302 1032 1335 ad
1055 1300 1222 1333 Athenaei
1237 1301 1277 1334 j..
1293 1301 1370 1336 VII.
1392 1313 1424 1346 p.
1438 1302 1518 1336 323.

857 1348 899 1382 C.
924 1352 960 1381 et
983 1347 1166 1381 Dorvillius
1185 1346 1228 1380 ad
1247 1347 1376 1381 Charit.
1393 1348 1520 1392 p.405.

856 1406 930 1428 eam
953 1404 1074 1427 vocem
1095 1393 1226 1427 omnino
1244 1395 1419 1438 Graecam
1442 1404 1520 1428 esse

855 1445 1035 1484 negarunt.
1093 1439 1163 1473 Sed
1197 1439 1330 1473 Atticos
1363 1440 1521 1474 παιδίαν

857 1487 985 1521 dixisse
1008 1497 1097 1531 quae
1121 1486 1283 1519 communi
1301 1485 1416 1530 lingua
1434 1497 1520 1520 παι-

857 1531 920 1567 διὰ
937 1535 1129 1573 vocaretur,
1152 1532 1375 1576 Etymologus
1395 1543 1427 1577 p.
1441 1535 1523 1575 657,

856 1581 912 1614 50.
939 1584 974 1611 et
998 1578 1124 1611 Suidas
1158 1583 1194 1611 et
1229 1590 1249 1611 e
1273 1578 1380 1611 Suida
1415 1579 1522 1613 corri-

855 1625 986 1670 gendus
1033 1623 1273 1669 Aristophanis
1320 1625 1522 1659 scholiastes

855 1671 899 1705 ad
937 1671 1026 1704 Plut.
1064 1671 1164 1705 1057.
1198 1670 1381 1704 memoriae
1404 1671 1522 1716 prodi-

855 1718 1000 1758 derunt,
1036 1727 1179 1761 quorum
1202 1717 1392 1751 testimonio
1415 1717 1521 1752 Hem-

855 1742 1024 1797 stethusio
1047 1773 1183 1816 quoque
1218 1767 1255 1796 et
1277 1763 1412 1797 Dobreo
1438 1776 1520 1809 pro-

854 1811 937 1843 bato
960 1808 1050 1842 haud
1085 1809 1242 1854 exiguum
1265 1810 1395 1854 pondus
1419 1822 1521 1844 acce-

853 1856 903 1890 dit
937 1867 957 1888 e
989 1857 1065 1888 loco
1102 1855 1261 1899 Epinom.
1292 1867 1326 1900 p.
1351 1857 1430 1891 975.
1463 1857 1519 1890 D.

853 1899 898 1936 τό
919 1912 959 1945 γε
980 1899 1073 1944 μετὰ
1095 1900 1212 1935 τοῦτο
1237 1899 1372 1936 παιδια
1392 1915 1448 1942 τις
1470 1898 1520 1937 ὃὶν

852 1948 1015 1982 λείποιτο
1049 1945 1223 2003 μιμητικὴ
1247 1944 1314 1991 μὲν
1340 1946 1384 1983 τὸ
1416 1950 1519 1983 πλεῖ-

853 2005 973 2037 στον,
1008 1990 1085 2027 ἀλλ’
1126 1990 1274 2040 ουδαμῇ
1318 1995 1516 2030 σπουδαία.

852 2040 912 2074 ubi
936 2040 1053 2085 optimi
1079 2040 1213 2074 codices
1236 2041 1382 2085 παιδία,
1409 2042 1518 2075 ceteri

854 2097 929 2120 cum
952 2086 1129 2131 Stephano
1158 2086 1312 2121 παιδεία
1342 2088 1515 2132 exhibent,

854 2144 918 2166 nec
949 2133 1029 2166 nihil
1061 2143 1104 2166 ex
1139 2133 1210 2175 eis,
1257 2133 1380 2187 quibus
1413 2146 1517 2180 quum

854 2179 994 2213 eandem
1027 2179 1097 2212 ludi
1126 2178 1262 2234 iocique
1293 2179 1517 2224 significatio-

853 2236 930 2259 nem
962 2225 1155 2270 requirant,
1188 2225 1223 2259 in
1256 2227 1428 2261 codicibus
1461 2230 1517 2260 ta-

853 2282 929 2305 men
953 2271 1107 2305 omnibus
1139 2271 1192 2305 vel
1225 2272 1398 2316 plerisque
1429 2284 1516 2307 παι-

853 2317 937 2352 δεία
978 2316 1127 2361 legitur,
1173 2318 1263 2363 quod
1295 2319 1430 2364 quidem
1473 2330 1517 2353 ex

852 2363 988 2397 παιδία
1010 2364 1165 2406 facilius,
1189 2376 1291 2409 quam
1315 2377 1357 2398 ex
1382 2364 1517 2399 παιδιὰ

855 2410 938 2444 oriri
971 2409 1092 2455 potuit.
1162 2410 1268 2444 Tales
1300 2416 1380 2445 sunt
1416 2412 1518 2446 Polit.

853 2468 889 2501 p.
909 2457 988 2491 307.
1014 2455 1058 2490 D.
1079 2456 1165 2501 Leg.
1189 2456 1230 2489 L.
1254 2456 1298 2490 X.
1323 2469 1357 2502 p.
1376 2459 1456 2493 889.
1475 2458 1518 2491 D.

853 2502 964 2545 Epist.
991 2502 1049 2536 VI.
1074 2506 1161 2537 extr.
1204 2502 1334 2536 Saltem
1356 2503 1519 2538 hactenus

851 2547 956 2593 igitur
977 2548 1111 2582 παιδία
1135 2551 1308 2583 Graecum
1339 2560 1415 2584 esse
1439 2562 1520 2584 con-

854 2594 930 2628 cedi
972 2595 1134 2630 debebat.
1205 2596 1330 2628 Verum
1378 2596 1520 2641 amplius

853 2641 1105 2674 concedendum
1128 2646 1164 2675 et
1193 2653 1259 2675 non
1291 2641 1418 2675 Atticis
1443 2647 1520 2676 tan-

852 2690 926 2720 tum
972 2687 1146 2732 propriam
1203 2698 1276 2720 eam
1335 2688 1517 2722 dictionem

853 2733 960 2766 fuisse
992 2736 1086 2778 puto.
1157 2732 1294 2766 Etenim
1325 2733 1522 2768 Athenaeus

854 2778 877 2813 l.
901 2790 931 2812 c.
955 2779 998 2812 de
1023 2783 1167 2813 accentu
1196 2779 1352 2813 vocabuli
1383 2779 1520 2823 σηπίας

855 2824 1033 2880 disputans
1068 2837 1121 2864 ως
1154 2824 1300 2882 αἰτίας,
1327 2827 1458 2881 inquit,
1493 2829 1519 2870 ἠ

855 2869 1124 2916 παραλήγουσα
1152 2868 1346 2914 ὀξύνεται,
1382 2883 1435 2911 ως
1457 2872 1519 2906 Φι-

1245 2927 1326 2969 Y2

1558 653 1589 694 C
