1807 3219
240 528 272 569 C
300 525 485 580 ἔμαθον.

296 142 381 183 240

751 134 1230 180 PLATONIS

297 251 439 308 ἀρχὴν
473 251 772 307 πορευομένη,
806 248 901 293 ἀλλ’
936 249 1004 292 ἐπὶ
1041 246 1261 302 τελευτήν,
1290 246 1338 289 τὸ
1372 243 1413 290 δ’
1446 242 1505 290 αὖ
1539 246 1688 303 ἕτερον

298 321 347 363 τό
380 318 441 364 ἐπ’
473 318 612 376 ἀρχήν
642 317 922 362 ἀνυπόθετον
953 318 995 370 ἐξ
1023 315 1282 366 ὑποθέσεως
1319 316 1449 358 ἰοῦσα
1477 315 1552 359 καὶ
1582 315 1687 359 ἄνευ

301 384 365 432 ὧν
393 388 491 444 περὶ
521 388 662 431 ἐκεῖνο
694 385 880 430 εἰκόνων
911 385 1063 437 αὐτοῖς
1093 387 1225 428 εἴδεσι
1255 380 1308 427 δι’
1340 382 1488 427 αὐτῶν
1507 383 1588 441 τήν
1613 385 1688 440 μέ-

299 459 446 501 θοδον
484 456 742 512 ποιουμένη.
807 453 957 506 Ταῦτ’,
1005 455 1114 510 ἔφη,
1155 451 1185 496 δι’
1213 452 1371 508 λέγεις,
1415 450 1496 508 οὐχ
1525 455 1690 504 ἱκανῶς

539 521 659 567 Ἀλλ’
703 519 856 575 αὖθις,
902 519 958 580 ἦν
997 522 1042 567 δ’
1073 521 1180 578 ἐγώ·

1242 521 1354 580 ῥᾷον
1389 520 1476 576 γάρ
1518 519 1689 564 τούτων

301 591 631 648 προειρημένων
665 591 859 650 μαθήσῃ.
899 589 1022 648 οἶμαι
1050 590 1135 647 γάρ
1158 600 1203 632 σε
1229 589 1412 642 εἰδέναι,
1443 589 1512 632 ὅτι
1531 589 1691 643 οἱπερὶ

303 661 381 712 τὰς
411 662 674 717 γεωμετρίας
702 676 748 704 τε
778 661 852 704 καὶ
881 659 1117 716 λογισμοὺς
1156 657 1230 700 καὶ
1266 658 1319 701 τὰ
1357 662 1542 702 τοιαῦτα
1580 672 1690 712 πρα-

304 728 649 785 γματευόμενοι,
678 727 950 784 ὑποθέμενοι
977 727 1029 771 τό
1057 743 1103 771 τε
1133 725 1334 781 περιττὸν
1363 726 1438 769 καὶ
1462 725 1512 769 τό
1535 723 1690 780 ἄρτιον

303 798 377 841 καὶ
406 797 460 840 τὰ
491 796 688 853 σχήματα
716 798 792 840 καὶ
819 800 994 852 γωνιῶν
1021 795 1171 850 τριττὰ
1207 797 1301 851 εἴδη
1337 795 1411 838 καὶ
1442 792 1551 837 ἄλλα
1583 793 1689 837 τού-

303 881 394 909 των
424 864 597 920 ἀδελφὰ
626 864 734 909 καθ’
765 865 951 922 ἑκάστην
987 863 1209 921 μέθοδον,
1263 866 1402 906 ταῦτα
1438 861 1516 917 μὲν
1545 860 1604 914 (ὃς
1634 864 1691 906 εἰ-

307 1012 402 1051 ὁδὸν
434 1014 593 1060 accipere
624 1026 689 1062 per
720 1027 816 1051 usum
840 1016 975 1071 linguae

305 1062 497 1103 nonlicet,
530 1074 640 1119 neque
657 1063 899 1119 appositionis
923 1063 974 1095 in-

306 1112 379 1142 star
401 1109 509 1141 verba
537 1107 581 1142 τὸ
611 1106 666 1142 ἐπ’
685 1107 805 1153 ἀρχὴν
834 1105 974 1143 α’νυπό-

304 1156 422 1188 &stov
453 1154 573 1187 haberi
606 1162 770 1200 possunt,
811 1154 974 1208 quemad-

305 1201 439 1234 modum
472 1200 667 1244 Stephanus
707 1205 786 1246 post
817 1213 860 1234 ea
891 1200 975 1235 inci-

305 1247 390 1280 dens
431 1245 554 1279 fecisse
596 1247 753 1288 videtur,
800 1259 903 1302 quum
938 1251 975 1279 et

305 1292 495 1326 sententiae
518 1296 553 1325 et
577 1293 736 1327 dictionis
769 1290 806 1335 ἐξ
827 1289 972 1327 υποθεἏ

305 1349 395 1378 σεως
429 1337 542 1371 ἰοῦσα
577 1342 613 1372 et
646 1339 879 1392 oppositorum
904 1335 973 1372 οὔκ

304 1381 360 1419 ἐπ’
382 1381 499 1428 ἀρχὴν
510 1383 754 1440 πορευομένη
779 1386 867 1418 ratio
892 1384 972 1420 ἰοῦ-

305 1441 353 1465 σα
385 1442 461 1464 cum
502 1427 557 1464 ἐπ’
588 1427 706 1475 ἀρχὴν
739 1431 889 1465 construi
919 1431 973 1464 iu-

302 1478 395 1511 beat.
445 1476 574 1510 Cetera
607 1489 691 1511 vero
718 1481 789 1512 tam
812 1478 915 1522 plana
939 1480 975 1510 et

304 1528 388 1569 apta
413 1525 512 1564 sunt,
535 1526 575 1556 ut
599 1523 770 1567 gravioris
795 1529 972 1568 corrupte-

306 1569 360 1604 lae
385 1573 446 1603 aut
469 1569 611 1604 lacunae
635 1569 782 1614 suspicio
807 1569 975 1603 exsistere

306 1619 479 1660 nequeat,
501 1615 720 1660 liberiusque,
747 1622 785 1648 ut
807 1615 977 1649 interdum

307 1663 414 1702 facit,
447 1667 605 1695 versatus
630 1673 707 1695 esse
729 1662 886 1703 Ficinus,
909 1673 977 1695 non

307 1687 458 1752 aliquid,
483 1708 574 1752 quod
598 1708 698 1741 hodie
725 1708 901 1749 exciderit,
926 1708 977 1741 le-

308 1755 402 1810 gisse
426 1754 614 1787 censendus
639 1754 704 1795 sit,
737 1766 837 1798 quum
869 1755 977 1787 verba

308 1802 334 1846 ᾗ
355 1798 398 1834 τὸ
420 1797 486 1842 μὲν
510 1800 675 1845 usquead
696 1799 812 1834 ἰοῦσα
825 1800 875 1834 sic
894 1812 976 1834 con-

307 1845 469 1881 verterit:
494 1858 599 1880 unum
627 1847 762 1900 quidem
783 1848 891 1891 ipsius
910 1858 976 1892 gc-

309 1905 374 1927 nus
401 1897 473 1933 est,
515 1893 605 1936 quod
642 1893 786 1936 inquirit
829 1894 977 1933 animus,

310 1940 365 1973 his
386 1943 486 1972 utens
515 1940 608 1972 velut
635 1939 859 1983 imaginibus,
890 1950 978 1983 quae

309 1986 408 2030 prius
435 1984 550 2018 divisa
579 1990 682 2026 sunt,
718 1986 908 2028 compulsus
938 1997 979 2018 ea:

311 2031 601 2074 suppositionibus
615 2042 684 2063 non
703 2032 750 2064 ad
757 2032 978 2075 principium,

311 2078 374 2111 scd
399 2078 446 2110 ad
467 2078 578 2120 finem
598 2074 796 2121 procedere.
827 2079 977 2111 alterum

311 2134 415 2164 vero,
454 2124 567 2166 quod
600 2124 849 2168 excogitat
879 2123 978 2156 ani-

312 2180 403 2203 mus
421 2180 460 2202 ex
481 2169 714 2213 suppositione
729 2170 918 2213 procedens
929 2169 978 2202 acl

307 2215 519 2260 principium
539 2227 607 2248 ‘non
611 2216 851 2268 ι...ιιιιρροεὶίιιπι
898 2215 978 2255 Quo

310 2266 426 2295 tamen
450 2260 556 2302 duce,
592 2261 621 2294 si
646 2261 862 2294 coniecturae
883 2261 979 2294 locus

312 2307 433 2347 detur,
458 2306 633 2340 lenissima
657 2307 843 2340 mutatione
868 2302 890 2341 ὃ
915 2318 979 2352 pro

313 2350 358 2386 τὸ
385 2352 487 2386 scribi
521 2356 557 2386 et
590 2352 708 2386 maiori
732 2356 885 2386 veterum
909 2353 983 2386 edi-

313 2399 443 2432 tionum
465 2397 736 2454 interpunctione
759 2402 838 2444 post
860 2399 982 2432 τελευ-

313 2442 385 2488 τὴν
409 2444 561 2478 adhibita
583 2442 626 2478 τὸ
647 2441 772 2488 ἕτερον
795 2456 858 2489 pro
875 2445 983 2478 nomi-

314 2490 432 2525 nativo
457 2490 573 2545 accipi
593 2492 713 2535 possit.
746 2491 858 2536 Atque
877 2503 984 2547 supra

314 2548 350 2582 p.
376 2537 453 2571 501.
476 2537 519 2571 Β.
552 2531 573 2570 ὃ
609 2548 630 2570 3
661 2538 837 2581 plerisque
867 2537 902 2570 in
935 2535 979 2571 τὸ

315 2586 510 2626 corruptum
543 2582 706 2616 videmus.
754 2583 857 2623 Quod
890 2584 982 2616 Her-

316 2638 460 2669 manno,
495 2629 586 2672 apud
619 2640 720 2674 quem
743 2628 822 2662 olim
849 2629 893 2662 de
916 2631 980 2663 hoc

315 2674 390 2708 loco
416 2674 691 2718 disputabamus,
723 2685 777 2708 me
800 2674 981 2708 articulum

317 2720 453 2754 delente
487 2731 549 2774 pro
584 2733 625 2755 eo
649 2720 861 2755 scribendum
883 2721 981 2755 vide-

316 2766 419 2800 batur
453 2767 570 2819 λογῳ,
618 2777 719 2812 quam
752 2767 983 2801 coniecturam

318 2811 441 2847 deinde
471 2812 508 2845 in
537 2792 753 2858 praefatione
783 2813 828 2848 ad
851 2813 983 2848 Draco-

1031 1027 1108 1049 nem
1131 1028 1162 1061 p.
1189 1013 1357 1068 XXVIII.
1381 1014 1578 1059 proposuit,
1611 1024 1692 1057 pro—

1030 1068 1153 1116 pterea
1195 1061 1306 1094 minus
1354 1062 1482 1113 probo,
1530 1060 1618 1105 quod
1656 1059 1692 1092 in

1031 1108 1156 1154 prioris
1180 1107 1290 1153 partis
1304 1106 1532 1151 descriptione
1546 1106 1694 1140 facultas

1032 1155 1179 1198 animi,
1206 1165 1275 1198 qua
1322 1166 1394 1186 eam
1440 1163 1694 1196 cognoscamus,

1031 1213 1098 1235 non
1123 1203 1413 1240 commemoratur,
1436 1210 1537 1243 quam
1561 1210 1590 1232 ει
1613 1209 1695 1231 ean—

1031 1248 1107 1280 dem
1141 1250 1312 1280 statueret
1342 1246 1526 1287 Socrates,
1561 1244 1608 1278 ibi
1632 1256 1694 1288 po-

1030 1293 1117 1335 tius,
1151 1303 1250 1337 quam
1281 1292 1336 1324 hic
1372 1291 1566 1335 significare
1590 1291 1692 1324 debe-

1029 1340 1111 1380 bat,
1159 1350 1226 1383 quo
1265 1321 1423 1371 facilius,³
1429 1337 1473 1370 ad
1511 1342 1694 1381 utramque

1030 1388 1161 1439 partem
1208 1384 1378 1428 pertinere
1434 1383 1695 1428 intelligeretur,

1030 1431 1083 1466 sin
1106 1431 1295 1471 diversam,
1331 1429 1416 1462 nihil
1441 1441 1581 1463 caussae
1605 1432 1694 1471 erat,

1032 1477 1114 1522 quin
1145 1476 1253 1522 priori
1283 1487 1392 1520 aeque
1433 1488 1474 1509 ac
1513 1455 1695 1521 posteriori

1031 1535 1128 1557 suam
1150 1523 1329 1557 tribueret.
1376 1522 1443 1555 Est
1460 1533 1546 1555 -vero
1566 1522 1696 1563 eadem,

1033 1581 1098 1603 nec
1130 1569 1232 1603 aliter
1271 1571 1387 1613 partes
1432 1567 1695 1611 distinguuntur,

1033 1615 1101 1649 nisi
1118 1615 1207 1660 quod
1219 1614 1361 1648 alteram
1377 1614 1558 1658 imaginum
1576 1626 1641 1659 ope
1655 1625 1696 1647 ac

1033 1661 1288 1701 descendendo,
1313 1661 1457 1694 alteram
1481 1660 1696 1694 ascendendo

1033 1714 1069 1742 et
1093 1708 1166 1742 sine
1180 1687 1382 1750 imaginibus
1394 1707 1483 1740 ratio
1503 1710 1696 1751 cognoscat.

1031 1755 1154 1799 Itaque
1184 1754 1274 1786 infra
1305 1765 1339 1798 p.
1364 1753 1442 1788 511.
1466 1753 1507 1787 B.
1532 1765 1598 1798 quo
1623 1753 1697 1786 loco

1032 1801 1246 1834 Hei-manuus
1266 1799 1495 1833 coniecturam
1510 1810 1606 1833 suam
1619 1802 1698 1832 tue-

1033 1850 1111 1888 tur,
1147 1857 1212 1879 non
1237 1843 1347 1899 λόγος
1378 1845 1598 1889 simpliciter,
1635 1843 1697 1878 sed

1035 1889 1154 1931 αὐτὸς
1177 1888 1197 1926 ὁ
1221 1889 1351 1935 λόγος,
1373 1893 1469 1925 ratio
1483 1903 1547 1936 per
1567 1903 1602 1925 se
1619 1892 1698 1935 ipsa

1035 1945 1069 1973 et
1094 1940 1192 1980 sola,
1234 1938 1322 1971 hanc
1362 1943 1496 1982 partem
1526 1937 1698 1980 attingere

1034 1985 1168 2019 dicitur.
1217 1984 1334 2018 Etiam
1350 1983 1466 2017 Astius
1489 1981 1534 2017 τὸ
1559 1983 1698 2016 eiicien-

1035 2032 1114 2065 dum
1147 2035 1266 2075 putat,
1311 2033 1346 2062 et
1388 2029 1631 2063 Stallbaumius
1663 2029 1697 2062 in

1033 2089 1102 2111 sec.
1133 2077 1229 2111 uncis
1257 2075 1404 2109 inclusit.
1453 2076 1614 2108 Ceterum
1638 2086 1699 2109 ne-

1035 2123 1129 2165 scio,
1155 2134 1197 2156 an
1223 2122 1310 2155 hunc
1333 2122 1483 2155 Platonis
1507 2122 1616 2155 locum
1641 2133 1698 2155 re-

1035 2168 1188 2214 spexerit
1211 2168 1411 2201 Aristoteles
1429 2168 1509 2202 Eth.
1528 2167 1607 2201 Nic.
1619 2167 1697 2201 L.1.

1035 2228 1064 2249 c.
1090 2216 1123 2251 4.
1157 2216 1191 2257 ,Ε-
1215 2215 1249 2249 5.
1281 2214 1367 2249 Zell.
1398 2212 1447 2258 μὴ
1477 2213 1698 2248 λανθανέτω

1036 2258 1077 2295 δ’
1101 2258 1207 2317 ἡμᾶς
1228 2285 1254 2315 ,
1283 2256 1343 2294 ὅτι
1381 2258 1645 2315 διαφέρουσιν
1661 2259 1700 2293 οἱ

1037 2304 1114 2362 απὸ
1132 2307 1209 2362 τ’ὦν
1231 2302 1356 2352 ἅρχων
1377 2304 1481 2360 λόγοι
1496 2305 1560 2340 καὶ
1579 2305 1616 2340 οὶ
1637 2303 1700 2340 ἐπὶ

1038 2352 1109 2392 τὰς
1137 2349 1263 2397 ἆρχάς.
1298 2353 1338 2386 εὐ
1358 2349 1429 2396 γὰρ
1455 2351 1519 2386 καὶ
1538 2349 1699 2386 Πλάτων

1037 2396 1173 2454 ἠπόρει
1192 2399 1307 2432 τοῦτο
1337 2397 1403 2432 καὶ·
1434 2395 1567 2455 ἐζήτει,
1590 2396 1699 2432 πότε·

1040 2457 1106 2501 ρον
1127 2442 1203 2501 pino
1226 2445 1302 2478 τῶν
1321 2441 1469 2500 ἀρχῶν,
1504 2439 1540 2498 ἢ
1550 2442 1611 2478 ἐπι
1630 2442 1700 2483 τὰς

1039 2489 1157 2534 α’ρχάς
1185 2488 1282 2525 ἐστιν
1307 2487 1342 2546 ἦ
1365 2488 1475 2529 ὁδός·
1509 2485 1631 2533 ὧσπερ
1659 2487 1700 2523 ἐν

1037 2537 1094 2595 τῷ
1113 2537 1250 2593 σταδίῳ
1269 2532 1345 2570 οἷπὸ
1378 2537 1455 2570 τῶν
1475 2532 1700 2570 ἀθλοθετῶν

1039 2581 1100 2618 ἐπι
1116 2581 1158 2617 τὸ
1181 2581 1316 2626 πέρας,
1341 2578 1364 2626 ἢ
1393 2579 1590 2616 ἀνάπαλιν.
1614 2594 1700 2625 quo-

1038 2641 1114 2663 rum
1138 2634 1290 2662 extrema
1304 2628 1516 2671 Aristotelis,
1541 2640 1607 2662 non
1621 2628 1699 2661 Pla-

1037 2675 1129 2710 tonis
1153 2674 1322 2710 videntur.

1085 2721 1220 2765 ἰοῦσα]
1246 2720 1347 2755 ἰοῦσι
1370 2720 1470 2756 vind.
1495 2720 1539 2754 Ε.
1563 2718 1701 2755 vat.H.

1038 2767 1133 2802 Flor.
1157 2767 1231 2801 AC.

1085 2807 1141 2847 ὦν
1158 2811 1267 2857 περὶ]
1302 2813 1358 2848 Ita
1387 2813 1466 2848 Par.
1490 2812 1532 2846 A.
1557 2815 1593 2846 et
1621 2815 1700 2846 ante
