1807 3219
266 163 351 204 842

663 156 1198 199 .[’LATONIS

273 271 361 315 Καὶ
391 268 508 326 μάλα
529 299 540 319 ,
563 267 675 325 ἔφη.
739 266 1006 324 Θαυμαστόν
1038 262 1123 312 οὖν
1151 284 1194 311 τι
1226 268 1329 320 οἴει,
1372 262 1520 318 εἷπον,
1565 266 1651 310 πά-

271 351 389 395 σχειν
431 334 596 387 αὕτούς
631 336 706 379 καὶ
747 334 801 379 ού
833 335 1194 392 ξυγγιγνώσκεις;
1238 339 1310 391 Πῆ
1340 332 1522 390 μάλιστ’;
1552 334 1650 390 ἔφη.

275 405 407 457 Οἶον,
439 400 495 462 ἦν
524 403 568 448 δ’
598 403 705 460 ἐγώ,
742 405 783 448 εἴ
805 420 870 455 τις
907 401 1229 461 ὑποβολιμαῖος
1259 404 1444 459 τραφείη
1476 401 1523 445 έν
1551 406 1657 446 πολι-

175 487 245 523 538
269 480 363 526 λοΐς
392 475 470 531 μὲν
497 471 710 529 χρήμασι,
755 475 904 529 πολλῷ
943 471 989 517 δὲ
1028 473 1102 517 καὶ
1131 470 1302 529 μεγάλῳ
1336 471 1452 527 γένει
1476 467 1555 514 &aaz
1581 470 1657 514 κό-

267 543 362 594 λαξι
391 545 593 591 πολλοῖς,
625 539 738 597 ἀνὴρ
769 541 814 584 δὲ
842 539 1075 596 γενόμενος
1105 542 1331 591 αἴσθοιτο,
1370 538 1440 583 ὅτι
1470 537 1522 582 οὐ
1558 536 1661 583 τού-

272 626 361 655 των
391 609 480 653 ἐστὶ
508 613 597 652 τῶν
626 608 893 664 φασκόντων
921 609 1112 664 γονέων,
1141 608 1246 660 τούς
1277 609 1324 652 δὲ
1353 611 1414 666 τῷ
1446 606 1542 651 ὅντι
1565 622 1661 663 γεν-

270 676 502 735 νήσαντας
533 675 591 732 μή
634 674 787 731 εὕροι,
827 682 988 721 τοῦτον
1020 677 1128 734 ἔχεις
1169 674 1525 733 μαντεύσασθαι,
1570 678 1664 726 πῶς

272 746 329 790 ἂν
358 747 577 802 διατεθείη
607 742 720 798 πρός
750 761 794 788 τε
823 744 929 797 τούς
958 745 1150 796 κόλακας
1175 744 1250 788 καὶ
1278 743 1392 797 πρὸς
1422 761 1528 795 τους
1548 759 1664 787 υπο-

272 814 548 872 βαλομένους
577 812 624 856 έν
654 812 805 872 ἐκείνῳ
835 830 878 857 τε
907 817 968 872 τῷ
998 812 1158 871 χρόνῳ,
1192 814 1226 871 ᾧ
1254 811 1337 856 οὐκ
1366 811 1462 870 ᾔδει
1484 811 1536 856 τὰ
1556 812 1737 866 περὶ49ο

273 887 348 939 τῆς
377 882 623 938 ὑποβολῆς,
670 881 741 924 καὶ
774 882 821 925 ἐν
851 883 885 938 ᾧ
922 876 980 925 αὖ
1010 881 1131 939 ᾔδει,-
1178 880 1208 938 ἦ
1238 879 1386 937 βούλει
1415 881 1523 937 ἐμοῦ
1553 897 1663 936 μαν-

275 951 515 1006 τευομένου
546 948 755 1000 ακοῦσαις
788 950 1033 1007 Βούλομαι,
1058 951 1152 1007 ε’.φη
1184 949 1478 1006 Μαντεύομαι
1496 951 1663 999 τοίνυν,

277 1016 400 1062 εἷπον
413 1054 424 1070 ,

489 1022 659 1074 μᾶλλον
711 1017 849 1062 αὐτὸν
886 1023 1015 1076 τιμᾷν
1058 1019 1114 1063 ἂν
1151 1017 1229 1062 τὸν
1267 1019 1431 1074 πατέρα
1473 1018 1547 1062 καὶ
1584 1016 1665 1073 τὴν

210 1094 246 1135 Β
278 1086 440 1143 μητέρα
479 1089 551 1131 καὶ
595 1086 701 1138 τούς
748 1086 909 1139 ἄλλους
949 1089 1141 1139 οἰκείους
1181 1090 1455 1140 δοκοῦντας,
1491 1086 1520 1144 ἢ
1558 1085 1665 1137 τούς

276 1154 626 1207 κολακεύοντας,
655 1155 730 1199 καὶ
760 1150 890 1212 ἦττον
919 1156 997 1212 μὲν
1027 1155 1084 1200 ἄν
1104 1158 1314 1212 περιιδεῖν
1344 1157 1502 1208 ἐνδεεῖς
1532 1155 1666 1207 τινὸς,

278 1314 336 1338 σιν
366 1303 419 1343 εἰς
456 1303 696 1359 παρανομίαν
734 1299 941 1343 ἐλάσαντες.

278 1362 312 1395 p.
336 1352 404 1385 77·
428 1350 491 1384 -ιιαὶ
508 1348 576 1383 τὸν
606 1346 644 1382 ἐν
665 1350 841 1404 Πολιτείᾳ
860 1351 941 1383 Σω-

278 1394 418 1452 κράτην
438 1397 601 1439 παρακελ
606 1394 760 1429 εύεσθαι
769 1386 867 1436 νέοις
879 1397 943 1430 ου’-

280 1452 316 1476 σι
341 1440 390 1486 μή
419 1440 676 1497 παραδιδόναι
707 1440 798 1481 τοὺς
824 1443 945 1476 διαλ-ε

278 1487 428 1528 κτιιιοὺς
445 1491 592 1532 λογους,
612 1499 661 1542 μη
682 1499 760 1527 πως
777 1486 944 1522 λάθωσιν

279 1535 332 1575 εἰς
362 1534 599 1590 παρανομίαν
627 1531 691 1567 ὑπ’
712 1532 838 1569 αυτών
855 1547 944 1578 προ-

279 1579 479 1636 αχθέντες,
495 1577 514 1615 ὃ
536 1578 581 1624 δὴ
607 1581 780 1635 φιλοῦσιν
802 1592 839 1614 οι
865 1579 947 1615 νέοι

281 1626 434 1671 πάσχειν
456 1623 539 1670 ἄρτι
555 1624 774 1670 γευσάμενοι
794 1627 870 1661 τῶν
887 1629 946 1660 λο-

279 1675 393 1718 γικῶν
413 1671 680 1716 θεωρημάτων.
705 1674 752 1708 T.
764 1674 806 1707 V.
818 1685 856 1728 p.
862 1675 945 1708 269·

281 1720 347 1764 τῆς
367 1719 596 1774 διαλεκτικῆς
614 1738 661 1744 -
688 1717 788 1759 νέοις
810 1716 856 1753 ού
878 1731 947 1753 πα·

282 1764 486 1821 ραδοτέας,
520 1778 572 1804 ως
610 1762 729 1804 αὐτὸς
767 1763 806 1799 ἐν
836 1767 948 1800 Πολι-

282 1812 363 1859 τείᾳ
391 1810 503 1856 λέγει,
541 1808 591 1854 μή
618 1824 669 1855 πη
697 1809 864 1846 λα’θωσιν
894 1812 946 1851 εἰς

282 1849 522 1914 παρανομίαν
540 1855 744 1897 ἐλάσαντες.
767 1863 845 1904 etp.
857 1860 946 1894 270·

283 1904 328 1940 τὸ
352 1904 391 1939 δὲ
411 1902 449 1938 ἐν
473 1904 650 1958 Πολιτεία
669 1901 718 1947 μή
739 1901 948 1959 παραδιδό-

284 1963 349 1985 ναι
362 1949 461 1990 νέοις
479 1963 546 1994 την
567 1941 794 1993 διαλεκτικὴν
803 1948 950 2004 ἄληθες

284 1996 373 2052 μὲν,
402 1995 478 2053 ε’χει
499 1974 539 2030 δὲ
570 1996 695 2030 αἰτίαν
725 1994 949 2051 εὐλόγιστον,

287 2023 386 2078 διότι
415 2041 506 2083 τοὺς
546 2039 621 2076 ἐκεῖ
657 2041 951 2086 παιδευομένους

286 2088 397 2130 νέους
434 2087 640 2146 ἀνώμαλον
654 2087 767 2144 έχειν
809 2087 950 2133 οἷναγκη

287 2135 356 2180 τὴν
389 2133 504 2180 φύσιν
528 2133 592 2169 καὶ
617 2132 662 2169 ου’
689 2147 840 2175 παντως
864 2134 951 2184 αρί-

289 2193 398 2238 στην,
423 2181 485 2215 καὶ
505 2179 568 2215 διὰ
592 2182 704 2215 τοῦτο
730 2179 814 2221 δεος
844 2185 952 2225 εἰναι,

287 2226 340 2273 μή
358 2228 420 2262 καί
437 2239 532 2267 τινες
558 2225 684 2262 αὐτῶν
703 2228 753 2267 εἰς
771 2227 840 2272 τὴν
857 2228 953 2272 εἰρη-

288 2274 403 2327 μένην
419 2274 659 2330 παρανομίαν
677 2271 846 2310 ἐλασωσι.

334 2319 460 2366 μα’λα]
497 2318 582 2364 μάλ’
608 2321 708 2355 Vind.
733 2320 775 2356 F.
799 2323 886 2366 Aug.
912 2321 954 2356 Β.

336 2386 463 2434 εἶπον]
490 2402 553 2424 om
591 2390 691 2425 Vind.
715 2391 760 2425 E.
793 2390 888 2425 Mon.
914 2390 956 2426 C.

289 2436 370 2471 vat.
395 2436 446 2471 Μ.

335 2503 634 2549 ξυγγιγνοίσκεις]
678 2502 956 2549 ξυγγιγνσόσκειν

288 2551 389 2585 Vind.
414 2552 457 2584 F.
495 2553 581 2597 Ang.
616 2553 657 2586 B.
706 2549 958 2595 ξυγγινιόσκεις

288 2597 374 2631 Lob.
407 2597 507 2631 Vind.
532 2599 605 2632 ΒΕ.
652 2598 746 2633 Mon.
770 2598 842 2631 BC.
874 2598 958 2641 (hic

288 2643 466 2687 ξυνγγιν.)
504 2644 580 2677 Ald.
626 2645 707 2678 Bas.
733 2645 788 2679 ab.
837 2644 957 2688 steph.

290 2690 422 2733 (Flor.)
465 2691 657 2724 tacentibus
692 2690 771 2735 Rip.
843 2690 958 2723 Etiam

290 2736 471 2770 Bekkerus
495 2741 600 2770 tacet.
648 2738 705 2772 Cf.
742 2736 842 2770 huius
879 2736 955 2771 Vol.

290 2794 324 2828 p.
350 2784 406 2816 99.
432 2793 482 2826 sq.

339 2828 429 2872 Πῆ]
455 2828 537 2868 πῶς
561 2827 640 2863 Par.
665 2829 709 2862 K.

1044 1301 1214 1349 μάλιστ’]
1253 1303 1412 1348 μάλιστα
1443 1303 1532 1338 Lob.
1566 1301 1667 1336 Vind.

999 1349 1070 1384 BE.
1094 1351 1188 1385 Wlon.
1217 1351 1256 1386 C.
1280 1352 1377 1385 Flor.
1403 1350 1544 1385 ACTV

1044 1396 1107 1431 καὶ
1129 1395 1278 1441 κόλαξι]
1314 1396 1378 1431 καὶ
1410 1410 1474 1432 om-
1510 1396 1591 1430 Vat.
1615 1396 1657 1429 B.
1673 1402 1741 1437 538

1000 1448 1035 1476 et
1059 1443 1103 1476 ad
1125 1442 1255 1486 κόλαξι
1279 1456 1300 1478 a
1323 1456 1367 1477 m.
1392 1456 1419 1478 s.
1445 1442 1598 1477 additum
1629 1438 1670 1476 δὲ

1001 1489 1115 1523 habet.

1049 1531 1145 1579 οἷνήρ
1169 1533 1234 1579 δε]
1277 1531 1317 1568 δε
1354 1546 1420 1568 om.
1454 1534 1542 1569 Lob.
1578 1533 1672 1568 Mon.

1003 1581 1043 1614 B.
1080 1582 1159 1616 Vat.
1187 1581 1268 1616 ΒΜ.
1302 1581 1386 1614 Ven.
1414 1580 1455 1616 C.
1480 1581 1559 1615 Par.
1590 1579 1668 1615 DK.

1003 1639 1073 1661 sec.
1098 1628 1209 1661 Bekk.
1235 1627 1327 1661 Flor.
1354 1627 1399 1660 U.

1050 1671 1273 1730 γενόμενος]
1298 1684 1371 1717 γεν.
1391 1670 1455 1706 καὶ
1479 1673 1572 1707 Flor.
1598 1673 1672 1708 Ac.

1051 1717 1156 1764 ἐστὶ]
1205 1717 1281 1754 ἐστι
1317 1719 1419 1755 Vind.
1454 1719 1498 1753 F.
1548 1720 1671 1754 Stallb.

1005 1776 1075 1800 sec.

1005 1857 1034 1891 C
1049 1812 1101 1859 τῷ
1127 1807 1223 1856 ὄντι]
1249 1809 1385 1846 τωόντι
1398 1811 1499 1847 Vind.
1512 1812 1554 1847 Ε.
1575 1811 1670 1846 Mon.

1051 1901 1166 1948 ἔχεις]
1193 1900 1288 1947 ἔχοις
1311 1902 1404 1937 Mon.
1428 1903 1470 1937 B.

1050 1971 1114 2007 καὶ
1133 1969 1252 2017 πρὸς]
1286 1969 1383 2017 πρός
1407 1983 1472 2007 om.
1497 1972 1599 2007 Vind.
1625 1973 1670 2007 Ε.

1052 2038 1383 2086 ὑποβαλομένους]
1409 2038 1666 2086 ὑποβαλλομέ-

1005 2100 1095 2128 νους
1118 2088 1204 2124 Lob.
1230 2087 1330 2123 Vind.
1353 2087 1459 2120 BEF.
1485 2088 1578 2123 Mon.
1596 2087 1670 2122 Bc.

1008 2137 1089 2171 Vat.
1114 2134 1192 2168 ΒΜ.
1243 2134 1329 2167 Ven.
1360 2133 1432 2166 Bc.
1481 2134 1560 2168 Par.
1594 2133 1670 2168 DK.

1009 2193 1077 2216 see.
1101 2181 1210 2216 Bekk.
1228 2181 1314 2225 Aug.
1326 2181 1368 2213 B.
1389 2180 1484 2213 Flor.
1499 2180 1672 2214 ACRTV.

1009 2228 1086 2262 Ald.
1121 2228 1203 2263 Bas.
1227 2228 1282 2261 ab.
1351 2226 1474 2270 Itaque
1508 2226 1672 2272 perpauci

1010 2277 1145 2308 restant
1168 2273 1320 2307 lectionis
1345 2284 1366 2306 a
1389 2273 1564 2317 Stephano
1589 2284 1671 2318 pro—-

1011 2321 1126 2353 fectae
1159 2323 1367 2362 assertores,
1411 2319 1489 2352 Par.
1519 2320 1560 2353 A.
1597 2319 1674 2353 vat.

1013 2367 1058 2401 H.
1083 2366 1112 2399 F
1115 2366 1177 2400 lor.
1202 2366 1247 2400 U.
1272 2371 1307 2399 et
1332 2378 1375 2399 ne
1402 2364 1435 2397 hi
1458 2364 1593 2408 quidem
1613 2376 1676 2408 per

1013 2412 1181 2447 silentium
1211 2411 1361 2445 Bekkeri
1392 2410 1678 2455 Stalkbaumiique

1013 2459 1098 2492 satis
1123 2458 1227 2499 certi,
1261 2469 1363 2502 qumn
1387 2457 1491 2490 etiam
1514 2457 1606 2491 Mon.
1631 2458 1673 2490 Β.

1014 2505 1148 2539 silentio
1172 2516 1192 2537 a
1218 2484 1384 2538 ’Bekkero
1417 2503 1677 2548 praetermissus

1013 2555 1127 2584 tamen
1167 2546 1494 2595 ύποβαλλομένους
1539 2550 1676 2584 habeat.

1014 2599 1064 2631 Ac
1088 2596 1204 2630 nescio
1232 2608 1275 2629 an
1299 2596 1357 2641 qui
1377 2596 1586 2641 suppositum
1610 2595 1677 2628 sibi

1015 2643 1196 2688 aliquando
1221 2643 1327 2676 filium
1358 2653 1421 2687 pro
1455 2654 1514 2676 suo
1553 2642 1680 2676 habere

1014 2696 1050 2723 et
1072 2689 1250 2722 venditare
1274 2693 1440 2732 pergunt,
1466 2688 1581 2722 eodem
1606 2700 1677 2722 mo—

1014 2735 1057 2769 do
1080 2732 1385 2780 υποβαλλόμενοι
1409 2734 1476 2767 dici
1494 2734 1681 2779 potuerint,

1013 2793 1080 2827 quo
1105 2781 1181 2815 Vol.
1204 2781 1233 2814 Ι.
1258 2794 1291 2826 p.
1312 2783 1392 2816 301.
1416 2785 1552 2814 veteres
1575 2780 1679 2836 legis-

1015 2828 1141 2862 latores
1163 2825 1418 2866 καθιστάντας
1444 2827 1599 2872 μουσικῇ
1617 2824 1679 2862 καὶ
