1807 3219
432 111 773 155 CIVITAS
817 109 1039 153 LIB.VI.
1071 115 1138 149 506

1416 115 1500 155 221

106 221 192 280 ἤδη
230 226 317 275 πᾶς
356 223 573 281 ἀτιμάζεις
623 224 713 267 Καὶ
752 222 892 279 μάλα,
935 223 1031 280 ἔφη.
1069 221 1131 265 uO
1162 222 1215 279 δὴ
1245 222 1396 268 διώκει
1426 224 1507 279 μὲν
1530 228 1565 269 Ε

109 291 259 338 ἅπασα
288 293 405 351 ψυχὴ
434 294 508 338 καὶ
547 292 710 338 τούτου
753 291 879 334 ἕνεκα
918 292 1063 335 πάντα
1091 291 1270 346 πράττει
1303 291 1505 349 ἀπομαν-

108 363 321 419 τευομένη
350 379 392 406 τι
427 359 565 414 εἶναι,
596 360 834 416 ἀποροῦσα
866 360 911 403 δὲ
940 361 1014 403 καὶ
1047 357 1130 402 οὐκ
1161 360 1321 415 ἔχουσα
1352 364 1507 418 λαβεῖν

109 432 292 484 ἱκανῶς,
331 433 373 474 τί
398 430 493 474 ποτ’
525 431 668 483 ἐστὶν,
720 427 823 473 οὐδὲ
861 430 1001 472 πίστει
1035 427 1283 484 χρήσασθαι
1320 433 1507 490 μονίμῳ,

109 501 187 557 οἵᾳ
218 500 294 542 καὶ
322 500 422 555 περὶ
451 495 606 550 τᾶλλα,
648 497 721 542 δια
753 502 886 541 τοῦτο
919 498 965 540 δὲ
996 495 1287 552 ἀποτυγχάνει
1317 499 1392 541 καὶ
1420 503 1508 542 τῶν

107 565 279 618 ἄλλων,
326 568 367 609 εἴ
392 584 434 611 τι
465 566 626 623 ὄφελος
652 561 732 623 ἦν,
775 566 874 619 περὶ
908 566 961 621 δὴ
991 565 1040 609 τὸ
1074 570 1282 609 τοιοῦτον
1323 567 1396 610 καὶ
1427 585 1502 611 το-

60 667 68 673 -
107 639 273 678 σοῦτον
305 633 424 678 οὕτω
455 640 609 692 φῶμεν
640 638 732 679 δεῖν
757 635 1034 678 ἐσκοτῶσθαι
1064 635 1138 678 καὶ
1169 634 1366 686 ἐκείνους
1396 635 1502 688 τοὺς
1528 647 1597 682 506

60 738 72 747 2
109 705 362 760 βελτίστους
391 703 439 747 ἐν
468 708 522 761 τῇ
553 703 701 757 πόλει,
745 702 811 756 οἷς
841 703 985 747 πάντα
1015 703 1336 759 ἐγχειριοῦμενς

38 779 106 815 478
121 770 202 814 στα’
231 770 283 827 γ’,
316 772 414 829 ἔφη.
478 770 611 829 Οἶμαι
650 778 789 829 γοῦν,

1378 703 1505 747 ‘'Hm-

828 770 974 824 εἶπον,
1016 772 1165 816 δίκαιά
1205 788 1250 815 τε
1287 772 1363 815 καὶ
1391 770 1505 816 καλὰ

107 837 392 896 ἀγνοούμενα
433 840 520 896 ὅπη
561 841 664 884 ποτὲ
705 840 855 897 ἀγαθά
901 842 1043 892 ἐστιν,
1085 839 1140 884 οὐ
1177 845 1346 884 πολλοῦ
1386 840 1506 891 τινὸς

109 907 234 962 ἄξιον
265 908 444 966 φύλακα
477 914 717 968 κεκτῆσθαι
747 909 802 954 ἂν
833 909 1004 954 ἑαυτῶν
1032 909 1112 954 τόν
1130 914 1261 954 τοῦτο
1285 909 1502 966 ἀγνοοῦν-

143 1075 196 1115 ‘¹0
218 1079 288 1126 δὴ]
326 1077 346 1116 ὃ
374 1079 414 1116 δε
440 1082 526 1117 ven.
551 1083 592 1117 B.
640 1084 776 1118 Bonum
833 1095 896 1118 nus
921 1083 993 1127 egit
1015 1083 1051 1116 in
1077 1094 1223 1116 excursu
1247 1081 1288 1116 ad
1299 1081 1502 1117 Demosthe-

107 1128 244 1182 quidem
267 1128 340 1162 Fic.

62 1174 96 1215 E
154 1171 303 1218 πάντα]
331 1187 396 1208 om.
420 1158 527 1210 Vind.
546 1175 589 1208 Ε.
613 1174 706 1209 Flor.
733 1176 774 1210 C

107 1223 143 1254 et
153 1231 336 1311 ἔροῐέἱτὲτξιᾝ
356 1222 467 1302 ἕξιν
464 1221 537 1300 liiid-
551 1267 595 1301 F.
621 1267 682 1301 sed
701 1280 775 1302 cum

108 1312 246 1346 litura
235 1325 270 1346 111
294 1313 374 1346 fine.

151 1371 187 1392 τι
209 1355 325 1403 εἶναι]
353 1385 377 1403 „
391 1373 427 1394 τι
445 1355 541 1394 εἶναι
569 1372 631 1407 pro
656 1374 703 1395 τα
724 1359 772 1395 εἷ-

102 1405 283 1486 ggthFlor.
300 1404 372 1439 T.“
416 1408 472 1440 An
495 1405 542 1441 τὰ
568 1419 631 1453 pro
656 1420 691 1441 τι
712 1408 772 1442 ha-

151 1494 349 1542 ἀποροῦσα
376 1495 441 1544 δὲ]
479 1500 618 1535 dubitat
654 1505 772 1535 tamen

103 1543 643 1672 {zzngaezaeiffoffom
694 1592 770 1625 F

152 1680 383 1726 χρήσασθαι]
415 1683 578 1727 χρῆσθαι
610 1684 696 1717 Ven.
731 1685 772 1718 B.

106 1728 276 1809 {261³}ss
311 1730 390 1764 vat.
415 1730 461 1765 H.
504 1730 600 1764 Flor.
633 1731 773 1764 ACTV.

155 1821 239 1867 οῖ’ᾳ]
269 1818 370 1864 οἷαι,
396 1833 415 1854 e
440 1833 528 1856 corr.
550 1821 647 1865 οῖἀι,
675 1822 774 1856 Vind.

108 1867 153 1900 F.
197 1867 277 1901 οῖἀι
300 1868 480 1901 Bekkerus
504 1868 539 1901 111
565 1869 680 1901 decem
705 1869 773 1902 suis

108 1913 277 1948 invenisse
301 1914 370 1956 ait,
395 1914 438 1947 de
461 1926 527 1947 uno
553 1916 637 1950 Ven.
658 1916 698 1949 B.
720 1920 775 1948 ta-

110 1971 212 2002 cens,
233 1960 293 1993 sed
321 1960 419 1994 Vind.
442 1961 483 1994 B.
509 1961 614 1994 habet
638 1961 713 2003 οἵα,
736 1964 776 1994 ut

110 2007 197 2040 Lob.
221 2006 321 2041 Vind.
344 2007 388 2040 E.
416 2012 451 2040 et
473 2007 549 2040 Ald.
574 2007 662 2040 etin
681 2008 774 2041 Mon.

110 2053 152 2086 B.
189 2052 314 2098 legitur
360 2052 434 2100 οἵᾳ.
501 2051 564 2087 οἶα
602 2054 681 2087 Bas.
717 2054 772 2087 ab.

113 2099 233 2143 Steph.
272 2099 347 2133 Ast.
381 2111 432 2145 pr.
463 2111 532 2133 sec.
579 2101 774 2133 tacentibus

111 2144 299 2198 Bipontinis
323 2148 358 2179 et
381 2146 424 2180 de
442 2146 649 2180 Florentinis
668 2146 775 2180 Stall-

110 2189 257 2224 baumio.

157 2253 296 2304 τᾶλλα]
321 2256 438 2294 τᾶλλα
461 2261 558 2295 Vind.
580 2262 656 2295 BF.
683 2261 776 2296 Mon.

112 2307 154 2339 B.
179 2307 301 2350 Steph.
326 2307 399 2340 Ast.
423 2305 470 2341 τὰ
490 2303 584 2341 ἄλλα
612 2309 709 2343 Vind.
733 2309 777 2343 Ε.

111 2352 204 2385 Flor.
216 2352 370 2386 ACTV.

159 2403 223 2455 διὰ
253 2420 366 2454 τοῦτο
398 2419 471 2466 δε]
523 2421 703 2456 διατοῦτο
737 2419 778 2456 δὲ

112 2467 199 2502 Lob.
233 2467 331 2501 Vind.
366 2468 441 2503 BF.
489 2467 552 2502 διὰ
581 2469 696 2502 τοῦτο
730 2467 778 2512 δὴ

113 2513 208 2547 Μοῐι.
221 2513 261 2547 Β.
288 2511 395 2548 δια-τὸ
420 2525 464 2548 το
481 2513 521 2548 δὲ
545 2513 712 2549 Α1(1.διά
733 2513 777 2549 τὸ

113 2556 202 2593 τόδε
232 2560 314 2594 Bas.
340 2572 370 2594 a.
417 2559 479 2594 διὰ
500 2561 613 2595 τοῦτο
637 2562 718 2595 Bas.
744 2562 777 2594 b.

115 2611 219 2650 atque
238 2607 361 2639 iccirco
380 2606 453 2642 Fic.
501 2607 554 2641 De
573 2607 720 2651 repetito
740 2604 779 2641 δε

114 2663 220 2696 supra
253 2652 297 2685 ad
322 2652 361 2685 A.
387 2653 534 2696 dictum3
577 2654 631 2686 hic
666 2657 781 2687 tamen

115 2709 182 2731 non
205 2709 267 2742 per
291 2700 515 2733 anacoluthon
538 2699 686 2741 illatum,
721 2700 781 2733 sed

116 2743 368 2789 perspicuitatis
381 2745 491 2789 gratia
501 2745 625 2779 iterum
636 2745 782 2790 positum

115 2789 273 2832 videtur,
299 2790 342 2824 de
366 2803 434 2837 quo
459 2803 586 2836 genere
602 2793 782 2826 Buttman-

833 1131 883 1164 1115
908 1131 1089 1163 Midianam
1115 1131 1253 1174 9159.

881 1176 919 1210 εἴ
948 1189 983 1209 τι
1015 1172 1152 1219 ὄφελος
1185 1169 1255 1219 ἦν]
1306 1187 1380 1208 cum
1419 1174 1503 1218 quid

832 1225 918 1257 utile
937 1225 982 1257 sit
1004 1223 1161 1256 iudicare
1176 1223 1296 1273 pergit
1314 1221 1391 1254 Fic.
1434 1220 1503 1253 Pro

835 1269 870 1302 εἰ
899 1269 933 1302 111
969 1269 1068 1302 11116.
1093 1269 1137 1322 Ε.
1173 1267 1250 1311 ω’ν,
1282 1267 1318 1301 111
1354 1267 1430 1300 v.at
1456 1266 1502 1299 H.

833 1315 928 1348 Flor
955 1315 1061 1348 A.CV
1090 1310 1112 1349 ὅ
1135 1314 1273 1357 lenitur.

880 1359 953 1404 δὴ]
980 1358 1018 1394 ὁὶ
1044 1361 1123 1394 Par.
1152 1343 1196 1393 K.

876 1407 1082 1450 τοιοῦτον]
1132 1406 1286 1440 τοιοῦτο
1322 1405 1421 1438 Vind.
1457 1405 1502 1438 E.

831 1452 926 1486 Mon.
953 1453 992 1486 B.
1016 1453 1096 1486 Par.
1123 1453 1167 1487 K.
1198 1465 1267 1487 sec.
1292 1452 1369 1497 Bip.
1406 1451 1503 1485 Flor.

878 1543 916 1589 ἐγ
918 1545 1143 1588 χειριοῦμεν]
1166 1545 1410 1579 committimus
1425 1544 1503 1577 Fic.
1528 1542 1596 1576 506

876 1590 932 1648 γ’]
962 1604 999 1635 ’,ε
987 1592 1124 1625 xind.
1150 1592 1191 1624 B.

880 1635 1141 1681 ἀγνοούμενοι]
1189 1636 1330 1671 Ficinus
1373 1636 1505 1670 addidit.

830 1689 870 1718 ut
889 1697 978 1718 mmo
992 1687 1073 1727 fere
1092 1684 1234 1718 accidit.

878 1727 1215 1773 ποτε-φύλακα]
1243 1741 1307 1762 om.
1334 1729 1436 1762 Vind.
1461 1729 1503 1762 F.

832 1776 873 1809 In
910 1774 1060 1820 φύλακα
1092 1776 1218 1821 reliqui
1250 1775 1314 1809 mei
1351 1780 1386 1808 et
1416 1776 1502 1809 Flo-

833 1824 956 1856 lentini
994 1834 1070 1855 cum
1103 1822 1277 1867 pleiisque
1310 1822 1504 1855 Bekkeria—

834 1868 886 1902 1115
918 1873 953 1902 et
983 1870 1066 1902 Bas.
1091 1869 1124 1902 b.
1159 1868 1391 1902 consentiunt:
1429 1865 1502 1911 φύ-

835 1916 928 1957 aaut,
954 1915 1045 1960 quod
1069 1915 1221 1959 reliquae
1239 1914 1403 1948 editiones
1423 1918 1503 1948 ante

832 1961 1028 1994 Bekkelum
1068 1961 1247 2002 exhibent,
1294 1965 1428 1993 tantum
1467 1960 1503 1994 in

833 2007 911 2040 Par.
939 2008 1015 2041 DK.
1041 2007 1083 2040 de
1120 2007 1243 2051 quibus
1267 2006 1441 2050 Bipontini
1467 2011 1504 2040 et

833 2053 1012 2087 Bekkerus
1037 2057 1172 2095 tacent,
1206 2058 1378 2096 repertum
1405 2052 1502 2086 wide-

833 2103 900 2132 tur.
947 2100 989 2132 ld
1014 2100 1209 2143 Stephanus
1233 2099 1268 2132 111
1300 2110 1346 2132 111.
1372 2099 1422 2132 ita
1445 2110 1500 2132 re-

836 2145 1011 2179 tinendum
1037 2147 1215 2186 censebat,
1239 2145 1269 2178 si
1295 2141 1383 2186 ἄξια
1408 2145 1502 2190 lege-

835 2195 948 2225 retur:
977 2195 1049 2233 „ut
1073 2192 1165 2225 dicat
1189 2171 1323 2224 1110111111
1342 2193 1503 2225 bonorum

834 2238 1084 2282 possessionem
1129 2250 1194 2271 11011
1234 2249 1356 2281 magno
1392 2237 1505 2281 pretio

835 2285 912 2317 fore
936 2285 1106 2318 custodif‘
1154 2283 1295 2317 Scilicet
1316 2284 1504 2324 nesciebat,

835 2329 916 2374 quid
939 2336 1019 2375 post
1041 2331 1247 2375 κεκτῆσθαι
1270 2329 1306 2363 111
1331 2329 1504 2363 codicibus

837 2381 938 2409 esset.

884 2418 931 2455 ἂν
960 2419 1128 2466 ἑαυτῶν]
1178 2422 1233 2456 Ita
1274 2421 1352 2456 Par.
1395 2421 1503 2455 ADK.

836 2468 938 2501 Vind.
962 2469 1004 2501 F.
1030 2468 1125 2502 Mon.
1151 2469 1191 2502 B.
1229 2469 1315 2501 Ven.
1342 2467 1382 2501 C.
1408 2469 1504 2504 Flor.

835 2515 912 2549 UV.
940 2511 1007 2548 ἐὰν
1026 2512 1171 2548 ἑαυτῶν
1190 2515 1268 2547 vat.
1280 2514 1319 2547 B.
1348 2510 1396 2548 ὃὶν
1419 2513 1505 2548 ἑαυ-

836 2561 905 2594 τῶι
933 2561 1018 2594 Lob.
1043 2561 1145 2595 Vind.
1170 2561 1210 2593 B.
1246 2561 1330 2604 Ang.
1356 2562 1397 2594 B.
1424 2562 1505 2595 Vat.

837 2607 886 2640 Μ.
913 2607 1007 2640 Flor.
1033 2607 1109 2640 RT.
1138 2602 1187 2639 ἒὶν
1205 2603 1344 2641 εαυτὸν
1365 2608 1451 2641 V.en
1462 2608 1505 2641 Β.

837 2654 917 2687 Vat.
944 2653 988 2687 H.
1022 2652 1114 2686 Flor.
1137 2653 1210 2686 AC.
1254 2654 1377 2696 (haud
1404 2654 1506 2687 multi

831 2700 1037 2742 faciendum
1083 2711 1166 2733 sane
1219 2700 1432 2754 custodem)
1468 2710 1504 2732 se

838 2747 949 2789 ipsum
969 2746 1124 2779 exhibere
1147 2756 1248 2800 posse
1270 2741 1347 2778 Fic.
1383 2742 1503 2779 αὐτὸν

838 2791 938 2827 Vind.
962 2791 1005 2825 E.
1032 2790 1134 2835 εἴπερ
1155 2788 1254 2831 εἰκὸς
1272 2791 1413 2834 ’γνῶναι
1433 2787 1500 2824 αὕ-
