1807 3219
280 200 309 239 6
742 192 1216 236 PLATONIS

218 311 253 352 B
283 305 408 362 ὑμεῖς
426 307 783 359 παρακαλοῦντες
802 301 885 348 οὐκ
902 304 1015 356 ἰ’στε,
1040 302 1146 346 ὅσον
1169 301 1304 357 ἐσμὸν
1333 300 1476 356 λόγων
1500 300 1662 356 ἐπεγεί-

282 390 396 429 ρετε·
418 372 470 417 ὃν
492 371 609 428 ὁρῶν
626 371 707 428 ἐγώ
730 373 904 428 παρῆκα
923 369 1030 422 τότε,
1049 371 1107 426 μὴ
1126 368 1342 425 παράσχοι
1359 370 1500 414 πολὺν
1519 370 1662 427 ὄχλον.

288 444 338 485 Τί
355 441 422 491 δέ;
443 436 471 497 ἦ
492 440 527 485 δ’
548 440 611 492 ὂς,
633 439 656 483 ὁ
681 437 991 494 Θρασύμαχος·
1009 436 1385 494 χρυσοχοήσοντας
1406 440 1486 483 οἴει
1504 438 1664 484 τούσδε

280 513 365 554 νῦν
394 508 554 553 ἐνθάδε
586 507 773 565 ἀφῖχθαι
784 540 796 561 ,
828 505 917 550 ἀλλ’
938 504 992 550 οὐ
1012 505 1157 560 λόγων
1174 503 1525 561 ἀκουσομένουςς
1556 508 1662 560 Ναὶ,

282 577 431 631 εἶπον,
469 578 655 633 μετρίων
693 591 754 632 γε.
812 574 994 629 Μέτρον
1035 573 1080 617 δέ
1117 571 1168 630 γ’,
1200 575 1284 629 ἔφη
1301 609 1312 627 ,
1353 569 1389 618 ὦ
1419 575 1664 630 Σώκρατες,

283 645 305 693 ὁ
339 645 575 698 Γλαύκων,
607 642 822 688 τοιούτων
854 641 998 699 λόγων
1027 640 1210 686 ἀκούειν
1241 641 1341 694 ὅλος
1371 641 1394 685 ὁ
1427 644 1523 699 βίος
1552 646 1664 687 νοῦν

785 790 864 837 ηθη
897 791 947 825 le-

823 837 946 883 p.497.

791 850 843 918 Lp
865 884 946 917 IIIL

281 796 421 849 recepto
450 794 670 840 permutavit.
719 791 781 838 ἐῤῥ

280 842 372 886 gitur
396 841 467 875 sine
490 841 659 875 varietate
684 838 726 873 L.
736 805 805 873 VI⁷7

283 887 323 921 C.
358 886 400 920 D.
447 887 526 922 504.
561 888 603 921 Β.
661 885 745 930 Leg.

281 945 315 978 p.
339 934 418 968 722.
437 933 478 967 Β.
500 934 541 967 Ε.
567 932 626 966 VI.
653 934 732 967 774.
744 931 784 965 D.
810 932 888 965 782.
902 930 944 963 D.

281 981 361 1014 783.
391 980 432 1012 C.
482 978 560 1012 VII.
596 980 675 1013 800.
710 979 750 1012 A.
791 978 868 1011 802.
901 976 944 1009 D.

282 1026 362 1060 804.
388 1025 430 1058 Ε.
455 1026 535 1060 809.
560 1025 601 1058 Β.
627 1024 731 1069 (quos
756 1020 847 1056 lo'cos
872 1023 944 1055 Rii-

282 1072 420 1105 ckertus
446 1072 489 1104 ad
513 1072 669 1115 Sympos.
695 1082 728 1114 p.
756 1070 831 1103 117.
858 1068 944 1101 indi-

282 1117 402 1161 cavit.)
452 1117 563 1150 VIIII.
597 1118 676 1151 873.
704 1116 741 1149 Β.
791 1115 870 1149 874.
901 1114 942 1147 A.

282 1175 385 1209 porro
408 1175 474 1196 uno
500 1162 584 1196 Lob.
603 1162 822 1195 dissentiente
844 1159 945 1193 Polit.

283 1221 314 1254 p.
340 1211 419 1244 267.
444 1211 486 1242 Α
509 1209 588 1243 274.
615 1209 657 1242 D.
681 1208 761 1242 275.
785 1208 827 1240 Α.
863 1207 944 1240 282.

282 1255 323 1289 C.
347 1256 427 1289 284.
454 1255 497 1288 Ε.
521 1256 601 1289 286.
627 1255 667 1287 Β.
701 1257 756 1294 et,
781 1263 847 1296 quo
870 1251 945 1285 loco

281 1301 452 1335 Eusebius
476 1312 566 1345 quoq
569 1312 611 1333 ue
630 1298 849 1345 penultimam
866 1299 945 1331 bre-

281 1360 356 1381 vem
381 1347 537 1388 exhibet,
562 1348 641 1381 270.
667 1347 705 1379 Α.
754 1344 846 1377 Idem
871 1344 944 1376 Eu

282 1393 395 1427 sebius
427 1393 517 1426 solus
565 1389 705 1436 ἐῤῥέθη
739 1390 820 1433 legit
861 1389 945 1432 Leg.

282 1440 322 1473 L.
347 1439 373 1472 I.
399 1451 431 1484 p.
457 1440 534 1473 626.
560 1439 602 1471 D.
627 1443 665 1471 ut
688 1438 773 1480 Aug.
799 1437 839 1469 B.
867 1435 945 1468 cri-

281 1486 328 1519 tia
366 1497 407 1529 pa
412 1497 444 1529 g.
471 1485 546 1518 109.
579 1485 621 1517 D.
654 1483 712 1516 ubi
743 1483 777 1515 in
810 1482 944 1523 Monac.

282 1531 428 1564 DXIIII.
477 1527 620 1574 ἐῤῥύθη
668 1528 833 1573 scriptum
880 1532 943 1560 est.

282 1577 386 1622 Hipp.
412 1577 489 1610 mai.
521 1588 553 1621 p.
579 1576 658 1611 302.
683 1575 726 1608 Ε.
761 1578 834 1607 tres
867 1577 944 1607 tan-

281 1628 353 1657 tum
378 1622 511 1656 codices
541 1633 583 1656 ex
621 1619 853 1676 undeviginti,
880 1619 944 1672 qui

283 1669 398 1703 collati
439 1672 540 1710 sunt,
586 1667 757 1711 vulgatam
800 1663 943 1709 ἐρ’ῥήθη

282 1727 348 1748 non
375 1719 513 1748 tuentur
539 1713 642 1758 (Ven.
644 1688 735 1746 BD.
763 1712 861 1744 Vind.
883 1711 943 1753 A.)

282 1761 401 1794 Paullo
426 1761 539 1802 plures
564 1760 613 1802 ei,
644 1759 705 1793 sed
734 1770 776 1791 ne
810 1757 845 1790 hi
869 1757 945 1800 qui·-

282 1808 357 1840 dem
370 1806 593 1847 sufficientes,
620 1805 846 1838 adversantur
858 1802 945 1836 Phil.

282 1864 316 1897 p.
342 1854 398 1887 33.
431 1852 469 1885 B.
505 1851 641 1895 (Coisl.
676 1851 762 1883 Ven.
786 1849 827 1882 D.
865 1849 944 1882 Par.

282 1899 386 1933 BCF.
419 1902 454 1931 et
482 1898 543 1933 int.
565 1908 654 1931 vers.
681 1896 784 1939 Lob.)
835 1896 944 1938 Gorg.

282 1944 305 1978 l.
343 1957 372 1978 c.
407 1955 440 1989 p.
466 1944 544 1979 460.
569 1944 610 1976 D.
654 1943 760 1986 (Vat.
786 1942 827 1974 A.
864 1941 943 1973 Par.

283 1990 354 2024 BV.
379 1990 462 2023 Ven.
488 1990 529 2022 D.
556 1988 654 2022 Vind.
679 1988 754 2021 AK.
788 1986 946 2020 Bodleia-

283 2048 346 2070 nus
369 2035 521 2077 Routhii,
544 2036 764 2078 Augustanus
786 2038 821 2066 et
832 2033 947 2065 Meer-

282 2081 510 2124 mannianus)
535 2085 570 2115 et
582 2081 752 2114 Phaedon.
776 2091 810 2123 p.
829 2080 884 2113 92.
903 2078 945 2110 D.

284 2129 381 2171 (vat.
406 2129 447 2161 A.
473 2128 559 2160 Ven.
580 2127 622 2160 D.
649 2126 746 2159 Vind.
766 2125 834 2158 AB.
860 2124 945 2157 Lob.

284 2175 411 2208 Zittav.
451 2174 543 2207 Amb.
576 2173 619 2206 B.
668 2176 703 2205 et
748 2170 811 2204 int.
856 2180 945 2204 vers.

286 2220 423 2263 Clark.)
451 2219 578 2252 Eorum
596 2230 678 2252 vero
696 2217 856 2257 locorum,
872 2215 946 2259 qui—

284 2267 348 2300 bus
370 2265 588 2299 Heindorfius
611 2264 804 2304 nitebatur,
836 2242 946 2295 riullus

285 2312 370 2345 satis
405 2311 522 2344 firmus
553 2314 712 2355 repertus
745 2314 807 2342 est.
856 2307 945 2340 Nam

285 2358 371 2402 Leg.
396 2357 437 2390 L.
462 2356 505 2390 II.
541 2368 577 2401 p.
602 2356 680 2391 664.
704 2356 746 2388 D.
781 2351 945 2398 ἒρῤήθη-

287 2414 355 2438 σοιν
402 2403 580 2436 Bekkerus
620 2401 764 2435 omnium
810 2411 945 2434 suorum

286 2461 449 2483 consensu
472 2448 581 2482 videri
613 2448 715 2481 debet
744 2446 945 2486 restituisse,

286 2507 387 2540 quum
412 2495 447 2528 in
471 2506 588 2527 comm.
615 2494 692 2527 crit.
717 2493 763 2526 nil
787 2492 852 2525 nisi
865 2493 946 2524 Ste—

285 2541 431 2586 phanum
477 2540 693 2574 adnotaverit
737 2536 945 2582 ἐῤῥέθησοιν

285 2587 464 2620 exhibere.
505 2586 603 2619 P01}.t
638 2598 670 2630 p.
694 2586 776 2620 258.
811 2584 854 2618 Ε.
890 2581 945 2627 ἐῤ-

287 2630 388 2676 ῥήθη
421 2633 604 2665 secundum
636 2632 795 2676 plurimos
828 2630 862 2663 in
885 2629 945 2663 iis-

285 2690 354 2722 que
377 2677 538 2722 optimum
563 2678 680 2712 Clark.
706 2676 865 2722 scripsit,
888 2687 944 2708 re—

287 2723 500 2767 fragantibus
545 2724 630 2757 Ven.
671 2724 713 2757 D.
758 2734 778 2756 a
818 2733 861 2755 m.
894 2732 945 2766 pr.

287 2770 386 2803 Vind.
412 2769 452 2803 A.
485 2770 564 2804 Par.
591 2771 658 2803 ΕΡ.
695 2769 779 2803 Lob.
804 2768 887 2801 Zitt
912 2770 948 2800 et

287 2818 434 2861 quatuor
458 2815 549 2849 F.lor
572 2817 716 2850 Theaet.
740 2827 775 2860 p.
802 2814 878 2848 168.
903 2813 945 2847 Β.

289 2862 376 2896 idem
410 2873 452 2896 ex
484 2861 587 2896 Coisl.
621 2862 707 2896 Ven.
738 2866 780 2895 A.
814 2864 850 2893 et
885 2859 945 2892 int.

1003 802 1092 825 vers.
1130 792 1172 825 B.
1215 792 1296 825 Par.
1329 792 1468 826 BGFH.
1500 792 1666 834 exhibuit,

1003 848 1071 883 quo
1095 849 1160 871 uno
1185 837 1258 872 loco
1285 838 1488 872 Clarkianus
1511 850 1586 873 cum
1610 850 1667 873 re—

1002 883 1102 926 liquis
1128 894 1155 926 ε,
1183 884 1242 917 sed
1267 884 1338 918 sine
1356 890 1522 927 accentu,
1547 889 1587 918 ut
1603 885 1667 918 <lu-

1002 929 1067 962 biis
1092 929 1125 962 in
1162 929 1341 974 scripturis
1375 931 1481 973 solet,
1513 942 1598 975 prae
1628 943 1667 964 se

1000 975 1081 1008 fert.
1138 975 1268 1009 Nostro
1316 976 1462 1020 denique
1506 975 1581 1010 loco
1622 977 1665 1010 ab

1001 1025 1080 1054 utra
1103 1026 1201 1064 parte
1233 1021 1368 1055 codices
1400 1024 1492 1056 stent
1514 1033 1581 1055 non
1604 1023 1667 1056 ob*

1001 1078 1136 1099 scurum
1178 1071 1240 1100 est.
1311 1067 1500 1101 Praeterea
1548 1068 1666 1112 Symp.

1000 1124 1034 1157 p.
1062 1114 1138 1147 193.
1165 1113 1206 1146 E.
1232 1115 1268 1145 et
1290 1113 1362 1146 Pol.
1388 1125 1421 1158 p.
1441 1115 1519 1149 303.
1541 1113 1581 1147 C.
1607 1112 1666 1158 ἒῤ-

1002 1155 1098 1202 ῥέθη
1123 1158 1300 1192 Bekkerus
1331 1161 1512 1194 secundum
1546 1160 1664 1194 Clark.

1003 1204 1107 1238 Coisl.
1131 1204 1212 1238 Vat.
1238 1205 1309 1239 AL.
1345 1209 1380 1239 et
1411 1206 1472 1240 int.
1504 1218 1593 1240 vers.
1618 1205 1666 1240 N.

1002 1251 1086 1284 Ven.
1111 1250 1150 1284 Β.
1177 1256 1213 1283 et
1235 1251 1295 1285 int.
1319 1262 1409 1285 vers.
1434 1252 1477 1286 Ε.
1502 1252 1601 1286 Vind.
1625 1253 1667 1286 A.

1001 1296 1080 1330 Par.
1106 1296 1181 1330 DK.
1205 1302 1240 1330 et
1264 1297 1325 1330 int.
1349 1308 1437 1331 vers.
1465 1298 1507 1332 Ε.
1524 1299 1609 1342 Ang.
1626 1298 1666 1332 C.

1003 1342 1093 1376 Flor.
1127 1342 1199 1376 AC.
1239 1342 1342 1384 illud,
1390 1344 1453 1377 hoc
1484 1345 1668 1378 secundum

1004 1388 1120 1422 Clark.
1155 1388 1234 1422 vat.
1260 1389 1299 1422 A.
1338 1389 1420 1423 Ven.
1449 1389 1488 1423 C.
1522 1391 1601 1424 Par.
1628 1390 1668 1424 Β.

1001 1435 1065 1467 hoc
1089 1439 1164 1476 est,
1199 1436 1342 1479 optimos
1374 1435 1480 1470 libros
1507 1437 1666 1471 correxit.

1001 1481 1260 1514 Recentioribus
1307 1481 1412 1525 igitur
1458 1487 1494 1515 et
1536 1483 1667 1516 labenti

1003 1526 1197 1560 Graecitati
1220 1527 1442 1571 lelinquenda
1465 1529 1550 1562 haec
1573 1529 1664 1562 indi-

1002 1573 1105 1605 cativi
1134 1573 1265 1614 forma,
1307 1585 1394 1617 quae
1428 1586 1598 1619 nunquam
1624 1575 1668 1608 ad

1001 1618 1150 1663 reliquos
1176 1619 1291 1652 modos
1322 1621 1486 1653 tiansisse
1521 1621 1666 1663 videtur,

1001 1669 1096 1697 certe
1128 1676 1148 1697 a
1178 1665 1321 1698 Platone
1355 1665 1598 1708 abiudicanda‚
1631 1672 1668 1701 et

1001 1722 1020 1743 a
1047 1710 1217 1743 Lobeckio
1241 1711 1515 1754 dissentiendum,
1541 1713 1599 1757 qui
1623 1715 1667 1746 ad

1000 1756 1126 1800 Phryn.
1154 1768 1186 1800 p.
1211 1757 1289 1790 447.
1324 1757 1500 1791 Platonem
1523 1758 1666 1816 popula—

1001 1813 1072 1835 rem
1105 1803 1383 1836 consuetudinem
1420 1809 1572 1838 secutum
1609 1802 1666 1849 ἐῤ-

1003 1844 1099 1891 aian
1123 1848 1248 1881 dixisse
1273 1849 1391 1884 credit.
1434 1850 1668 1895 Corrigendus

1002 1905 1136 1938 quoque
1146 1894 1341 1928 Buttmanni
1362 1896 1509 1930 calculus
1529 1908 1668 1941 gramm.

1002 1939 1047 1972 ΙΙ.
1080 1951 1113 1983 p.
1141 1941 1216 1974 121.
1253 1941 1349 1974 haud
1373 1955 1455 1976 raro
1491 1954 1566 1976 eam
1596 1944 1668 1976 for—

1002 1997 1088 2018 mam
1111 1985 1145 2018 in
1177 1986 1368 2021 melioribus
1398 1988 1548 2022 Platonis
1572 1988 1668 2022 libris

1002 2031 1148 2074 reperiri
1190 2032 1423 2078 perbibentis,
1472 2034 1532 2067 cui·
1567 2034 1669 2067 nimis

1002 2077 1126 2109 tribuit
1159 2077 1352 2112 Sommerus
1387 2080 1424 2112 in
1461 2080 1584 2117 iudicio
1625 2080 1668 2113 de

1003 2122 1271 2156 Stallbaumiana
1312 2125 1514 2158 selectorum
1561 2126 1667 2159 dialo—

1001 2179 1120 2211 gorum
1154 2169 1301 2202 editione
1323 2196 1333 2212 ‚
1377 2171 1516 2205 criticae
1545 2172 1669 2205 biblio-

1001 2215 1122 2248 thecae
1147 2226 1177 2248 a.
1200 2217 1300 2250 1829.
1323 2222 1423 2262 parte
1448 2229 1516 2252 sec.
1535 2230 1570 2264 p.
1587 2219 1665 2253 557.

1047 2300 1176 2349 ὑμεῖς]
1221 2302 1327 2349 ἡμεῖς
1370 2307 1455 2343 Lob.
1494 2308 1592 2343 Vind.
1624 2309 1665 2343 B.
1695 2304 1702 2307 “

1001 2351 1093 2385 Flor.
1119 2352 1191 2385 Ac.
1216 2352 1295 2387 Bas.
1320 2354 1354 2388 b.

1049 2439 1187 2487 ἐσμὸν]
1212 2441 1301 2487 ἐμὸν
1325 2446 1405 2479 Vat.
1429 2446 1471 2480 B.
1497 2445 1594 2480 Vind.
1619 2445 1663 2480 E.
1676 2444 1712 2485 B

1002 2508 1047 2514 -—
1070 2489 1281 2533 Phrynichus
1306 2493 1415 2525 Bekk.
1448 2504 1483 2537 p.
1507 2494 1573 2533 37,
1595 2494 1663 2527 22:

1002 2532 1112 2578 ἐσμὸς
1137 2537 1315 2578 μελισσων
1348 2537 1411 2572 καὶ
1443 2538 1581 2582 σμῆνος
1604 2549 1664 2580 με·

1003 2581 1156 2614 λισσῶν·
1206 2579 1319 2626 ἄμφω
1357 2581 1500 2627 δόκιμα.
1572 2570 1667 2618 Idem

1001 2639 1034 2684 p.
1073 2629 1127 2661 64.
1163 2628 1203 2662 4:
1249 2630 1392 2683 σμῆνος
1433 2642 1495 2663 και
1530 2626 1665 2685 ἐσμός·

1003 2671 1178 2716 ἑκάτερον
1212 2673 1376 2718 δόκιμον.
1413 2677 1548 2720 σμῆνος
1581 2687 1665 2720 αρε-

1002 2719 1078 2753 miv
1109 2720 1206 2754 simili
1229 2723 1429 2768 metaphora
1462 2723 1588 2756 dictum
1612 2726 1667 2755 est

1002 2766 1138 2799 Menon.
1144 2778 1240 2857 pagp
1276 2770 1331 2803 72.
1368 2768 1409 2802 A.
1447 2765 1663 2812 ήδονωνΙι.

1003 2810 1120 2845 VIIII.
1204 2812 1280 2849 574.
1308 2814 1350 2848 D.
1397 2814 1532 2858 σοφίας
1565 2814 1661 2849 Crat.

1003 2869 1038 2903 p.
1063 2857 1141 2891 401.
1144 2823 1209 2894 pli)
