1807 3219
494 94 833 140 CIVITAS
872 92 995 135 LIB.
1027 91 1101 133 VI.
1132 92 1199 130 496

1453 97 1538 138 185

149 206 358 260 ἀναξίους
385 207 675 259 παιδεύσεως,
718 206 827 251 ὅταν
870 204 984 262 αὐτῇ
1013 203 1322 260 πλησιάζοντες
1352 203 1539 262 ὁμιλῶσι

149 275 208 332 μὴ
235 274 333 319 κατ’.
361 273 631 328 ἀξίαν,’ποῖ’
664 275 774 319 ἅττα
804 278 958 331 φῶμεν
986 277 1149 332 γεννᾷν
1187 271 1462 329 διανοήματά
1492 289 1538 317 τε

149 345 224 388 καὶ
264 343 414 397 δόξας,

469 339 536 400 ἆρ’
578 343 660 401 οὐχ
707 361 768 396 ως
805 343 984 400 ἀληθῶς
1025 341 1308 399 προσήκοντα
1347 341 1539 386 α’κοῦσαι

148 414 400 470 σοφίσματα
438 413 513 456 καὶ
557 412 690 458 οὐδὲν
728 411 914 470 γνήσιον
965 410 1070 456 οὐδὲ
1111 409 1373 468 φρονήσεως
1415 410 1541 464 ἄξιον

147 480 362 539 ἀληθινῆς
391 480 620 538 ἐχόμενον;
653 485 888 532 Παντελῶς
921 480 1000 537 μὲν
1029 496 1137 535 ovvj,
1170 479 1270 536 §.qm
1331 479 1540 536 Πάνσμι-

146 567 280 606 κραν
295 548 359 607 δή.
389 551 455 604 τι,
487 550 612 608 ἔφην
649 549 760 607 ἐγω,
813 551 847 593 ὠ
879 546 1162 606 Ἀδείμαντε,
1217 549 1410 592 λείπεται
1449 553 1540 592 τῶν

148 617 250 664 κατ’
281 616 409 671 ἀξίαν
449 617 753 675 ὁμιλούντων·
766 618 1014 675 φιλοσοφίᾳ
1035 650 1048 670 ,
1094 617 1122 673 ἥ
1147 631 1236 660 που
1272 615 1362 661 ὑπὸ
1394 621 1540 674 φυγῆς
1571 631 1607 673 Β

147 688 435 745 καταληφθὲν
460 692 670 744 γενναῖον
699 687 772 732 καὶ
797 689 847 732 εὐ
874 685 1181 744 τεθραμμένον
1208 688 1342 743 ηθος,
1373 683 1541 744 ἀπορίᾳ

147 837 375 883 intelligentia
409 842 514 885 atque
555 839 589 874 ei
632 840 816 874 coniuncta

149 884 219 919 dici
251 886 383 930 possit,
414 885 540 932 quidni
569 889 720 940 utroque
753 898 816 920 no-

150 931 239 965 mine
262 931 360 965 simul
384 933 588 986 appellatam
610 945 631 967 a
649 932 817 977 scriptore

149 979 369 1013 statuamus?
391 978 596 1024 praesertim
613 990 714 1032 quum
736 990 818 1012 con-

150 1023 267 1057 iuncta
289 1023 337 1057 illi
370 1036 448 1059 esse
478 1029 644 1080 nequeat,
674 1024 741 1059 nisi
775 1036 818 1058 ea

152 1069 258 1114 digna
282 1074 346 1104 est.
401 1071 527 1128 Itaque
548 1067 655 1113 ἄξιον
679 1071 818 1116 apposi-

152 1115 254 1150 tionis
275 1116 374 1150 modo
398 1117 443 1151 ad
466 1115 641 1161 ἐχόμενον
662 1119 819 1151 referen-

153 1162 255 1204 dum,
291 1166 330 1196 ut
366 1160 492 1197 τέλεον
525 1164 567 1196 ad
606 1161 816 1219 λελεγμένον

152 1208 263 1243 Polit.
274 1220 316 1264 p.
341 1208 421 1243 280.
447 1209 499 1243 Ε.
515 1205 618 1243 ἀλλ’
643 1207 713 1243 ov'n
741 1208 818 1243 ἔστι

151 1266 212 1288 πω
239 1252 386 1298 τέλεον,
411 1255 440 1289 ω’
463 1256 552 1298 παῖ,
577 1255 693 1289 τοῦτο
725 1257 817 1289 λελε-

152 1299 299 1345 γμένον.
321 1299 418 1335 πολὺ
437 1301 480 1335 ad
495 1281 714 1358 γιγνόμενον
732 1301 818 1345 Leg.

152 1348 196 1381 L.
219 1347 249 1380 I.
281 1358 361 1401 pag.
377 1346 464 1383 633.
495 1349 544 1382 B:
579 1346 623 1382 τὸ
645 1347 729 1402 περὶ
751 1346 820 1387 τὰς

152 1390 390 1450 καρτερήσεις
416 1393 494 1428 τῶν
517 1389 735 1449 ἀλγηδόνων
751 1405 820 1428 πο-

152 1437 196 1474 λῦ
227 1437 315 1483 παρ’
337 1436 429 1483 ἡμῖν
456 1438 686 1484 γιγνόμενον.
714 1444 750 1474 et
773 1440 822 1474 si-

151 1485 247 1520 milia
269 1486 360 1519 haud
393 1498 499 1528 rara,
531 1487 718 1532 eademque
741 1487 823 1521 bre-

151 1532 260 1566 vitate
292 1532 420 1567 Latine
452 1532 568 1567 dicere
597 1533 702 1566 liceat
723 1534 822 1574 nihil,

153 1579 246 1623 quod
278 1590 364 1613 vera
398 1580 548 1626 dignum
585 1575 825 1625 intelligentia

152 1625 301 1661 nitatur.

201 1668 469 1715 Πανσμικρον]
517 1671 574 1706 Ita
619 1671 700 1706 Par.
747 1671 824 1706 AD.

153 1716 266 1751 Vind.
279 1717 320 1752 Β.
333 1717 439 1752 Μοιι.
462 1718 503 1751 Β.
529 1718 608 1751 Vat.
631 1718 710 1751 ΒΜ.
738 1717 824 1752 Ven.

155 1763 209 1798 C.-
231 1763 324 1798 Flor.
348 1764 394 1798 U.
443 1764 521 1797 πᾶν
549 1762 724 1819 σμικρὸν.
735 1763 821 1799 Lob.

155 1809 238 1844 Par.
260 1810 306 1844 K.
322 1809 441 1844 vind.
467 1810 506 1843 F.
539 1808 641 1844 πάνυ
662 1806 822 1858 σμικρόν

155 1855 280 1901 reliqui
321 1856 479 1898 codices,
527 1856 603 1890 Ald.
650 1854 732 1891 Bas.
766 1858 821 1892 ab.

156 1902 279 1947 Steph.
303 1902 379 1936 Ast.
425 1903 584 1936 Formam
608 1912 629 1936 a
662 1903 822 1937 Bekkero

157 1953 334 1993 receptam
357 1948 412 1982 bis
435 1952 475 1982 ut
496 1949 705 1982 Platonicam
730 1961 823 1983 com-

156 1998 321 2029 memorat
353 1994 477 2029 Pollux
508 1995 550 2029 L.
573 1995 659 2031 1111.
685 1997 762 2030 163.
787 1999 823 2029 et

157 2041 200 2075 L.
221 2041 280 2074 VI.
307 2041 386 2077 163.
432 2041 565 2075 Eadem
597 2042 737 2086 vulgata
770 2045 824 2075 est

145 2087 244 2140 Jaeg.
267 2086 310 2121 L.
328 2086 382 2122 X.
409 2098 443 2131 p.
460 2088 542 2123 903.
557 2087 598 2122 C.
623 2092 659 2121 et
676 2088 823 2123 Theaet.

158 2144 239 2186 pag.
275 2133 354 2168 174.
388 2133 432 2167 Ε.
463 2138 534 2188 pro
558 2145 661 2168 πανυ
689 2131 823 2178 σμικρὰ

158 2178 277 2224 optimi
305 2179 440 2213 codices
479 2177 692 2224 πάνσμικρα
726 2180 825 2214 exhi-

157 2225 255 2305 bffint,
282 2225 372 2270 quod
389 2225 569 2260 Bekkerus
588 2227 707 2260 merito
723 2238 827 2271 prae-

158 2276 176 2305 t
212 2270 239 2304 it

208 2314 304 2361 ἔφην
320 2313 411 2362 ἐγώ]
436 2314 508 2363 ε’φη
530 2310 595 2375 ἦν
599 2314 637 2351 δ’
657 2314 728 2362 ἐγώ
747 2318 828 2354 Par.

160 2363 203 2397 A
238 2364 316 2399 Vat.
349 2364 395 2399 H.
430 2363 532 2408 ήνὸ
578 2360 827 2419 ἐγωῩειι.Β.

161 2409 267 2445 Vind.
295 2410 339 2443 Ε.
388 2410 590 2452 Bekkerus,
608 2410 749 2445 .Astius
793 2411 829 2445 in

161 2457 244 2489 tert.
279 2460 317 2489 et
349 2436 611 2491 Stallbaumius.
651 2457 739 2491 Illud
763 2469 830 2491 non

161 2501 391 2544 inusitatum,
420 2502 485 2546 (cf.
506 2514 541 2547 p.
566 2503 645 2537 507.
668 2503 710 2538 A.
734 2503 774 2536 L.
799 2504 828 2538 I.

162 2559 199 2594 p.
221 2549 310 2589 337.
336 2548 379 2582 E.
412 2548 493 2583 341.
515 2549 561 2583 D.
592 2549 659 2584 111.
682 2551 762 2584 399.
786 2552 828 2585 A.

165 2594 320 2628 413..
355 2594 441 2628 ιιιι
476 2595 556 2630 435.
592 2595 636 2629 Ε.
684 2596 764 2631 436.
787 2596 828 2631 Β.

163 2640 244 2675 437.
302 2641 414 2675 ,438
438 2640 480 2674 D.
505 2641 585 2676 439.
605 2641 665 2691 o.)
692 2643 753 2676 sed
774 2646 829 2676 ta-

163 2697 240 2720 men
259 2666 439 2731 aliquanto
463 2688 595 2729 rarius,
629 2699 737 2732 quam
753 2688 829 2730 hoc,

165 2731 264 2766 citius
287 2732 324 2765 in
349 2733 412 2766 hoc
437 2733 607 2778 corrumpi
626 2745 647 2767 a
667 2733 829 2777 librariis,

166 2788 267 2822 quam
289 2778 409 2823 effingi
434 2790 476 2813 ex
499 2790 540 2813 eo
564 2778 685 2825 potuit.

860 2723 862 2726 ,
885 2689 1086 2732 superstites
1113 2687 1337 2730 dicerentur,

916 837 1107 883 λείπεται]
1143 849 1209 873 om.
1245 837 1329 871 Ven.
1363 838 1406 873 B.
1439 848 1461 872 a
1493 848 1539 871 m.

872 896 999 1033 ΡΕΥΙΞΞαέ
1029 927 1164 976 ἀξίαν]
1213 929 1395 973 καταξίαν
1442 930 1543 964 Vind.

878 1028 881 1031 “
919 1019 944 1067 ἤ
964 1023 1063 1079 πον]
1087 1018 1113 1068 ἤ
1133 1033 1209 1057 που
1228 1034 1302 1056 cum
1322 1021 1542 1055 circumflexo
1567 1013 1604 1055 Β

873 1081 979 1125 super
1012 1065 1037 1113 ἤ
1076 1070 1165 1104 Lob.
1209 1065 1233 1113 ἢ
1264 1069 1342 1103 ποῦ’
1374 1068 1475 1103 Vind.
1499 1068 1541 1102 F.

873 1111 993 1172 ἥπου
998 1116 1075 1150 Ald.
1099 1116 1226 1171 steph.
1246 1116 1320 1149 Ast.

874 1159 998 1245 Εὑπὸ
1025 1162 1166 1207 φυγῆς]
1202 1158 1406 1206 υποφυγῆς
1442 1160 1543 1199 vind.

915 1251 1134 1298 καταληφθὲ
1138 1251 1432 1298 ν]καταλειφθεν
1442 1253 1544 1288 Vind.

874 1302 951 1336 EF.
985 1301 1078 1334 Mon.
1112 1302 1154 1336 B.
1190 1303 1278 1344 Ang.
1314 1301 1356 1333 B.
1395 1300 1474 1338 Vat.
1498 1300 1545 1335 H.

875 1348 972 1381 Flor.
1004 1347 1213 1380 ACRTUV.
1249 1346 1368 1380 Astius
1403 1346 1438 1379 in
1474 1357 1545 1381 see.

877 1397 913 1427 et
946 1393 1189 1426 Stallbaumius
1220 1392 1255 1426 in
1297 1404 1351 1437 pr.
1386 1392 1440 1427 ed.
1488 1393 1547 1438 qui

878 1441 986 1474 otium
1023 1441 1071 1474 ad
1109 1440 1367 1484 philosophiam
1404 1439 1546 1483 (exilio)

879 1487 1126 1520 nanciscuntur
1157 1485 1232 1519 Fic.
1281 1485 1321 1518 In
1345 1497 1413 1518 sec.
1439 1485 1547 1518 Stall-

881 1531 1036 1566 baumius
1067 1529 1312 1575 καταληφθὲν
1336 1531 1488 1564 restituit
1512 1534 1547 1565 et

881 1579 1065 1612 secundum
1089 1578 1130 1611 C.
1154 1578 1214 1612 Fr.
1239 1578 1469 1611 Herinannum
1493 1578 1547 1611 in-

881 1629 1096 1669 terpretatur
1121 1626 1163 1658 ab
1182 1625 1300 1658 exsilio
1320 1625 1548 1668 deprehensos

881 1682 942 1705 seu
966 1670 1090 1716 quibus
1115 1670 1272 1704 exsilium
1296 1670 1439 1709 accidit,
1476 1682 1545 1714 quo

880 1728 982 1751 sensu
1020 1714 1193 1761 ξυμφορὰ
1229 1716 1364 1750 dicatur
1402 1716 1548 1761 aliquem

880 1762 1124 1818 καταλαβεῖν.
1175 1763 1240 1796 Cui
1270 1762 1574 1807 interpretationi,

879 1821 946 1843 ιιοιι
971 1811 1078 1844 solum
1101 1805 1177 1843 υπὸ
1209 1809 1370 1853 φυγῆς,
1384 1820 1448 1853 pro
1480 1817 1549 1853 quo

879 1856 981 1902 φυγῇ
1011 1856 1202 1900 ponendum
1229 1861 1328 1897 erat,
1350 1855 1419 1889 sed
1443 1854 1550 1898 etiam

878 1903 944 1936 hoc
977 1903 1114 1944 obstat,
1154 1902 1245 1947 quod
1285 1901 1426 1935 huiusce
1450 1894 1549 1939 modi

878 1948 954 1983 viro
999 1948 1154 1982 exsilium
1189 1949 1327 1982 minime
1372 1947 1549 1981 calamito-

878 2006 975 2036 sum,
1007 1994 1068 2028 sed
1102 1998 1328 2039 opportunum
1363 1993 1476 2038 potius
1512 1997 1549 2027 et

879 2020 1030 2075 faust’um
1059 2040 1168 2075 videri
1202 2041 1315 2074 debet.
1377 2039 1549 2084 Equidem

880 2084 1182 2133 καταλαμβάνειν
1227 2079 1345 2121 eadem
1375 2085 1548 2141 significa-

880 2134 996 2174 tione,
1031 2146 1101 2186 qua
1128 2134 1243 2187 paullo
1278 2136 1358 2179 post
1382 2130 1549 2176 κατέχειν

880 2180 1007 2214 dictum
1031 2179 1163 2225 accipio
1184 2184 1220 2213 et
1238 2192 1302 2224 per
1319 2180 1474 2213 exsilium
1493 2190 1551 2212 re-

884 2232 998 2262 tentos
1019 2225 1183 2271 intelligo,
1203 2226 1273 2271 qui,
1298 2226 1326 2260 si
1348 2225 1384 2258 in
1409 2224 1551 2258 civitate

884 2272 1109 2314 mansissent,
1143 2273 1233 2306 haud
1266 2272 1368 2306 dubie
1401 2271 1551 2316 philoso-

885 2319 1001 2364 phiam
1025 2319 1270 2361 deseruissent,
1295 2322 1331 2352 et
1355 2328 1551 2361 oxymorum

884 2366 950 2400 hoc
996 2365 1144 2399 arbitror
1191 2345 1299 2399 simile
1342 2364 1391 2397 illi
1409 2389 1420 2406 ‚
1460 2363 1552 2409 quod

885 2423 919 2457 p.
945 2410 1024 2446 485.
1048 2411 1092 2445 Ε.
1117 2411 1244 2446 notavi.
1290 2411 1462 2444 Ceterum
1485 2421 1550 2443 κα-

884 2454 1108 2501 ταλειφθεν,
1145 2458 1236 2503 quod
1269 2457 1370 2490 etiam
1394 2456 1550 2490 Heusdio

885 2504 1057 2549 placuisse
1087 2504 1235 2538 Geerius
1268 2503 1311 2536 de
1341 2503 1438 2548 polit.
1461 2503 1551 2536 Plat.

884 2562 919 2604 p.
944 2551 999 2584 68.
1024 2550 1154 2592 refert,
1185 2561 1252 2583 non
1276 2549 1416 2590 damno,
1449 2548 1550 2583 modo

885 2594 929 2629 n'e
952 2593 1029 2630 ’ὑπὸ
1056 2607 1131 2629 cum
1165 2596 1222 2629 illo
1258 2595 1293 2629 in
1328 2591 1404 2629 οἷπό
1440 2597 1551 2628 mute-

886 2646 963 2684 tur,
987 2652 1054 2696 qua
1077 2641 1264 2675 mutatione
1280 2642 1376 2675 facta
1399 2653 1439 2675 ex
1451 2643 1553 2695 fuga

1382 2698 1484 2732 quum
1514 2687 1553 2729 ii,

885 2734 1008 2787 quibus
1041 2733 1198 2768 exsilium
1219 2733 1418 2768 retinendae
1440 2733 1549 2788 philo-

885 2779 1027 2826 sophiae
1061 2791 1216 2815 caussam
1258 2779 1433 2822 attulerit‚
1471 2775 1549 2813 υπὸ
