1807 3219
254 147 340 187 35⁰

701 137 1200 183 PLATONIS

255 255 513 311 τρίβοντας,
541 252 651 296 ὅταν
678 252 727 297 δὲ
754 253 803 296 τό
834 254 964 309 μέρος
991 251 1102 308 ἥκῃ,
1142 249 1255 303 πρὸς
1286 254 1528 302 πολιτικοῖς
1556 251 1647 295 ἐπι-

254 316 646 375 ταλαιπωροῦντας
675 321 747 364 καὶ
779 321 992 377 ἄρχοντας
1022 319 1232 369 ἑκάστους
1261 322 1337 374 τῆς
1365 318 1531 371 πόλεως
1555 319 1646 363 ἔνε-

255 407 336 443 κα,
379 388 460 445 οὐχ
491 387 549 441 ὥς
586 389 723 434 καλόν
752 406 814 441 τι,
855 388 950 433 ἄλλ’
984 387 1043 440 ὥς
1085 385 1329 442 ἀναγκαῖον
1358 387 1646 443 πράττοντας,

256 459 333 503 καὶ
361 457 504 509 οὕτως
533 457 695 508 ἄλλους
725 455 792 501 ἀεὶ
811 470 813 472 ·
833 456 1154 509 παιδεύσαντας
1182 456 1440 510 τοιούτους,
1473 455 1649 501 ἀντικα-

256 525 521 578 ταλιπόντας
557 531 633 582 τῆς
664 526 830 577 πόλεως
857 524 1087 581 φύλακας,
1134 528 1194 577 εἰς
1239 525 1452 582 μακάρων
1486 525 1649 581 νήσους

260 594 473 645 ἀπιόντας
505 595 665 638 οἰκεῖν·
695 599 882 651 μνημεῖα
913 592 954 637 δ’
987 592 1136 645 αὐτοῖς
1166 597 1239 639 καὶ
1268 596 1428 645 θυσίας
1455 592 1536 650 τὴν
1567 592 1651 638 πόᾼ

260 667 330 707 λιν
361 664 550 721 δημοσία
578 669 723 706 ποιεῖν
744 698 754 717 ,
802 663 877 706 ἐὰν
906 663 981 706 καὶ
1017 661 1044 719 ἡ
1078 664 1233 706 Πυθία
1272 665 1516 719 ξυναναιρῇ
1538 694 1549 714 ,
1590 661 1649 713 ὡς

259 733 491 787 δαίμοσιν,
524 733 562 775 εἰ
580 731 625 774 δὲ
646 732 729 788 μὴ,
761 730 820 782 ὦς
850 729 1080 786 εὐδαίμοσί
1109 746 1154 774 τε
1183 732 1257 774 καὶ
1286 733 1436 782 θείοις.
1470 731 1649 787 Παγκά-

259 804 393 852 λους,
427 800 532 856 ἔφη,
566 798 669 851 τοὺς
701 798 941 855 ἄρχοντας,
976 792 1014 842 οῗ
1035 797 1293 853 Σώκρατες,
1325 799 1466 854 ὥσπερ
1498 797 1648 854 άνδρι-

260 867 526 943 αντοποιὸς,
548 866 820 924 άπείργασαι.
852 868 941 911 Καὶ
969 868 1046 918 τοὶς
1077 866 1294 924 ἀρχούσας
1315 885 1376 925 γε,
1406 863 1462 924 ἦν
1481 866 1517 912 δ’
1541 866 1639 924 ἐγώ,
1650 878 1715 913 491

261 1029 372 1074 μενος
391 1016 444 1057 εἴς
463 1028 504 1051 τε
522 1013 592 1052 τὸν
607 1013 775 1051 εἰωθότα
787 1003 930 1074 δρόμον

261 1063 332 1099 τὸν
351 1062 488 1098 εαυτοῦ
501 1060 930 1109 κατακοσμούμενοςῇει.

263 1123 339 1145 cum
363 1111 448 1154 Leg.
482 1110 523 1143 L.
548 1110 629 1144 1111.
668 1122 748 1155 pag.
773 1112 850 1145 718.
882 1111 931 1143 Β·

265 1153 339 1192 ὅσα
357 1168 395 1190 τε
415 1153 540 1198 ξενικοὶ
552 1154 658 1211 πρὸς
691 1156 796 1190 θεῶν
816 1157 932 1211 θερα·

263 1201 445 1246 πεύματα
456 1202 519 1236 καὶ
541 1199 688 1245 ὁμιλίας
708 1200 932 1259 ξυμπάντων

261 1248 409 1291 τούτων
431 1246 691 1283 ἀποτελοῦντα
704 1247 772 1283 τὸν
794 1246 931 1283 ἑαυτοῦ

264 1296 349 1341 βίον
368 1292 675 1339 φαιδρυνάμενον
695 1293 791 1329 κατὰ
810 1293 931 1338 νόμον

262 1345 413 1385 κοσμεῖν
435 1342 502 1376 δεῖ.

309 1386 347 1422 ἐν
374 1386 477 1432 μέρει
502 1384 706 1432 εκάστους]
731 1393 766 1422 et
791 1388 934 1433 singula

261 1436 416 1470 vicissim
436 1435 514 1468 Fic.

307 1477 407 1526 ἥκῃ]
422 1475 516 1524 ἥκοι
540 1480 625 1514 Lob.
648 1480 724 1513 Ald.
747 1480 828 1512 Bas.
853 1479 908 1513 ab.

307 1524 554 1569 τοιούτους,]
602 1527 691 1560 Ante
738 1526 934 1558 Bekkerum

262 1585 392 1608 comma
415 1585 482 1607 non
508 1572 576 1615 hic,
600 1573 661 1606 sed
681 1575 761 1618 post
777 1569 933 1606 παιδεύ·

263 1630 401 1659 σαντας
425 1622 513 1653 erat.

308 1661 686 1759 ἕῖἶῖἓῖζῗέηέοσῗί
700 1663 801 1744 ³333:
825 1662 867 1696 F

208 1760 241 1803 C
311 1748 541 1803 ξυναναιρῇ]
576 1757 750 1800 ξυναιρῆι
781 1756 860 1789 Par.
889 1755 935 1789 Α.

267 1804 633 1841 Vat.H.F101·.AC.
668 1801 823 1846 ξυναίρη
848 1801 936 1835 Lob.

266 1851 368 1886 Vind.
393 1851 434 1885 F.
461 1851 540 1884 vat.
552 1850 633 1884 ΒΜ.
658 1850 744 1883 Ven.
760 1849 801 1882 C.
826 1848 936 1890 ξυνα-

267 1898 355 1942 νερῆ
391 1897 491 1932 Vind.
518 1897 559 1930 E.
608 1895 777 1929 Aristides
807 1895 852 1928 T.
887 1894 935 1927 II.

268 1957 303 1990 p.
319 1946 371 1979 12.
385 1943 487 1976 Dind.
499 1939 590 1976 ἀλλὰ
611 1940 674 1975 καὶ
695 1941 806 1980 οὗτος
818 1937 937 1984 (Πλά-

268 1991 362 2046 των)
388 1986 493 2031 οἷξιοῖ
509 1985 588 2043 τήν
601 1988 755 2022 Πυθίαν
781 1985 937 2033 ερωτᾷν,

271 2033 420 2071 ὁπόταν
434 2032 678 2078 πολιτεύηται
697 2033 760 2069 καὶ
775 2035 938 2077 νομοθε-

270 2083 337 2129 τῇ,
381 2080 444 2116 καὶ
476 2080 561 2116 τότε
593 2079 684 2125 φησὶ
719 2081 798 2114 δεῖν
828 2080 934 2122 (δεῖν

302 2139 363 2173 ησι
388 2128 762 2171 cod.Barocc.136.)
800 2128 936 2169 ποιεῖν,

270 2141 339 2210 {dcv
358 2173 422 2209 καὶ
444 2170 468 2218 ἡ
490 2174 623 2208 Πυθία
641 2172 938 2218 συναναιρῇ,(ἰῖε.

271 2221 345 2256 cod.
372 2221 537 2255 Laurent.
560 2223 641 2254 tert.
668 2222 703 2252 et
727 2220 837 2253 Oxon.
874 2228 936 2252 συ-

269 2267 408 2312 νανερῇ
449 2266 759 2311 Οοί51.συναιρῇ
791 2266 936 2299 Barocc.

272 2315 491 2357 συναναιρεῖ
522 2312 575 2346 ed.
611 2313 713 2346 Cant.
750 2315 785 2345 et
815 2311 935 2355 Iebb.)

270 2358 458 2412 πρότερον
482 2356 522 2392 δε
542 2354 586 2392 ού
604 2356 754 2402 θαῤῥεῖ.
788 2359 939 2392 Thomas

269 2407 366 2464 Mag.
390 2406 427 2439 in
455 2401 599 2438 οἷνεῖλεν
625 2417 657 2449 p.
684 2406 749 2439 67.
778 2401 939 2437 Πλάτων

270 2450 311 2487 έν
340 2464 413 2486 τινι
444 2463 521 2484 των
555 2450 777 2484 Πολιτειῶν·
814 2450 940 2504 (haee

270 2504 419 2544 quatuor
444 2510 508 2531 om.
531 2497 605 2531 cod.
626 2498 757 2552 Oxou.)
778 2493 864 2530 τότε
883 2496 944 2529 δεῖ

270 2547 416 2588 ποιεῖν,
444 2541 511 2577 εὰν
537 2541 600 2577 καὶ
623 2539 646 2586 ἡ
672 2543 803 2576 Πυθία
830 2552 939 2576 συνα-

272 2590 398 2637 ναιρῇ.
421 2601 510 2635 quae
533 2601 599 2622 non
623 2601 667 2623 ex
689 2591 784 2623 fonte
804 2589 940 2630 hausta,

273 2637 337 2672 sed
383 2648 426 2670 ex
468 2635 619 2669 Aristide
666 2635 826 2669 derivata
866 2645 942 2668 esse

275 2682 464 2730 praemissa
487 2683 594 2715 veiba
624 2679 710 2716 τότε
732 2682 791 2715 δεῖ
818 2683 942 2714 ποιεῖν

276 2732 436 2774 arguunt.
483 2728 636 2761 Indidem
660 2729 766 2770 haec,
802 2732 841 2760 ut
863 2727 944 2768 alia,

278 2776 435 2810 derivata
465 2775 570 2808 habet
600 2774 730 2808 lexicon
776 2774 819 2807 ab·
851 2773 944 2806 Her-

279 2833 400 2857 manno
417 2820 694 2866 ed1tun1p.344.
719 2816 885 2864 αναιριό·
898 2815 944 2854 vo*

986 1014 1168 1060 μαντεύω.
1185 1029 1348 1074 ωςπαρα
1363 1015 1547 1051 Πλάτωνι·
1566 1015 1652 1051 τότε

988 1064 1048 1097 δεῖ
1064 1065 1199 1107 ποιεῖν,
1226 1062 1294 1097 ἐὰν
1318 1063 1380 1098 καὶ
1398 1061 1419 1108 ἡ
1443 1065 1575 1099 Πυθοῖ
1592 1074 1652 1097 συ-

987 1110 1159 1155 ναναιρῇ.
1184 1111 1349 1144 Azistides
1374 1116 1486 1144 autom
1502 1113 1653 1143 nostrum

989 1157 1098 1190 locum
1120 1158 1246 1201 potius,
1272 1169 1374 1203 quani
1398 1157 1537 1190 similem
1557 1157 1597 1190 L.
1611 1156 1652 1190 V.

989 1212 1024 1248 p:
1049 1205 1129 1239 461.
1154 1203 1206 1236 E:
1240 1199 1428 1258 άδελφους
1459 1200 1499 1237 δὲ
1530 1199 1655 1236 nalo}-

991 1247 1130 1305 δελφάς
1153 1247 1263 1283 δεόσει
1284 1246 1303 1283 ὁ
1325 1247 1441 1291 νόμος
1461 1251 1655 1292 συνοικεῖν,

991 1292 1057 1329 ἑοὶν
1091 1292 1125 1330 ὁ
1149 1296 1294 1342 κλῆρος
1309 1293 1428 1340 ταύτῃ
1458 1293 1657 1341 ξυμπίπτη,

991 1341 1054 1376 καὶ
1077 1338 1100 1386 ἠ
1126 1342 1258 1375 Πυθια
1277 1342 1520 1387 προσαναιρῇ.
1539 1344 1658 1387 respo-'z

990 1389 1082 1422 xisse
1106 1399 1148 1422 ex
1173 1400 1281 1432 eoque
1300 1389 1406 1421 etiam
1430 1377 1509 1421 illu‘d
1535 1390 1658 1421 ποιεῖν

991 1435 1134 1480 petiisse
1156 1435 1311 1476 videtur,
1350 1435 1393 1468 ad
1423 1434 1513 1479 quod
1537 1434 1659 1478 utique

992 1482 1052 1515 δεῖ
1074 1492 1117 1514 ex
1139 1480 1357 1522 verbalibus,
1383 1490 1472 1525 quae
1495 1485 1657 1525 praeces]-

992 1530 1130 1568 ser‚unt
1156 1527 1422 1560 subaudiendum
1447 1530 1510 1559 est.

1038 1570 1284 1628 Παγκάλους]
1315 1570 1567 1627 παγκάλλους
1572 1572 1657 1605 Lob.

1039 1616 1162 1663 ω’σπερ
1186 1615 1512 1663 ἀνδριαντοποιὸς]
1535 1614 1659 1661 ὥσπερ

993 1690 1132 1700 .......
1156 1665 1236 1698 Vat.
1261 1666 1301 1699 B.
1328 1668 1364 1698 et
1386 1665 1472 1698 Lob.
1499 1665 1594 1698 cuius
1625 1664 1660 1697 in

991 1712 1144 1768 margine
1168 1712 1332 1760 scriptum
1357 1714 1410 1745 est
1441 1708 1484 1745 τὸ
1517 1713 1657 1768 λεῖπον,

994 1756 1221 1802 ἀνδριάντας
1258 1761 1361 1801 οἶμαι
1401 1754 1496 1791 εἶναι
1526 1754 1657 1791 εθέλει.

993 1805 1192 1839 coniectura
1209 1805 1357 1837 fortasse
1370 1803 1462 1837 exL.
1474 1803 1521 1837 II.
1533 1816 1567 1848 p.
1577 1805 1656 1838 361-

992 1845 1335 1904 D.‹1ucta.cfm⁷z÷0
1359 1847 1587 1893 ἀνδριάντας
1606 1846 1658 1883 οῖ-

992 1909 1060 1941 μαι
1087 1898 1166 1932 vat.
1176 1896 1226 1930 M.
1252 1892 1376 1939 ω’σπερ
1395 1894 1553 1935 τοποιὸς
1571 1896 1658 1930 ven.

995 1944 1035 1977 C.
1063 1955 1114 1982 ως
1134 1941 1396 1997 περιττοποιὸς
1413 1943 1507 1977 Mon.
1517 1943 1558 1976 B.
1580 1942 1659 1976 Par.

993 1990 1071 2024 ΒΚ.
1097 1989 1188 2023 Flor.
1210 1990 1254 2023 U.
1287 1985 1409 2033 ὥσπερ
1432 1985 1660 2032 ἀνδριάντας

994 2032 1148 2074 τοποιὸς
1180 2036 1266 2070 Ven.
1299 2036 1340 2068 B.
1411 2035 1505 2069 Ecce
1538 2034 1658 2076 lineas,

993 2083 1116 2128 quibus
1163 2081 1281 2115 horum
1327 2080 1478 2115 codicum
1517 2084 1660 2115 stemma

994 2129 1197 2163 continetur.

1039 2171 1272 2218 οἷπείργασαι.
1296 2172 1397 2218 Καὶ]
1424 2169 1658 2218 οἷπείργασαι,

992 2220 1056 2256 καὶ
1078 2221 1154 2255 Ald.

1040 2267 1101 2310 γε]
1131 2279 1196 2300 om.
1222 2266 1316 2300 Mon.
1340 2266 1382 2299 C.

1041 2310 1245 2355 Γλαύκων]
1270 2310 1415 2356 ’γλαύκω
1440 2311 1541 2345 idem.

995 2359 1097 2440 Πτι]
1122 2370 1182 2393 τοι
1206 2358 1306 2393 Vind.
1326 2359 1369 2392 Ε.
1395 2358 1487 2392 Mon.
1499 2359 1540 2391 B.
1566 2356 1663 2391 Flor.

1044 2449 1153 2494 οἴου]
1182 2449 1253 2484 οἴει
1276 2450 1378 2484 Vind.
1403 2450 1446 2482 F.
1473 2451 1561 2493 Ang.
1585 2449 1626 2482 B.

1044 2495 1247 2541 εἰρηκέναι]
1273 2496 1340 2541 εἰρ.
1360 2507 1404 2540 με
1428 2496 1507 2530 Par.
1524 2496 1569 2529 Κ.
1595 2506 1663 2529 sec.

1000 2545 1041 2580 Bi

1042 2555 1249 2633 ξυναικων]
1282 2586 1345 2622 καὶ
1377 2599 1455 2632 γυν.
1495 2587 1595 2621 Vind.
1619 2586 1662 2620 F.

998 2636 1086 2680 Ang.
1111 2636 1152 2670 B.
1177 2635 1269 2668 Flor.
1291 2635 1336 2668 T.

1046 2678 1196 2739 αὐτων]
1218 2678 1331 2714 αὗται
1354 2679 1441 2714 Lob.
1466 2679 1545 2714 vat.
1565 2677 1615 2712 M.

1001 2773 1030 2807 F
1046 2723 1664 2818 ‘'133232‘3223‘322]ffiwssvzizfissz‘ss.

1000 2819 1142 2855 Scilicet
1197 2825 1296 2855 natas
1350 2829 1427 2854 esse
1482 2818 1665 2864 oportebat
