1807 3219
18 781 27 794 Ι
93 760 293 810 θρωπος.
317 753 508 799 ἔσεσθαι.

428 161 771 206 CIVITAS
817 162 940 206 LIB.
965 163 1059 206 VH.
1090 169 1159 203 522

40 281 42 283 ’
90 272 282 320 κοιὶ·”τοῦ
317 272 656 331 Ἀγαμέμνονος,
699 272 759 327 οἷς
803 275 968 324 ἔοικεν,

1362 163 1364 165 ’
1389 166 1472 206 281

1018 273 1118 320 οὐδ’
1160 274 1296 327 ὅσους
1334 274 1477 328 πόδας

92 342 204 399 εἶχεν
233 341 422 396 εἰδότος,
453 345 572 399 εἴπερ
602 342 806 399 ἀριθμεῖν
838 342 897 400 μή
919 341 1153 400 ἦπίστατος
1182 345 1324 388 καίτοι
1345 342 1480 388 ποῖόν

89 409 168 456 τιν’
190 410 327 471 αὐτὸν
347 413 430 455 οἴει
455 411 697 468 στρατηγὸν
714 409 849 462 &fuam
867 409 1058 456 ’Ἀτοπόν
1075 408 1167 464 τιν’,
1200 411 1299 469 ἔφη,
1330 412 1479 468 frome,-

91 482 129 525 εἰ
157 474 218 538 ἦν
243 478 361 525 τοῦτ’
391 479 565 537 ἀληθές.

614 478 741 524 ’Άλλο
770 497 811 524 τι
841 474 946 532 οὖν,
985 475 1042 537 ἦν
1072 477 1121 523 δ’
1152 480 1261 537 ἐγώ,
1292 478 1479 538 μα’θῂμοι
1509 489 1545 530 Ε

91 547 335 604 ἀναγκαῖον
372 553 594 606 πολεμικῷ
634 547 764 602 ἀνδρὶ
799 547 997 605 θήσομεν
1036 548 1110 592 καὶ
1156 550 1401 604 λογίζεσθαί
1439 565 1485 593 τε

91 617 166 662 καὶ
199 615 410 673 ἀριθμεῖν
437 616 684 667 δύνασθαις
734 615 924 659 Πάντων
951 614 1002 672 γ’,
1045 616 1151 673 ἔφη,
1197 617 1407 673 μάλιστα,
1449 620 1487 661 εἰ

92 687 168 732 καὶ
199 685 351 745 ὁτιοῦν
383 685 528 742 μέλλει
557 685 721 738 τάξεων
751 685 942 737 ἐπαΐειν,
971 689 1139 743 μᾶλλον
1169 684 1214 728 δ’
1237 687 1274 729 εἰ
1302 686 1375 729 καὶ
1406 683 1486 730 ἄν·-

563 753 755 805 Ἐννοεῖς
792 748 900 804 οὖν,
941 751 1094 804 εἶπον,
1132 753 1234 808 περὶ
1272 758 1406 797 τοῦτο
1436 754 1485 797 τὸ

93 820 279 880 μάθημα
310 821 418 881 ὅπερ
449 822 532 880 ἐγώ
543 842 559 878 3
595 821 657 867 Τὰ
687 826 842 872 ποῖονς
872 821 1137 866 Κινδυνεύει
1156 826 1246 866 τῶν
1273 822 1386 877 πρὸς
1403 821 1486 879 τήν

96 994 299 1039 Aeschylum
327 996 459 1041 pariter
483 1000 587 1042 atque
618 997 764 1053 Euripi-

97 1041 175 1075 dem
197 1045 230 1076 in
253 1053 316 1076 sua
341 1043 519 1077 Palamede
542 1044 695 1088 posuisse
721 1055 764 1077 ex

98 1099 213 1122 earum
237 1089 440 1132 fragmentis
461 1090 512 1134 (p.
527 1092 605 1125 114.
619 1091 762 1124 Schutz.

98 1146 133 1180 p.
158 1136 237 1168 246.
263 1134 411 1179 Matth.)
436 1143 590 1181 apparet.
639 1137 764 1180 Neque

98 1180 322 1224 Sophoclem,
357 1182 412 1226 qui
437 1186 474 1215 et
508 1182 582 1227 ipse
605 1182 665 1216 Pal
669 1194 762 1215 ame-

98 1226 164 1260 den
198 1226 355 1260 docuisse
388 1228 518 1270 fertur,
550 1229 589 1262 in
623 1229 764 1262 diversa

99 1272 223 1307 abiisse
259 1273 480 1315 crediderim,
528 1280 631 1319 quum
663 1274 761 1308 Plato

63 1381 67 1383 -
98 1299 765 1421 {Zissffiilssqu{vmviffffssffassssissig

101 1407 296 1455 ἑκάστοτε,
321 1411 501 1446 ridiculum
524 1413 600 1447 fieri
617 1413 766 1457 Agame-

100 1468 256 1492 mnonem
299 1457 411 1492 dicat·
461 1459 504 1492 de
544 1459 616 1493 eius
653 1462 766 1493 tamen

100 1503 273 1549 Nauplio,
308 1516 407 1549 quam
433 1505 766 1539 Schleiermacherus

100 1549 158 1584 hic
189 1549 416 1594 significatam
462 1562 538 1585 esse
572 1562 635 1597 pro
673 1555 768 1585 certo

101 1595 220 1641 ponit,
251 1602 438 1641 propterea
461 1609 528 1631 non
554 1598 771 1641 cogitandum

102 1642 238 1676 videtur
273 1643 396 1687 quod
386 1655 461 1688 1pse
473 1643 672 1678 Palamedes
695 1644 771 1678 nul-

104 1688 155 1722 las
178 1687 216 1722 in
260 1699 281 1722 a
301 1693 421 1744 partes
448 1690 608 1726 habebat.

151 1734 203 1780 τῷ
234 1733 504 1781 στρατοπέδῳ]
551 1738 631 1782 post
659 1748 774 1771 κοιτα-

106 1768 240 1825 στῆσαι
261 1781 374 1815 Theo.
405 1782 457 1828 τῷ
484 1794 548 1817 om.
571 1783 659 1826 Ang.
683 1784 725 1816 Β.

152 1827 396 1884 καταστῆσαι]
423 1829 603 1882 καστῆσαι
626 1829 719 1863 Μοιι.
730 1830 773 1864 C.

152 1869 269 1930 Ἰλίῳ]
310 1869 402 1931 ἡλίῳ
435 1873 526 1908 idem
558 1879 594 1909 et
628 1875 707 1911 vat.
730 1876 773 1910 Β.

110 1918 191 1953 ἰλίω
209 1918 272 1953 καὶ
290 1917 408 1953 τᾶλλα
426 1918 552 1956 πάντα
573 1922 660 1978 Ang.
687 1922 727 1955 B.

154 1964 219 2000 καὶ
261 1962 511 2012 ἐξαριθμῆσαι
539 1987 589 1993 -
630 1965 774 2012 ὄντων]

109 2023 176 2047 om.
202 2011 298 2046 Mon.
323 2013 366 2047 C.

155 2050 285 2103 τᾶλλα]
311 2056 427 2093 τᾶλλα
446 2059 545 2096 viad.
553 2060 600 2096 F.
624 2056 658 2095 τ’
680 2055 774 2094 ἄλλα

109 2104 213 2141 Vind.
237 2104 280 2146 Ε.
303 2101 420 2139 τᾶλλα
444 2106 546 2142 Vind.
557 2108 600 2143 B.
627 2106 776 2141 MomB-

56 2194 61 2198 ¹
112 2151 248 2205 (Flor.)
271 2151 398 2207 steph.
421 2151 497 2186 Ast.

156 2193 318 2253 πάντες]
343 2195 492 2240 πάντας
515 2198 636 2244 Steph.

158 2240 231 2286 πρὸ
263 2243 363 2288 τοῦ]
413 2245 556 2288 προτοῦ
603 2244 698 2280 Μοιι.
733 2245 776 2280 Β.

113 2288 248 2333 (Flor.)
287 2290 386 2324 Theo
420 2291 524 2326 Geld.
568 2303 642 2325 cum
676 2295 778 2336 parte

113 2335 285 2377 codicum,
309 2336 431 2393 Steph.
454 2338 529 2371 Ast.
553 2348 608 2382 pr.

162 2378 300 2437 εὀικεν]
330 2380 426 2416 εὀικε
448 2383 550 2416 Vind.
575 2383 620 2416 Ε.

162 2423 246 2461 ουδ’
257 2425 530 2484 ——vffm'owctffl
559 2425 680 2463 οὐδὲ
665 2424 779 2470 (ι’σονς

116 2468 190 2517 εἶχε
214 2471 336 2513 πόδας
355 2472 512 2518 εἰδότος,
538 2474 611 2519 είγε
630 2474 679 2520 μὴ
693 2473 778 2520 η’πί-

116 2528 230 2554 στατο
250 2516 427 2564 ἀριθμεῖν
449 2522 558 2556 Theo.

117 2578 269 2647 Μτιν
223 2563 270 2626 ']N
289 2577 374 2601 τινα
404 2567 490 2602 Lob.
517 2570 553 2602 et
586 2570 666 2602 ante
690 2579 779 2602 corr.

157 2624 199 2646 on
241 2614 281 2646 (J.

165 2657 237 2692 οἴει
259 2656 465 2713 στρατηγὸν
483 2655 599 2704 εἶναι]
628 2668 781 2704 στρατη-

117 2702 185 2748 γὸν
207 2704 279 2738 οἴει
293 2703 486 2749 γεγονέναι
507 2705 603 2739 Flor.
627 2706 672 2740 T.

164 2747 244 2794 τιν’,
269 2749 379 2796 ε’φη]
390 2762 475 2785 τινα
498 2751 591 2785 Μοιι.
616 2751 657 2785 C.

159 2776 259 2831 ’Άλλο
275 2809 312 2831 τι
330 2797 423 2843 ουν]
450 2794 525 2831 ἀλλ’
546 2793 678 2840 ὁτιονν
696 2799 783 2832 Lob.

125 2838 224 2876 αλλ’
227 2855 289 2878 οτι
313 2843 384 2878 οὐν
420 2843 519 2878 Vind.
545 2844 588 2878 Ε.
622 2848 658 2879 et
690 2856 711 2879 a
740 2857 782 2880 m.

819 1007 872 1050 ps.
897 996 992 1030 Mon.
1003 997 1042 1032 Β.
1069 996 1205 1041 (manus
1229 994 1376 1029 secunda
1401 1006 1421 1029 ο
1443 1006 1485 1028 ex

822 1039 848 1076 δ’
870 1043 984 1101 fecit.)

864 1088 913 1133 ήν
934 1086 965 1123 δ’
959 1085 1079 1168 Μέγω]
1113 1092 1193 1135 post
1215 1085 1377 1132 μάθημα
1400 1087 1487 1122 Lob.
1515 1090 1547 1130 E

820 1135 900 1170 Vat.

866 1136 1099 1225 οἷνιῗγκαῖον]
1126 1192 1191 1214 om.
1215 1179 1328 1214 iidem.

864 1226 928 1262 καὶ
961 1226 1196 1272 λογίζεσθαί]
1244 1227 1300 1260 Ita
1332 1228 1411 1261 Par.
1445 1227 1488 1259 A.

820 1273 920 1309 Vind.
945 1275 988 1308 Ε.
1014 1276 1094 1309 Wat
1119 1273 1164 1306 H.
1197 1272 1292 1306 Flor.
1318 1274 1424 1308 ACV.
1461 1268 1486 1317 ἢ

820 1318 865 1354 τὸ
885 1322 959 1364 λογ.
985 1320 1077 1353 Μοιι.
1104 1320 1145 1354 C.
1170 1319 1270 1352 Vind.
1281 1319 1322 1353 Β,
1346 1320 1489 1363 μᾶλλον

822 1367 897 1410 λογ.
924 1367 1004 1400 Vat.
1029 1366 1077 1400 M.
1102 1377 1154 1409 μα’
1138 1361 1286 1409 ἷλλονῆ
1307 1367 1381 1410 loy.
1406 1365 1490 1400 editi

822 1418 903 1446 ante
934 1412 1130 1446 Bekkeium
1169 1416 1225 1453 et,
1272 1415 1312 1444 ut
1342 1413 1490 1453 videtur,

823 1459 908 1492 V.en
943 1459 985 1493 C.
1018 1469 1039 1492 a
1071 1470 1114 1492 m.
1148 1469 1175 1491 5.
1212 1457 1266 1490 cui
1306 1460 1494 1493 Glauconis

827 1516 1045 1560 responsum
1037 1508 1158 1549 aperte
1169 1509 1351 1561 repugnat.
1375 1505 1493 1538 Astius

827 1552 862 1586 in
887 1563 956 1584 sec.
982 1548 1025 1585 τὸ
1051 1561 1115 1595 pio
1139 1546 1316 1603 μᾶλλρνῆ
1342 1551 1494 1584 scriben-

827 1598 906 1631 dum
936 1596 1266 1642 511spicabat1w‚in
1296 1597 1422 1638 tertia,
1456 1599 1494 1629 ut

828 1643 1095 1684 Stallbaumius,
1120 1647 1258 1676 secutus
1282 1649 1336 1676 est
1354 1644 1496 1677 Bekke-

828 1701 903 1724 rum
931 1700 1007 1723 cum
1039 1689 1166 1723 ceteris
1195 1689 1366 1723 codicibus
1390 1691 1495 1734 (Ven.

831 1737 872 1770 C.
899 1748 919 1769 a
942 1748 985 1769 ιιι.
1010 1735 1080 1780 pr.)
1112 1735 1253 1779 μαλλον
1277 1731 1298 1779 ἢ
1333 1736 1497 1793 simplici—
1560 1731 1565 1733 ⁴

829 1787 885 1816 ter
909 1782 1130 1816 omittentem.
1178 1781 1262 1814 Mihi
1287 1781 1373 1828 καὶ,
1406 1782 1497 1827 quod

832 1829 939 1862 codex
971 1827 1117 1872 optimus
1149 1827 1272 1884 habet,
1314 1830 1497 1873 genuinum

831 1880 868 1909 et
890 1886 932 1908 ex
952 1885 992 1907 eo
1009 1873 1152 1918 primum
1165 1869 1203 1917 ἢ,
1227 1874 1261 1907 ἰιι
1283 1875 1374 1919 quod
1392 1886 1497 1931 saepe

832 1924 1028 1965 corruptum
1051 1924 1125 1957 est,
1150 1925 1221 1953 tum
1245 1921 1385 1963 μᾶλλον
1409 1917 1435 1964 ἢ
1462 1923 1498 1955 et

830 1967 963 2012 reliqua
993 1966 1143 2000 varietas
1180 1966 1343 2011 originem
1373 1967 1500 2001 ducere

833 2013 980 2048 videtur.
1027 2012 1085 2052 Et
1124 2012 1266 2047 aliarum
1306 2025 1417 2047 rerum
1462 2016 1500 2047 et

832 2058 1066 2094 arithmetices
1088 2059 1234 2104 peritum
1258 2059 1498 2105 imperatorem

832 2118 909 2142 esse
933 2105 1044 2139 decet.
1098 2129 1101 2132 Δ

879 2148 1081 2194 δυνασθοιι]
1106 2148 1300 2198 δυναμένῳ
1322 2152 1403 2187 Par.
1419 2151 1497 2188 DK.

833 2199 950 2255 (-νω
974 2209 1043 2231 sec.
1067 2197 1164 2242 Bip.)

879 2257 900 2289 γ
900 2242 932 2288 ’]
957 2255 998 2288 ’γε
1021 2243 1121 2279 Vind.
1145 2243 1188 2277 F.

880 2289 1068 2335 μάλιστα]
1106 2301 1143 2334 μ.
1171 2290 1286 2324 τοῦτο
1328 2290 1421 2324 Μοιι.
1455 2292 1498 2326 C.

833 2337 936 2374 Vind.
960 2337 1002 2371 B.
1050 2336 1091 2369 Id
1115 2339 1194 2381 post
1216 2336 1299 2370 illud
1324 2332 1348 2381 ἢ
1369 2334 1413 2371 τὸ
1435 2338 1501 2371 uti-

834 2396 901 2429 que
925 2382 1156 2417 necessarium
1179 2386 1277 2424 erat,
1298 2383 1397 2417 Astio
1418 2396 1502 2418 vero

834 2433 870 2464 in
894 2442 962 2464 sec.
986 2434 1124 2473 praeter
1141 2430 1380 2463 necessitatem
1398 2430 1503 2464 etiam

835 2476 947 2511 deleto
970 2473 993 2519 ἢ
1020 2475 1249 2519 recipiendum
1275 2476 1465 2510 videbatur.

884 2519 916 2558 δ’
939 2521 993 2567 εἰ]
1023 2521 1082 2555 δεῖ
1103 2522 1204 2557 Vind.
1226 2522 1267 2554 F.
1301 2520 1342 2555 δὲ
1361 2522 1395 2556 εἰ
1416 2523 1503 2556 Lob.

839 2568 874 2603 εἰ
895 2569 997 2602 Vind.
1022 2568 1096 2601 BE.
1132 2568 1226 2602 Mon.
1255 2567 1295 2601 C.
1322 2569 1400 2604 Par.
1424 2569 1504 2604 DK-

837 2618 917 2651 vat.
942 2615 986 2649 H.
1010 2614 1106 2647 Flor.
1130 2614 1234 2650 ACV.

840 2684 843 2688 -
884 2659 1066 2704 Ἐννοεῖς]
1092 2657 1211 2699 ἐνοεῖς
1234 2660 1328 2694 Μοιι.
1354 2660 1396 2696 C.

886 2703 1013 2751 εἶπον]
1041 2719 1106 2740 om.
1130 2706 1216 2740 Lob.
1242 2707 1335 2740 Mon
1358 2707 1400 2740 B.
1426 2708 1504 2743 Vat.

839 2753 918 2788 ΒΜ.
939 2754 1025 2789 Ven.
1050 2753 1090 2786 C.
1114 2753 1195 2786 Par.
1219 2753 1298 2787 DK.
1320 2753 1416 2788 Flor.
1435 2753 1480 2787 U

887 2795 1163 2834 Κινδυνεύει-
1182 2795 1326 2834 οὐσίαν.
1351 2800 1430 2834 523.
1448 2800 1504 2842 Α.]

842 2845 938 2881 Haec
961 2846 1061 2881 Theo
1084 2845 1107 2880 l
1129 2857 1160 2880 c„
1182 2845 1417 2892 superioribus
1439 2844 1505 2879 inis
