1807 3219
238 699 790 759 PRAEFATIO
833 703 1321 763 EDITORIS.

74 938 182 1011 Ad
203 971 341 1012 critica
361 969 538 1010 subsidia
551 999 563 1018 ‚
589 970 732 1021 quibus
754 971 795 1010 in
812 971 944 1023 primo
965 971 1166 1012 volumine
1190 975 1469 1016 concinnando

74 1064 172 1091 usus
198 1065 314 1105 sum,
350 1053 392 1091 in
410 1051 493 1091 hoc
524 1051 702 1090 secundo
737 1052 829 1091 nou*
857 1064 934 1091 nec
963 1051 1057 1091 dum
1078 1066 1100 1092 a
1123 1066 1324 1105 quoquam
1344 1069 1467 1096 occu·

72 1133 157 1184 pati
178 1132 277 1171 nihil
304 1133 499 1179 accessit,
538 1132 612 1171 sed
632 1133 808 1172 virorum
833 1133 1135 1181 excellentium,
1174 1136 1240 1185 qui
1270 1137 1329 1176 rei
1358 1138 1466 1178 litte-

71 1214 199 1253 rariae
229 1213 471 1252 Bomssicae
504 1216 545 1251 et
574 1213 788 1253 Bavaricae
819 1214 980 1265 publice
1008 1219 1227 1266 praesunt,
1264 1216 1466 1258 beneficio

72 1293 267 1347 contigit,
313 1297 358 1332 ut
394 1293 558 1333 codices
594 1292 867 1334 Monacenses
907 1295 1009 1334 duos
1050 1308 1071 1334 a
1112 1295 1298 1336 Bekkero
1337 1301 1378 1336 et
1420 1299 1468 1339 ab

69 1373 186 1414 Astio
216 1375 389 1426 primum
424 1374 625 1414 adhibitos
666 1375 765 1414 mihi
807 1376 887 1426 ipsi
925 1375 1058 1414 denuo
1093 1376 1283 1416 conferre
1313 1377 1467 1419 liceret.

68 1453 186 1493 Unus
216 1458 282 1493 est
309 1455 419 1495 idem
453 1454 523 1495 ille
555 1455 819 1496 Monacensis
848 1455 900 1494 B.
937 1456 1049 1494 cuius
1080 1456 1395 1509 descriptionem
1425 1461 1467 1501 in

69 1532 325 1588 praefatione
353 1536 566 1576 voluminis
595 1538 713 1588 primi
740 1551 780 1589 p.
802 1539 970 1573 XXXHI.
1002 1536 1117 1586 dedi,
1160 1537 1357 1579 lectiones
1391 1554 1466 1593 per

67 1617 203 1669 ipsum
227 1617 415 1658 volumen
460 1618 682 1658 secundum
719 1618 948 1657 Bekkerum
981 1617 1155 1659 exhibui.
1230 1619 1306 1659 Cui
1343 1635 1464 1673 quum

67 1701 220 1738 tantum
247 1698 456 1738 tribuisset
480 1699 690 1738 Bekkerus
708 1729 720 1752 ‚
762 1702 806 1737 ut
838 1698 945 1738 haud
984 1710 1075 1737 raro
1109 1712 1232 1739 unum
1277 1703 1463 1743 o1m1ibus

67 1780 317 1835 praeferret,
368 1779 652 1819 existimandus
685 1779 839 1819 scilicet
882 1782 969 1818 erat
1003 1792 1122 1830 quam
1161 1783 1463 1824 accuratissime

69 1872 163 1900 eum
183 1860 428 1908 contulisse,
460 1864 571 1900 certe
592 1860 692 1900 nihil
712 1860 765 1899 de
788 1871 940 1912 genere
966 1872 1128 1908 eorum,
1167 1874 1268 1913 quae
1292 1876 1341 1902 ex
1373 1864 1460 1904 aliis

49 1932 275 1981 'afferenda
304 1944 519 1993 putasset,
561 1942 603 1983 in
637 1940 719 1980 hoc
761 1941 964 1980 inventum
1005 1940 1165 1980 silentio
1199 1945 1458 1994 praeterisse.

65 2016 218 2061 Verum
252 2024 321 2061 res
360 2021 475 2060 aliter
499 2021 634 2061 habet.
706 2021 826 2060 Haud
856 2021 1009 2060 maiore
1041 2022 1100 2061 vir
1132 2021 1388 2063 doctissimus
1416 2026 1459 2066 in

63 2099 304 2151 Monacensi
324 2096 370 2140 B.
393 2114 512 2153 quam
530 2103 573 2142 in
589 2100 895 2143 Vindobonensi
927 2101 1130 2154 diligentia
1163 2107 1344 2143 versatus
1374 2117 1458 2145 non

63 2181 198 2222 solum
231 2182 544 2235 orthographica
573 2196 649 2236 pro
693 2183 864 2222 instituti
896 2184 1053 2222 ratione
1084 2184 1127 2222 in
1155 2185 1369 2236 prooemio
1404 2185 1455 2225 ad

64 2264 360 2302 commentaria
397 2265 542 2303 critica
577 2278 618 2317 p.
637 2267 683 2304 X.
714 2264 987 2304 demonstrata
1020 2265 1186 2312 omisit,
1234 2264 1307 2304 sed
1336 2266 1456 2306 etiam

63 2339 139 2381 alia
158 2324 294 2394 paullo
314 2322 497 2395 graviora
521 2346 720 2398 neglexit,
756 2345 831 2385 alia
853 2344 916 2384 vel
936 2345 1041 2385 falsa
1062 2345 1193 2386 attulit
1211 2345 1274 2385 vel
1299 2359 1452 2389 manca.

62 2420 244 2472 Quorum
277 2425 453 2464 omnium
479 2438 579 2478 ego,
626 2439 708 2466 non
744 2439 825 2477 quo
853 2427 1024 2466 totidem
1054 2427 1454 2480 praetermissionum

58 2484 174 2542 reum
200 2516 363 2556 agerem
382 2504 631 2556 Bekkerum,
668 2507 741 2547 sed
765 2507 873 2558 quod
896 2509 1037 2548 notitia
1070 2507 1222 2548 codicis
1245 2506 1354 2546 haud
1375 2507 1449 2546 du·

57 2581 260 2623 bievalde
291 2587 560 2627 memorabilis
590 2600 670 2640 quo
693 2588 853 2641 plenior
885 2602 934 2629 eo
966 2590 1117 2641 gratior
1144 2588 1363 2649 lectoribus
1382 2588 1450 2627 fu-

56 2665 145 2702 tura
165 2663 372 2705 videbatur
382 2692 403 2715 <2
430 2668 603 2708 indicem
628 2668 678 2707 ad
709 2672 879 2720 quatuor
905 2669 1030 2708 libros
1051 2670 1210 2721 priores
1239 2670 1446 2720 pertinen-

54 2745 139 2782 tem
169 2742 238 2783 hic
272 2749 458 2799 apposui.
528 2748 592 2788 Ex
614 2747 735 2788 huius
768 2752 902 2789 autem
932 2749 1144 2790 voluminis
1176 2748 1287 2786 libris
1319 2747 1446 2786 tribus

56 2834 104 2863 ea
126 2826 335 2877 excerpsi,
371 2838 475 2879 quae
503 2830 545 2869 in
564 2827 803 2871 Monacensi
831 2834 873 2871 et
893 2831 935 2871 in
959 2828 1264 2872 vindobonensi
1282 2827 1328 2867 Β.
1348 2839 1441 2880 per-

1103 2915 1125 2939 *
1145 2919 1167 2953 Ξ
