1807 3219
499 138 838 181 CIVITAS
886 138 1194 183 L1B.V1.5o9
1366 182 1368 184 ,
1459 141 1545 181 233

156 257 257 297 λιον
286 252 349 296 ἔτι
376 248 550 295 τούτων
580 249 828 308 ἡγούμενος
858 251 966 296 αὐτὸ
1000 250 1151 306 ὀρθῶς
1167 249 1334 308 ἡγήσῃ·
1366 248 1548 306 ἐπιστή-

158 337 246 378 μην
274 320 322 364 δὲ
350 319 425 363 καὶ
455 317 687 375 ἀλήθειαν,
719 319 867 376 ὥσπερ
897 322 987 365 ἐκεῖ
1014 323 1111 377 φῶς
1140 336 1185 363 τε
1205 319 1280 364 καὶ
1299 317 1404 370 ὄψιν
1426 317 1547 374 ήλιο-
1571 330 1642 365 509

160 392 256 447 ειδῆ
284 388 364 446 μὲν
392 388 582 444 νομίζειν
612 385 778 443 ὀρθόν,
811 388 939 445 ἥλιον
971 388 1017 432 δὲ
1056 387 1260 445 ἡγεῖσθαι
1289 386 1372 431 οὐκ
1403 386 1553 442 ὀρθῶς

162 458 268 515 ἔχει,
312 456 430 502 οὕτω
460 457 535 500 καὶ
565 456 760 501 ἐνταῦθα
791 455 1035 514 ἀγαθοειδῆ
1073 456 1152 513 μὲν
1192 457 1389 512 νομίζειν
1434 453 1554 499 ταῦτ’

162 525 392 584 ἀμφότερα
420 523 585 582 ὀρθόν,
629 524 803 582 οἷγαθόν
845 526 892 571 δὲ
921 523 1125 583 ἡγεῖσθαι
1154 521 1371 579 ὁπότερον
1403 522 1555 567 αὐτῶν

162 594 245 640 οὐκ
277 593 443 650 ὀρθόν,
475 593 574 638 ἀλλ’
606 593 668 638 ἔτι
696 593 905 651 μειζόνως
933 591 1136 651 τιμητέον
1165 592 1245 649 τὴν
1274 595 1356 636 τοῦ
1378 590 1557 648 ἀγαθοῦ

162 664 263 717 ἕξιν.
318 661 560 719 Ἀμήχανον
589 662 773 716 κάλλος,
804 663 911 720 ἔφη,
943 663 1108 717 λέγεις,
1138 663 1175 705 εἰ
1204 659 1446 718 ἐπιστήμην
1476 661 1557 717 μὲν

161 733 238 777 καὶ
266 729 710 795 ἀλήθειαν-παρέχει,
743 728 855 775 αὐτὸ
885 727 927 775 δ’
959 728 1071 785 ὑπὲρ
1090 733 1228 773 ταῦτα
1248 728 1395 773 κάλλει
1414 728 1556 773 ἐστίν·

165 800 221 845 οὐ
249 799 334 856 γοέρ
379 799 432 856 δή
469 816 561 844 που
599 801 655 845 σύ
691 817 739 857 γε
777 797 945 856 ἡδονὴν
986 797 1094 842 αὐτὸ
1126 796 1273 855 λέγεις.

1332 796 1557 854 Εὐφήμει,

173 864 190 884 ῗ
280 867 292 884 ἲ
328 868 339 883 7
391 867 425 894 ζ.
483 866 494 882 9
555 866 567 884 2
618 864 636 883 ’ἶ
757 873 774 880 ’ν
951 867 960 881 Ἰ
1047 868 1059 883 9
1103 866 1113 880 Ι
1251 866 1261 880 7
1326 870 1343 878 ⁶¹
1377 866 1396 882 77
1469 867 1481 881 7

162 886 218 926 ην
247 871 272 913 δ
322 885 406 924 εγω
468 873 549 913 αλλ
601 871 686 913 ωδε
715 873 882 926 μαλλον
910 884 992 924 την
1022 883 1173 911 εικονα
1203 883 1343 910 αυτου
1373 883 1435 910 ετι
1464 881 1559 910 επι-

163 935 329 982 σκόπει.
391 941 520 990 Πῶςς

587 937 677 982 Τόν
714 937 846 994 ἥλιον
886 941 980 987 τοῖς
1022 933 1266 991 ὁρωμένοις
1309 933 1363 979 οὔ
1400 934 1555 991 μόνον,
1586 940 1623 982 Β

165 1004 312 1064 οἶμαι,
342 1005 422 1063 τήν
451 1009 532 1051 τοῦ
568 1003 764 1062 ὁρᾶσθαι
794 1004 986 1063 δύναμιν
1009 1003 1215 1061 παρέχειν
1235 1002 1414 1061 φήσεις,
1446 1003 1556 1049 ἀλλὰ

164 1157 286 1201 Asffio,
296 1157 404 1192 cuius
427 1161 463 1192 et
484 1159 593 1204 ipsius
616 1158 833 1192 coniecturae

164 1207 357 1258 repugnat,
381 1204 417 1238 in
440 1216 481 1248 γε
503 1205 698 1242 mutandam
721 1207 831 1255 putat,

165 1250 388 1296 posteriorem
410 1250 478 1285 iam
501 1251 697 1296 Stephanus
720 1262 754 1295 p.
773 1250 829 1285 24.

166 1300 227 1332 aut
260 1297 519 1342 expungendam
554 1300 615 1330 aut
648 1297 762 1342 potius
787 1296 831 1330 ad

165 1342 309 1388 aliquid,
334 1343 425 1388 quod
449 1346 528 1388 post
555 1341 619 1378 διὰ
637 1343 708 1377 νοῦ
738 1343 830 1375 exci-

165 1389 276 1432 derit,
320 1401 409 1434 quae
439 1392 542 1424 etiam
575 1389 697 1424 Geerii
728 1389 829 1422 diatr.

166 1448 201 1482 p.
216 1437 274 1471 82.
299 1435 411 1481 opinio
436 1438 509 1478 est,
535 1435 751 1469 referendam
775 1446 832 1468 ar-

165 1482 332 1524 bitratur,
363 1482 606 1516 Stallbamnius
637 1481 752 1516 autem
774 1493 834 1514 ne-

166 1529 237 1563 scio
261 1540 328 1574 quo
350 1529 451 1562 modo
475 1528 710 1573 explicandam
734 1530 834 1561 autu-

167 1577 250 1610 mat.
296 1574 466 1620 Equidem
489 1586 564 1608 cum
587 1575 747 1608 Bekkero
771 1585 834 1618 pio

169 1618 232 1655 διὰ
251 1621 347 1664 νοῦ,
371 1633 460 1666 quae
483 1620 586 1656 Vind.
604 1621 656 1655 Ε.
681 1622 768 1655 Ven.
794 1621 833 1654 B.

169 1669 249 1703 vat.
274 1668 319 1701 H.
352 1667 439 1711 Ang.
465 1667 505 1700 B.
538 1667 632 1701 Flor.
659 1667 833 1701 ACRTV.

168 1714 356 1759 eademque
380 1680 491 1747 Figcini
516 1713 700 1756 (scientiae
717 1718 752 1747 et
776 1724 835 1746 ve-

168 1761 306 1802 ritatis,
330 1772 418 1805 quae
437 1771 502 1804 per
521 1761 732 1794 intellectum
752 1771 835 1804 pcr-

171 1808 319 1852 cipitur,
346 1807 520 1850 caussam)
541 1806 643 1839 lectio
668 1809 733 1847 est,
749 1805 834 1838 scri·

170 1853 318 1886 bendmn
334 1852 451 1898 putavi
464 1852 638 1895 διανοοῦ,
653 1852 744 1896 quod
754 1851 834 1885 Par.

170 1899 337 1934 A.Vind.
360 1899 403 1932 F.
439 1902 595 1934 etam.
628 1909 656 1931 s.
688 1899 768 1933 Vat.
792 1898 834 1930 B.

170 1945 353 1987 exhibent,
385 1956 407 1978 a
431 1956 497 1990 quo
523 1943 587 1979 διὰ
604 1941 719 1987 νόον,
745 1943 836 1988 quod

170 1992 205 2026 in
228 1991 316 2027 Lob.
349 1991 453 2024 Vind.
486 1992 528 2024 Β.
564 1991 658 2025 Mon.
683 1991 724 2023 B.
756 1990 837 2023 Par.

170 2038 250 2073 DK.
274 2050 343 2072 sec.
368 2038 479 2071 Bekk.
502 2038 599 2071 Flor.
613 2037 658 2070 U.
684 2037 766 2073 Vat.
785 2036 835 2069 M.

172 2088 209 2119 et
241 2096 263 2118 a
293 2096 338 2118 m.
368 2095 422 2128 pr.
456 2085 498 2118 B.
529 2084 677 2129 legitur,
717 2094 838 2127 parum

172 2133 234 2166 aut
256 2131 339 2164 nihil
360 2130 497 2173 differt,
524 2133 628 2175 atque
646 2130 735 2163 hanc
758 2139 839 2162 sen-

172 2176 316 2210 tentiam
339 2177 382 2210 de
412 2177 501 2210 bono
532 2176 697 2211 scientiae
720 2178 756 2208 et
778 2186 840 2208 ve-

172 2222 288 2257 ritatis
353 2226 528 2267 tamquam
582 2221 842 2275 cognoscendae

174 2280 295 2303 caussa
318 2269 461 2314 primum
483 2268 589 2302 veluti
615 2267 842 2302 continuatio-

174 2327 252 2349 nem
275 2317 311 2348 et
334 2315 594 2359 explicationem
616 2313 754 2358 prioris,
772 2324 841 2358 qua

175 2361 420 2405 cognoscendis
461 2360 664 2402 veritatem,
714 2371 841 2403 cogno-

174 2408 283 2441 scenti
306 2407 506 2440 facultatem
538 2409 611 2439 eius
641 2405 692 2439 rei
714 2406 841 2461 imper-

174 2452 243 2487 tire
266 2454 477 2487 declaratum
501 2455 594 2494 erat,
621 2463 684 2496 per
712 2449 752 2485 δὲ
781 2452 841 2485 ad-

172 2499 308 2540 iectam,
333 2499 454 2533 deinde
477 2510 558 2532 vero
589 2501 629 2532 ut
651 2497 843 2543 oppositam

176 2545 356 2590 sequenti,
381 2556 470 2590 quae
495 2544 605 2589 ipsum
629 2544 802 2578 diversum
821 2556 843 2577 a

175 2592 319 2626 scientia
350 2594 385 2626 et
413 2590 565 2625 veritate
597 2602 638 2624 ac
672 2589 845 2646 pulchlius

176 2642 325 2683 utraque
349 2637 537 2683 praedicat,
561 2648 624 2690 per
646 2648 712 2680 μεν
737 2648 843 2680 sugui-

177 2685 316 2718 ficatam
341 2686 478 2726 statuo3
526 2683 622 2716 cuius
656 2682 846 2727 particulae

179 2742 284 2775 quum
307 2729 466 2775 proprius
498 2729 592 2762 locus
615 2732 696 2773 post
720 2728 845 2763 αιτίαν

179 2779 289 2821 esset,
314 2779 353 2810 ut
377 2775 536 2810 διανοοῦ
563 2773 602 2808 δε
628 2773 754 2809 αἰτίαν
779 2773 846 2819 μὲν

181 2821 299 2856 oziam
334 2826 399 2856 etc.
431 2821 534 2856 scribi
572 2821 732 2864 deberet,
766 2835 846 2857 con-

890 1157 1062 1191 cinnitatis
1079 1156 1203 1201 gratia,
1227 1155 1386 1210 quoniam
1405 1156 1440 1189 in
1456 1167 1557 1210 prae-

889 1204 1023 1237 cedenti
1039 1204 1209 1237 sententia
1225 1202 1450 1248 imperativus
1464 1200 1558 1246 (φοί-

888 1251 951 1294 θι)
978 1253 1056 1295 post
1079 1250 1249 1284 obiectum
1281 1249 1466 1283 collocatus
1493 1253 1560 1292 est,

888 1296 944 1329 hic
969 1308 1104 1341 quoque
1137 1295 1305 1329 obiectum
1337 1294 1432 1329 initio
1465 1295 1560 1340 posi-

888 1346 959 1376 tum
993 1343 1093 1398 eique
1129 1339 1170 1376 δὲ
1215 1342 1376 1395 copulans
1418 1341 1560 1375 subiun-

888 1394 1001 1430 ctmn,
1034 1386 1075 1431 μὲ
1070 1401 1100 1422 ν
1135 1391 1248 1422 autem
1282 1387 1400 1421 finitae
1436 1387 1562 1421 obiecti

891 1434 1111 1490 descriptioni
1145 1434 1297 1468 additum
1331 1438 1395 1467 est.
1420 1453 1466 1458 —
1489 1434 1560 1468 Pro

892 1478 934 1514 δ’
959 1480 995 1513 in
1033 1481 1134 1515 Vind.
1159 1481 1203 1515 F.
1238 1479 1298 1523 δὲ,
1346 1491 1408 1525 pro
1433 1492 1561 1524 γιγνω-

892 1523 1072 1581 σκομένης
1104 1527 1138 1560 in
1172 1527 1273 1562 Vind.
1297 1527 1342 1561 E.
1375 1536 1561 1570 γιγνοσκο-

891 1570 1027 1617 μένης,
1069 1574 1102 1606 in
1125 1573 1223 1607 Flor.
1248 1573 1292 1606 U.
1319 1571 1560 1628 γιγνωσκομέ-

891 1631 981 1699 ivm),
1006 1619 1041 1653 iu
1069 1620 1165 1654 Mon.
1189 1620 1234 1653 Β.
1258 1616 1563 1663 γιγνωσκομένων

905 1666 1029 1720 egitur

938 1707 1078 1757 ἡγήσῃ]
1115 1709 1243 1756 ἡγήσει
1275 1713 1363 1757 Ang.
1392 1713 1434 1747 B.
1466 1712 1561 1746 Flor.

892 1759 935 1792 R
961 1764 998 1791 et
1022 1771 1038 1791 ι
1042 1760 1244 1792 ecentiores.

940 1801 1165 1849 ἐπιστήμην]
1198 1803 1262 1839 καὶ
1281 1801 1337 1839 ἐπ.
1362 1804 1462 1840 Vind.
1488 1804 1566 1840 EF.

892 1851 1262 1894 Ang.B.Flo1-.AC.

942 1896 1037 1953 ἐκεῖ]
1063 1910 1128 1932 om.
1151 1898 1229 1932 Fic.
1556 1908 1559 1911 ·

940 1942 1029 1999 μὲν]
1057 1956 1121 1977 om.
1148 1945 1230 1978 Vat.
1256 1944 1303 1979 H.
1586 1948 1655 1984 509

942 1987 1007 2034 δὲ]
1052 1987 1093 2023 δ’
1135 1990 1238 2023 Vind.
1271 1990 1346 2024 EF.
1395 1990 1481 2035 Aug.
1520 1991 1562 2025 B.

896 2038 976 2073 Vat.
999 2037 1046 2071 H.
1069 2037 1167 2070 Flor.
1188 2037 1330 2073 ACTV.

895 2079 1168 2164 Βὺἰῦτὲι]σί)αὶ
1204 2079 1304 2118 οὕτω
1352 2082 1440 2117 Lob.
1484 2083 1564 2119 vat.

970 2156 978 2164 .
1042 2140 1091 2163 aS.
1140 2156 1148 2164 .

943 2172 1084 2230 ταῦτ’]
1109 2176 1233 2210 ταῦτα
1254 2176 1356 2211 Vind.
1381 2176 1453 2211 BF.

943 2219 1135 2266 μειζόνως]
1162 2222 1218 2256 Cf.
1243 2223 1319 2258 Vol.
1335 2223 1362 2258 I.
1386 2234 1420 2268 p.
1433 2223 1515 2265 344,
1533 2235 1565 2257 a.

898 2269 1085 2323 augustior
1103 2269 1192 2303 enim
1205 2274 1256 2303 est
1274 2270 1382 2313 ipsius
1398 2271 1477 2304 boni
1491 2282 1568 2304 ma·-

897 2316 1014 2349 iestas.
1036 2311 1141 2358 (ἀλλ’
1159 2334 1206 2340 —
1224 2312 1329 2360 ἕξιν.)
1354 2315 1428 2349 Fic.

946 2360 1046 2394 εἰ-
1069 2359 1210 2405 λέγεις]
1243 2374 1309 2396 οηι.
1344 2362 1433 2396 Lob.
1466 2362 1568 2400 Vind.

898 2407 939 2442 B.
964 2407 1046 2442 Vat.
1070 2407 1151 2441 ΒΜ.

945 2449 1012 2497 δ’]
1039 2451 1078 2487 δὲ
1105 2454 1207 2488 Vind.
1232 2454 1275 2488 F.

944 2497 1069 2534 κάλλει
1100 2497 1220 2543 ἐστίν]
1256 2497 1382 2533 κάλλει
1409 2499 1445 2534 εἰ
1474 2497 1572 2535 ἔστιν

899 2546 999 2581 idem.
1047 2544 1243 2580 κάλλιστον
1277 2546 1375 2580 F101.
1406 2547 1485 2582 RT.
1531 2548 1573 2581 In

901 2593 984 2627 Vat.
1009 2593 1053 2627 H.
1078 2605 1101 2636 η
1126 2604 1242 2637 super
1255 2603 1286 2625 ει
1311 2593 1487 2638 scriptum.

949 2635 1152 2683 Ενφήμει]
1198 2638 1263 2682 εὖ,
1309 2650 1330 2672 a
1362 2651 1406 2674 ιιι.
1446 2650 1473 2673 s.
1510 2634 1573 2683 ον’,

903 2685 998 2738 φημὶ
1022 2685 1123 2719 Vind.
1148 2685 1188 2720 F.

950 2728 1032 2766 ἀλλ’
1064 2725 1138 2765 ώδε
1171 2731 1333 2775 μᾶλλον]
1377 2736 1480 2777 atque
1517 2734 1572 2767 ita

902 2780 1042 2823 plantus
1065 2778 1141 2812 Fic.

955 2823 1031 2859 Τόν
1065 2820 1171 2869 ἥλιον
1201 2842 1247 2849 —-·
1289 2820 1571 2868 ὑπερέχοντος]
1602 2814 1638 2856 Β
