1807 3219
325 181 411 223 274
781 177 1258 223 PLATONIS

325 306 369 336 τε
407 289 482 333 καὶ
528 289 768 344 ἔμφρονος·
830 290 867 332 εἰ
908 289 954 333 δὲ
993 291 1154 346 πτωχοὶ
1204 292 1279 336 καὶ
1323 291 1558 340 πεινῶντες
1607 287 1712 345 ἀγα-

326 363 423 403 θῶν
473 359 600 402 ἰδίων
649 356 717 400 ἐπὶ
765 355 819 400 τοὶ
867 355 1055 413 δημόσια
1096 361 1216 403 ’ίασιν
1268 359 1471 402 ἐντεῦθεν
1518 355 1713 413 οἰόμενοι

326 425 524 482 τάγαθὸν
558 427 649 470 δεῖν
674 423 908 480 ἁρπάζειν,
949 425 1032 470 οὐκ
1071 427 1184 472 ἔστι·
1224 425 1518 483 περιμάχητον
1549 427 1634 483 γὰρ
1666 427 1715 471 τὸ

326 493 475 552 ἄρχειν
510 491 808 550 γιγνόμενον,
868 495 1029 547 οἰκεῖος
1069 494 1132 539 ὢν
1171 496 1246 540 καὶ
1287 496 1418 539 ἔνδον
1458 493 1483 539 ὁ
1514 498 1720 547 τοιοῦτος

326 563 516 618 πόλεμος
547 560 715 612 αὐτούς
741 577 785 604 τε
817 559 1034 606 ἀπόλλυσι
1064 564 1136 607 καὶ
1166 563 1247 620 τήν
1271 563 1405 620 ἄλλην
1425 561 1569 607 πόλιν.
1597 562 1717 619 Ἀλη-

270 638 303 679 Β
327 631 540 678 egenam,
575 630 670 686 ἔφη.
716 627 856 686 ’Ἑχεις
886 646 992 682 ουν,
1022 648 1079 687 ην
1109 629 1149 674 δ’
1183 630 1289 712 ἐγρᾶ,
1323 633 1421 687 βίον
1451 631 1586 675 ἄλλον
1616 631 1716 676 τινὰ

327 702 565 744 πολιτικων
596 698 741 753 ἀρχῶν
780 703 1177 780 καταφρονοῦντα,
1226 697 1257 780 η’
1285 697 1364 742 τὸν
1396 704 1474 756 τῆς
1504 699 1719 756 αληθινῆς

328 769 615 824 φιλοσοφίας;
650 764 716 810 Ου’
747 766 807 822 μὰ
835 767 915 811 τὸν
945 770 1060 821 Δία,
1092 770 1119 825 ἡ
1151 767 1197 812 δ’
1229 765 1290 818 ὅς.

326 854 374 893 γε
416 836 474 893 μη
516 834 702 890 ἐραστάς
741 839 822 879 τοῦ
862 836 1012 892 ἄρχειν
1060 837 1173 880 ἰέναι
1213 834 1282 879 ἐπ’
1316 835 1448 880 αὐτό”

327 906 377 949 οἳ
394 921 441 961 γε
480 901 740 957 ἀντερασταὶ
775 908 1030 960 μαχοῦνται.

326 1054 508 1099 aliquando
531 1052 631 1086 valde
651 1052 755 1086 malas
773 1064 922 1097 γραφας
938 1053 992 1086 in-

327 1101 459 1134 tendum
493 1098 648 1132 inveniri.
720 1099 776 1132 Ex
822 1111 861 1131 eo
903 1099 992 1131 enim

327 1147 415 1180 unde
447 1150 582 1189 sumpta
614 1148 667 1178 est
697 1144 754 1178 illa
796 1145 992 1189 exemplari,

326 1204 393 1226 non
418 1203 600 1237 paucorum
624 1191 876 1224 emendationes
901 1192 992 1236 loeo-

327 1250 399 1272 rum
423 1241 502 1272 sunt
534 1238 746 1282 profectae.“
784 1237 905 1282 steph.
931 1248 992 1270 an-

326 1289 395 1318 not.
430 1296 462 1329 p.
488 1284 542 1319 24.
590 1282 750 1316 Proxime
781 1284 992 1327 praeceden-

327 1336 395 1365 tem
419 1330 575 1364 lectionis
610 1329 812 1362 varietatem
846 1329 991 1363 intuenti

326 1389 369 1411 ne
401 1376 502 1410 huius
534 1375 668 1421 quidem
709 1375 805 1420 origo
845 1376 993 1410 obscura

330 1435 406 1459 esse
423 1426 549 1467 potest.

373 1469 433 1512 τε]
462 1481 526 1502 om.
552 1466 645 1501 Mon.
673 1467 716 1502 C.

374 1514 427 1558 εἰ]
454 1513 490 1549 οἱ
514 1514 614 1547 Vind.
639 1514 683 1548 Ε.

374 1560 498 1604 ἴασιν]
531 1560 631 1594 ἱᾶσιν
657 1559 758 1595 Vind.
779 1559 884 1594 BEF.
923 1558 990 1601 ζῶ-

326 1616 384 1641 σιν
407 1607 507 1640 Stob.
534 1607 609 1640 cod.
633 1608 675 1640 A.

373 1650 570 1697 οἰόμενοι]
620 1649 772 1696 ἰώμενοι
813 1651 912 1686 Vind.
947 1651 992 1688 F.

327 1699 424 1733 Flor.
449 1699 490 1732 R.

373 1745 472 1800 δεῖν]
498 1744 559 1778 int.
583 1755 673 1800 vegs.
700 1744 794 1778 Mon.
820 1744 860 1779 C.

374 1803 444 1826 ουκ
466 1788 561 1834 ἐστι]
601 1787 671 1824 οὐκ
699 1787 795 1824 ἔστιν
820 1789 922 1823 Vind.
945 1790 988 1824 B.

327 1842 364 1871 et
388 1841 466 1871 ante
490 1847 578 1870 corr.
606 1836 701 1870 Mon.
727 1836 768 1870 C.
814 1837 915 1870 Hanc
937 1836 986 1869 le-

327 1883 473 1918 ctionem
496 1882 726 1927 Stephanusl.
745 1895 774 1916 c.
787 1883 877 1939 sesti
898 1882 988 1916 nullo

327 1930 424 1963 modo
448 1940 550 1973 posse
572 1932 726 1961 statuens
755 1922 800 1962 οὖ
820 1926 895 1962 ἐστὶ
913 1939 989 1962 eum

325 1975 540 2028 hypostigme
562 1975 775 2008 scribendum
797 1975 991 2019 suspicatur

327 2027 364 2055 et
393 2021 544 2055 Ficinum
587 2032 722 2065 quoque
767 2020 816 2054 ita
857 2020 991 2064 legisse,

328 2068 387 2102 sed
412 2079 453 2101 ea
476 2067 583 2100 verba
605 2067 696 2101 nulla
718 2066 991 2111 interpunctione

326 2113 479 2150 adhibita
518 2124 594 2148 cum
644 2112 865 2157 sequentibus
910 2123 992 2146 con·-

325 2159 474 2193 iunxisse
499 2163 620 2204 putat3
652 2163 831 2204 utrumque
865 2170 992 2203 perpe-

326 2217 410 2240 ram.
457 2205 600 2241 Ficinus
623 2205 795 2249 vulgatam
817 2209 912 2238 iecte
938 2207 992 2237 est

327 2252 591 2297 interpretatus:
634 2252 687 2284 sin
723 2257 838 2285 autem
873 2252 990 2293 inopes

327 2298 487 2341 bonisque
509 2298 662 2341 propriis
681 2298 784 2333 vacui
804 2298 852 2331 ad
878 2297 990 2340 publi-

328 2356 371 2378 ca
387 2344 676 2383 adventaverint,
704 2344 793 2378 bona
818 2344 912 2377 illinc
929 2354 990 2376 ra-

324 2401 408 2435 pere
437 2390 629 2433 cupientes,
662 2390 786 2423 civitas
813 2390 877 2423 illa
897 2389 991 2430 felix

328 2448 400 2470 esse
416 2448 483 2470 non
497 2435 639 2479 poterit.
663 2447 745 2468 nam
763 2435 819 2468 ubi
835 2436 877 2468 de
892 2435 992 2478 prin-

328 2483 447 2526 cipatu
470 2482 697 2521 contenditur,
720 2493 792 2515 cum
813 2481 992 2524 proprium

328 2528 392 2562 hoc
413 2528 457 2562 sit
478 2533 511 2561 et
531 2528 728 2561 intestinum
750 2528 891 2567 bellum,
917 2532 991 2561 tum

329 2585 385 2607 eos
413 2574 471 2617 qui
501 2574 555 2607 ita
587 2578 768 2618 pugnant,
803 2578 876 2609 tum
907 2574 991 2607 reli-

328 2631 432 2664 quam
458 2619 634 2654 civitatem
665 2620 793 2663 perdit.
841 2618 991 2663 Stepha-

330 2676 410 2701 num
447 2668 559 2699 autem
605 2664 802 2699 nominativi
844 2664 991 2700 absoluti

330 2707 577 2754 περιμάχητον
602 2709 646 2745 τὸ
678 2707 802 2754 ἄρχειν
825 2708 990 2754 γιγνόμε-

330 2769 399 2792 νον
421 2756 583 2791 fefellisse
604 2757 774 2798 videntur,
798 2756 827 2792 si
847 2756 992 2791 absoluti

331 2802 464 2838 dicendi
486 2805 565 2837 sunt
588 2803 645 2847 qui
668 2815 756 2848 pene
773 2802 914 2837 eodem
905 2814 991 2844 lure,

331 2860 399 2895 quo
420 2852 604 2894 sequentes
631 2849 768 2891 οἰκεῖος
796 2844 851 2884 ὢν
877 2845 898 2884 ὁ
920 2845 988 2884 πό-

1342 765 1465 812 Ἀλλα
1484 768 1635 825 μέντοι
1653 770 1722 813 δεῖ

1499 839 1535 880 εἰ
1564 836 1611 880 δὲ
1639 835 1713 892 μή.

1091 908 1171 947 Π*
1233 901 1277 947 δ’
1344 902 1386 930 ”·
1496 907 1506 921 ’
1669 899 1686 918 ³

1137 921 1194 956 ως
1307 921 1384 955 ου,
1453 909 1588 956 Tavus
1629 920 1716 949 ουν

1048 1055 1176 1096 λεμος,
1203 1065 1277 1087 cum
1302 1053 1409 1087 verbo
1430 1050 1614 1088 οἷπόλλνσι
1633 1065 1715 1087 con—

1048 1099 1137 1133 strui
1161 1102 1315 1144 possunt.
1341 1099 1490 1133 Similem
1515 1099 1714 1134 nominativi

1048 1157 1166 1186 usum,
1204 1146 1265 1178 sed
1288 1146 1397 1189 magis
1427 1146 1494 1180 iam
1518 1145 1714 1179 anacoluthi

1048 1191 1267 1224 manifestum
1323 1192 1427 1224 habet
1484 1193 1578 1225 locus
1625 1191 1713 1247 Leg.

1047 1237 1090 1270 L.
1127 1237 1240 1269 VIIII.
1277 1248 1310 1293 p.
1351 1239 1430 1272 866.
1455 1237 1502 1270 Β.
1539 1234 1606 1270 ἐπὶν
1631 1235 1663 1271 δ’
1691 1234 1711 1271 ὁ

1047 1280 1245 1337 προσήκων
1282 1280 1463 1339 ἐγγύτατα
1504 1281 1553 1327 μὴ
1590 1280 1714 1338 ἐπεξίῃ

1047 1329 1098 1384 τῷ
1117 1326 1334 1384 παθήματι,
1360 1327 1402 1363 τὸ
1427 1329 1570 1372 μίασμα
1593 1342 1645 1369 ως
1663 1330 1716 1370 εἰς

1048 1363 1169 1409 αυτὸν
1189 1373 1456 1430 περιεληλνθὸς
1475 1387 1544 1409 τον
1567 1373 1714 1410 παθόν-

1046 1433 1111 1460 τος
1135 1419 1460 1478 προστρεπομένου
1479 1418 1550 1476 τὴν
1568 1419 1715 1477 πάθην,

1049 1463 1068 1501 ὁ
1092 1465 1330 1524 βουλόμενος
1345 1465 1556 1509 ἐπεξελθών
1592 1480 1716 1512 τοντῳ

1047 1514 1155 1567 δίκην
1177 1510 1287 1548 πέντε
1312 1511 1374 1558 ε’τη
1399 1511 1635 1569 ἀποσχέσθαι
1649 1513 1717 1557 τῆς

1048 1555 1170 1593 αυτοῦ
1192 1560 1374 1605 πατρίδος
1395 1557 1632 1604 αναγκαζέτω
1651 1572 1715 1594 κα-

1049 1602 1097 1640 τὰ
1119 1603 1248 1648 νόμον.

1093 1662 1344 1697 περιμαχητον
1376 1651 1389 1696 ]

1048 1697 1148 1731 Vind.
1172 1698 1218 1732 F.

1092 1741 1333 1799 γιγνόμενον]
1366 1754 1436 1798 γιν.
1462 1742 1557 1777 Mon.
1582 1743 1625 1779 Β.

1044 1836 1085 1869 B
1092 1787 1233 1829 αὐτούς
1258 1790 1319 1834 τε]
1358 1801 1502 1830 αντους
1532 1787 1596 1825 καὶ
1626 1789 1715 1833 Ang.

1089 1877 1355 1925 Ἀληθέστατα]
1382 1877 1515 1925 αλληθ.
1535 1881 1630 1917 Mon.
1650 1881 1691 1916 Β.

1091 1925 1200 1971 τινὰ]
1229 1939 1293 1961 om.
1317 1927 1419 1962 Vind.
1444 1928 1489 1962 E.

1093 1973 1316 2017 πολιτικῶν]
1350 1984 1389 2007 π.
1417 1985 1530 2007 τινων
1553 1973 1639 2008 Lob.
1672 1984 1711 2007 π.

1047 2019 1160 2053 τινῶν
1183 2021 1261 2054 vat.
1282 2020 1330 2052 M.

1091 2065 1418 2109 καταφρονοῦντα]
1428 2062 1712 2109 καταφρονούν-

1046 2123 1120 2145 των
1145 2112 1229 2145 Lob.
1256 2111 1335 2145 Vat.
1351 2113 1400 2145 M.
1424 2111 1710 2156 καταφρονοῦν

1046 2169 1110 2197 τος
1132 2157 1212 2191 Par.
1240 2157 1284 2191 K.

1093 2201 1302 2259 ἀληθινῆς]
1340 2198 1516 2246 αλιθινῆς
1540 2202 1642 2238 Vind.
1666 2203 1709 2237 Ε.

1091 2250 1194 2292 Δία]
1222 2246 1277 2282 δι”
1303 2249 1389 2283 Lob.
1417 2249 1514 2283 Vind.
1529 2249 1604 2285 ΒΕ.
1630 2250 1711 2283 Vat.

1049 2296 1133 2330 HM.
1160 2292 1224 2329 διὰ
1250 2295 1325 2328 Ald.

1093 2337 1150 2398 ῥ’ς.)
1169 2338 1289 2395 Ἀλλὰ]
1318 2336 1383 2383 ὃς,
1411 2336 1502 2374 οἷλλᾶ
1527 2340 1604 2374 Ald.

1093 2385 1150 2421 ἐπ
1175 2383 1303 2443 αὐτό]
1319 2384 1458 2421 ἐπαυτὸ
1487 2388 1585 2422 Vind.
1610 2387 1652 2423 F.
1676 2393 1713 2422 et

1047 2434 1160 2493 paullo
1184 2439 1263 2491 post
1286 2431 1491 2477 ἐπιφυλακὴ
1496 2445 1528 2466 ν.

1095 2478 1133 2514 οι“
1143 2478 1268 2537 βπερὶ]
1305 2478 1342 2512 οὶ
1373 2478 1457 2522 περὶ
1489 2478 1576 2514 Lob.
1608 2479 1708 2515 Vind.

1047 2525 1091 2559 E.
1118 2525 1223 2568 οἵπερ
1249 2525 1341 2559 Mon.
1353 2526 1393 2559 B.
1419 2525 1497 2558 Par.
1510 2525 1588 2560 DK.
1609 2525 1708 2560 Flor.

1047 2572 1091 2606 U.
1119 2572 1199 2605 editi
1223 2577 1302 2606 ante
1325 2571 1411 2604 Astii
1436 2582 1503 2604 sec.

1091 2615 1256 2661 τούτων]
1281 2617 1402 2651 ταῦτα
1426 2617 1525 2653 Vind.
1551 2617 1592 2651 E.

1092 2665 1154 2707 τε]
1183 2676 1247 2698 om.
1271 2664 1370 2697 Vind.
1396 2663 1437 2697 F.
1461 2663 1539 2697 Par.
1555 2663 1599 2698 K.
1622 2664 1710 2708 Aug.

1047 2710 1089 2745 B.
1113 2710 1206 2744 Flor.
1232 2710 1308 2743 RT.
1334 2711 1409 2743 Ast.
1433 2720 1500 2742 sec.
1526 2712 1562 2742 et
1584 2710 1709 2744 Stallb.

1092 2753 1404 2799 φρονιμώτατοι]
1439 2753 1711 2798 φρονιμότατοι

1045 2803 1148 2838 Vind.
1175 2802 1216 2837 E.
1242 2806 1278 2835 et
1305 2813 1326 2835 a
1348 2813 1392 2835 m.
1416 2812 1468 2845 pr.
1494 2801 1585 2834 Mon.
1608 2803 1650 2837 B.

1091 2847 1199 2893 βίον]
1225 2847 1310 2891 βίου
1332 2847 1409 2882 Ald.
1432 2847 1515 2883 Bas.
1538 2847 1593 2883 ab.

1463 1649 1718 1696 περιμαχητὸν
