1807 3219
423 169 759 213 CIVITAS
804 171 1109 213 LIB.V.45O
1444 173 1474 214 5

87 278 329 335 διελέσθαι,
369 281 571 327 δέδοκται
599 281 706 339 ἡμῖν
742 286 898 336 τοῦτο,
940 300 964 327 ο
996 281 1051 326 σύ
1082 281 1299 338 ἤκουσας,
1339 279 1390 324 τό
1421 293 1469 324 σε

83 351 142 408 μὴ
172 351 390 408 μεθιέναι,
431 351 540 406 πρὶν
570 350 626 394 ἂν
654 355 793 396 ταῦτα
828 351 972 395 πάντα
1001 349 1156 434 ,ὥσπερ
1185 343 1320 392 τᾶλλα
1356 349 1470 392 διέλ-
1491 351 1564 386 450

85 424 183 477 θῃς.
242 419 331 463 Καὶ
371 419 444 475 ἐμὲ
480 420 656 472 τοίνυν,
696 418 720 463 ὁ
751 418 968 463 Γλαύκων
998 418 1103 474 ἔφη,
1146 416 1366 460 κοινωνὸν
1394 420 1471 472 τῆς

86 486 245 544 ψήφου
272 487 432 543 ταύτης
459 489 612 532 τίθετε.
649 487 828 543 Ἀμέλει,
863 488 947 543 ἔφη
975 486 998 531 ὁ
1025 484 1338 540 Θρασύμαχος,
1365 488 1472 527 πᾶσι

84 561 222 601 ταῦτα
251 555 490 612 δεδογμένα
518 555 624 611 ἡμῖν
654 554 832 610 νόμιζε,
871 557 904 598 ὠ
937 553 1182 608 Σώκρατες.
1243 550 1382 604 Οἷον,
1413 547 1470 609 ἦν

85 624 128 668 δ’
168 623 282 679 ἐγώ,
351 623 611 679 εἰργάσασθε
669 622 978 678 επιλαβόμενοί
1019 639 1119 677 μου.
1173 620 1279 665 ὅσον
1334 620 1469 676 λόγον

82 691 217 735 πάλιν
262 690 406 746 ὥσπερ
453 692 496 743 ἐξ
545 690 681 748 ἀρχῆς
730 697 887 736 κινεῖτε
943 691 1043 744 περὶ
1101 694 1177 747 τῆς
1227 690 1466 740 πολιτείας·

79 758 138 817 ἢν
166 759 226 811 ὥς
262 758 347 816 ἤδη
385 759 656 818 διεληλυθώς
715 760 846 815 ἔγωγε
905 759 1080 815 ἔχαιρον
1103 793 1114 812 ,
1176 758 1388 814 ἀγαπῶν,
1428 759 1470 801 εἴ

80 844 146 879 τις
175 826 298 872 ἐάσοι
326 832 464 872 ταῦτα
503 826 826 885 ἀποδεξάμενος
863 827 922 880 ὠς
955 827 1052 872 τότε
1089 827 1270 885 ἐρῤήθη.
1328 826 1355 870 ἃ
1380 829 1467 871 νῦν

126 946 263 997 τᾶλλα]
297 950 330 987 τ’
363 949 457 987 ἄλλα
486 954 565 988 Par.
595 954 640 988 K.
675 966 743 988 sec.

80 999 156 1044 Bip.
181 999 282 1033 Vind.
308 1000 382 1033 EF.
408 995 523 1034 τᾶλλα
546 1000 647 1034 Vind.
670 1001 743 1034 BD.

80 1045 174 1080 Mon.
199 1045 239 1079 B.
263 1046 384 1099 steph.

128 1088 147 1125 ὁ
180 1089 361 1125 Γλαύκων
401 1089 509 1136 εφη]
559 1092 589 1125 ω’
623 1093 675 1135 γλ.
715 1091 742 1126 ἔ.

78 1137 166 1172 Lob.
191 1137 269 1170 Vat.
289 1138 337 1171 Μ.
363 1134 433 1181 ἔφη
461 1151 489 1171 ω
514 1139 564 1182 γλ.
592 1139 691 1173 Vind.
701 1139 742 1173 B.

80 1180 102 1218 ὁ
127 1185 179 1227 γλ.
207 1181 278 1227 ἔχει
301 1183 400 1217 Vind.
424 1184 464 1217 F

124 1226 284 1277 ταύτης]
309 1242 374 1264 om.
401 1230 480 1264 Par.
505 1230 548 1264 K.

123 1273 272 1320 τίθετε]
309 1275 457 1309 τίθεται
478 1275 564 1310 Lob.
587 1277 669 1311 V.at
693 1277 741 1311 M.

79 1321 179 1355 Vind.
203 1322 245 1356 B.
269 1325 305 1356 et
328 1333 402 1355 cum
428 1333 444 1355 ε
469 1333 571 1367 super
594 1335 635 1356 αι
660 1324 704 1357 Ε.

123 1367 269 1412 ταῦτα]
316 1366 436 1402 ταυτὰ
463 1368 544 1402 Par.
567 1370 608 1403 A.
643 1369 741 1403 Vind.

78 1413 118 1451 Β.
155 1415 233 1448 Vat.
258 1413 307 1447 M.
357 1414 470 1454 Quum
494 1426 677 1449 consensus
701 1428 740 1449 o—

77 1460 201 1494 mnium
225 1460 309 1494 satis
339 1459 534 1494 declaratus
558 1461 603 1494 sit
625 1461 740 1495 verbis

77 1506 172 1540 πᾶσι
202 1511 238 1540 et
269 1502 358 1550 ἡμῖν
390 1506 653 1560 circumpositis,
687 1507 741 1541 rei

76 1552 205 1597 ipsius,
228 1552 263 1586 in
286 1564 354 1596 qua
378 1554 599 1595 consentiant,
624 1553 740 1587 decla-

78 1599 168 1632 ratio
211 1598 319 1652 inagis
366 1598 548 1633 convenire
588 1580 739 1641 ’videtur‚

76 1645 276 1689 praesertim
299 1656 401 1689 quum
421 1642 561 1694 ταύτης
578 1657 738 1701 praeces—

76 1690 173 1727 serit.
221 1690 336 1724 Etiam
369 1702 402 1734 p.
428 1690 506 1725 455.
542 1692 582 1726 C.
614 1689 738 1726 ταῦτα

75 1747 256 1781 perperam
275 1748 338 1782 pro
361 1737 483 1770 ταῦτα
506 1738 585 1771 Par.
609 1738 651 1771 A.
678 1750 739 1772 ex-

77 1783 181 1816 hibet.

123 1826 340 1873 δεδογμένα]
363 1841 410 1863 τα
436 1829 511 1864 δεδ.
533 1829 619 1863 Lob.
640 1829 740 1864 Vind.

75 1875 118 1910 Β.
142 1875 221 1908 Vat.
246 1875 295 1908 M.

123 1918 370 1965 εἰργάσασθε]
397 1918 642 1964 εἰργάσασθαι
665 1933 740 1956 cum

75 1978 94 2002 ε
117 1978 220 2012 super
244 1979 285 2001 αι
315 1966 415 2002 Vind.
437 1968 482 2004 E.
525 1966 741 2011 εἰργάσεσθε

75 2014 126 2048 An
185 2014 228 2047 B.

122 2025 384 2104 ἐπιλαβόμενοί
415 2070 499 2102 μου.
511 2059 525 2103 ]
558 2059 636 2093 Ηυο
659 2071 739 2103 spe-

76 2109 173 2140 ctare
195 2106 330 2139 videtur
347 2105 461 2160 glossa
479 2105 738 2140 Antiatticistae

75 2164 110 2198 p.
134 2153 192 2192 93,
215 2153 281 2187 23:
317 2148 520 2205 ἐπελάβετό
543 2163 636 2194 μου·
673 2147 738 2185 ον’-

75 2209 148 2236 τως
189 2194 360 2237 εἰπόντος
393 2195 596 2237 Πλάτωνος
627 2198 738 2231 Πολι-

75 2243 178 2282 τείας
209 2242 330 2287 τρίτῳ.
388 2244 604 2297 Quamquam
636 2243 738 2277 etiam

75 2290 118 2323 L.
142 2289 188 2322 Π.
214 2301 249 2334 p.
267 2290 346 2323 360.
370 2289 413 2322 D.
438 2301 617 2333 τοιαντης
637 2286 739 2331 ἐξου-

76 2335 158 2374 σίας
191 2331 456 2378 ἐπιλαβόμενος
503 2340 539 2368 et
570 2336 644 2368 Lib.
680 2336 738 2369 VL

73 2393 155 2461 Ξέἔ
178 2380 258 2460 ἶῗὲ
287 2378 739 2470 Rass‘ginffffssffss‘iz‘g'ssffiz

75 2474 144 2506 Pro
168 2476 294 2518 puncto
317 2472 397 2506 Bas.
422 2473 477 2506 ab.
495 2472 740 2518 interrogandi,

75 2519 254 2553 Bekkerus
284 2524 320 2552 et
352 2518 593 2552 Stallbaumius
623 2519 738 2553 excla-

76 2565 190 2599 mandi
232 2570 347 2599 notam
385 2571 601 2608 posuerunt,
651 2577 739 2609 quae

76 2610 190 2656 aptior
218 2611 297 2653 illa,
328 2610 390 2645 sed
423 2621 465 2644 ne
497 2610 572 2655 ipsa
604 2611 738 2656 quidem

75 2657 269 2691 necessaria
291 2662 327 2691 et
350 2655 557 2691 auctoritate
573 2656 739 2691 destituta

76 2707 139 2737 est.

121 2744 234 2794 ὅσον]
261 2744 304 2788 ὃς
326 2748 416 2782 Lob.
436 2747 585 2784 Vind.B.
610 2750 646 2782 et
660 2752 740 2783 ante

76 2806 164 2828 corr.
190 2795 234 2829 D.
259 2796 339 2829 Vat.
364 2794 414 2828 M.
439 2798 475 2828 et
498 2806 518 2828 a
541 2806 583 2827 m.
610 2805 662 2838 pr.
697 2795 739 2830 B.

76 2837 129 2881 αἱς
152 2852 174 2876 ο,
194 2853 237 2876 ιιι.
262 2852 289 2876 5.
323 2840 421 2875 Vind.
447 2840 490 2875 D.
527 2836 572 2875 ὃν
596 2840 676 2876 Vat.
699 2841 740 2876 B.

837 951 983 1008 λόγον]
1018 951 1133 995 λέγειν
1164 951 1265 985 Vind.
1296 951 1338 985 D.
1377 962 1467 985 corr.

802 997 867 1044 λόγ
861 1012 914 1033 ov
940 999 1032 1032 Flor.
1058 979 1102 1033 U.

848 1027 994 1089 ὥσπερ]
1022 1057 1087 1079 om.
1120 1045 1200 1078 Par.
1223 1043 1267 1077 K.
1292 1047 1372 1086 post
1403 1054 1464 1084 αρ-

800 1092 866 1136 χῆς
889 1093 1016 1126 habent
1039 1091 1124 1125 Lob.
1150 1090 1250 1125 Vind.
1275 1090 1348 1123 BD.
1387 1090 1465 1122 Vat.

847 1181 883 1226 ἐξ
907 1181 1036 1228 ἀρχῆς]
1063 1179 1217 1227 ἕξαρχῆς
1237 1182 1317 1216 Par.
1337 1181 1381 1215 K.
1394 1193 1462 1215 sec.

799 1230 878 1275 Bip.
903 1231 988 1264 Lob.
1014 1229 1112 1263 Vind.
1137 1230 1178 1262 B.

845 1278 993 1320 κινεῖτε]
1019 1278 1116 1309 κινεῖ
1136 1286 1175 1308 τε
1200 1274 1292 1307 Flor.
1319 1273 1393 1306 AC.

844 1323 1051 1361 πολιτείας·
1062 1323 1074 1365 ]
1108 1322 1174 1354 Ηίο
1205 1331 1340 1365 quoque
1369 1318 1464 1353 Bek-

798 1368 902 1402 kerus
935 1374 970 1402 et
1003 1366 1248 1401 Stallbaumius
1281 1365 1464 1399 exclamari

796 1413 925 1448 iubent.
973 1414 1013 1447 In
1037 1415 1117 1448 Bas.
1142 1414 1196 1447 ab.
1223 1423 1351 1446 comma
1374 1416 1439 1446 est.

840 1455 904 1504 ἢν]
929 1454 977 1504 ἧν
1001 1461 1079 1493 Bas.
1105 1461 1137 1494 b.

842 1505 1103 1551 διεληλυθὼς]
1148 1501 1331 1543 διελυθώς
1359 1502 1464 1537 Vind.

794 1596 979 1679 γε’γωέε]
1009 1595 1078 1656 ἔγω
1131 1597 1217 1631 Lob.
1255 1595 1353 1629 Vind.
1389 1594 1461 1629 BD.

829 1645 979 1735 ὃεῐὶοἱσοιιγ]
1003 1644 1099 1724 11ΞΓ
1103 1644 1182 1724 Ρξτ.
1208 1689 1247 1721 A.
1286 1686 1384 1720 Vind.
1418 1686 1461 1720 E.

794 1739 879 1771 V.en
908 1738 949 1771 C.
991 1737 1076 1779 Ang.
1101 1737 1142 1770 B.
1185 1735 1265 1768 Vat.
1290 1734 1333 1766 H.
1366 1732 1462 1768 Flor.

795 1795 921 1817 omnes.
975 1780 1112 1816 θεάσοι
1149 1781 1247 1814 Vind.
1283 1780 1322 1814 F.
1370 1775 1462 1821 ε’άση

797 1829 897 1864 Vind.
922 1829 965 1863 D.
1006 1829 1098 1863 Mon.
1123 1828 1165 1861 B.
1207 1824 1308 1861 εοὶσει
1337 1824 1462 1869 reliqui

798 1876 931 1910 codices
949 1887 1022 1908 cum
1042 1873 1146 1908 editis
1165 1879 1244 1907 ante
1255 1871 1462 1906 Bekkerum.

798 1923 914 1957 Tenet
936 1921 971 1954 id
996 1920 1132 1961 Astius,
1167 1931 1233 1953 non
1257 1918 1331 1952 sine
1354 1917 1461 1950 ratio-

795 1980 839 2002 ne
857 1994 879 2022 ,·
904 1967 964 2001 sed
987 1967 1192 2002 adversante
1214 1965 1376 1999 librorum
1399 1974 1460 1997 au-

794 2018 967 2048 ctontate.

842 2060 977 2104 ταῦτα]
1003 2072 1068 2093 om.
1091 2057 1191 2092 Vind.
1216 2057 1258 2091 D.
1293 2056 1334 2090 In
1358 2054 1459 2089 Vind.

795 2107 836 2141 Β.
851 2112 1021 2162 punctum
1044 2105 1207 2149 sequitur.

796 2153 1009 2232 m]
1014 2147 1459 2232 ιιι

794 2246 876 2279 Bas.
914 2245 947 2278 b.
996 2244 1163 2286 Reliquos
1204 2241 1337 2275 codices
1379 2251 1458 2273 suos

794 2291 975 2325 Bekkerus
999 2255 1139 2333 ε’ῤῥέθη
1171 2288 1301 2322 babere
1324 2286 1460 2322 demon-

796 2341 903 2378 snat,
929 2336 1019 2381 quod
1044 2340 1098 2369 est.
1118 2335 1154 2368 in
1178 2333 1282 2366 Vind.
1307 2333 1347 2366 B.
1382 2332 1458 2365 Ald.

795 2384 877 2417 Bas.
902 2393 933 2416 a.
958 2382 1078 2426 steph.
1103 2384 1158 2421 et,
1193 2380 1223 2413 si
1245 2377 1460 2412 Stallbaumii

795 2428 963 2462 silentium
987 2439 1052 2461 non
1087 2426 1202 2467 fallit,
1235 2425 1270 2458 in
1304 2424 1459 2457 omnibus

794 2473 1015 2508 Florentinis.
1072 2473 1114 2507 Id
1145 2470 1389 2505 Stallbaumius
1422 2470 1458 2503 in

794 2521 903 2564 prima
938 2520 1085 2553 editione
1119 2518 1206 2552 Astii
1237 2516 1390 2561 exemplo
1422 2519 1460 2550 et.

793 2566 986 2600 Heindorfii
1029 2564 1234 2598 auctoritate
1266 2562 1310 2596 ad
1346 2563 1455 2606 Gorg.

794 2613 828 2657 ς.
852 2614 909 2647 36.
941 2616 1122 2655 utrumque
1158 2621 1180 2643 a
1211 2608 1387 2643 veteribus
1418 2620 1457 2641 a-

796 2658 912 2702 gnosci
935 2657 1118 2690 statuentis
1138 2655 1240 2699 idque
1264 2666 1286 2688 a
1307 2654 1455 2688 Routhio

797 2715 839 2737 ex
873 2703 1063 2736 Phaborino
1097 2706 1132 2736 et
1165 2700 1400 2745 Etymologico
1422 2711 1455 2734 v.

797 2746 936 2793 ἔῤῥέθη
960 2749 1121 2782 monitum
1136 2759 1212 2782 esse
1228 2746 1383 2781 docentis
1399 2757 1456 2779 re-

797 2796 911 2836 tinuit,
934 2794 969 2828 in
991 2794 1140 2829 secunda
1160 2793 1254 2836 item,
1276 2796 1316 2826 ut
1339 2791 1457 2826 Astius

797 2842 831 2877 iu
854 2841 979 2883 terna,
1013 2852 1088 2876 cum
1119 2839 1227 2876 altero
1251 2851 1273 2874 a
1294 2838 1455 2874 Bekkero
