1807 3219
524 145 748 188 CIVIT
770 145 861 186 AS
908 144 1029 187 LlB.
1060 143 1133 186 VI.
1165 150 1231 185 509
1381 183 1384 186 ,
1482 150 1569 192 235

179 254 411 310 δαιμονίας
456 254 720 314 ὑπερβολῆς.
781 257 851 300 Σύ
895 255 1004 313 γὰρ,
1059 251 1124 314 ἦν
1159 256 1202 302 δ’
1248 257 1333 315 ἐγώ
1354 291 1365 311 ,
1416 260 1570 314 αἴτιος,

180 321 440 382 α’ναγκάζων
472 326 527 370 τοὶ
565 326 665 384 ἐμοὶ
703 328 927 370 δοκοῦντα
957 326 1059 381 περὶ
1089 324 1233 370 αὐτοῦ
1269 327 1423 383 λέγειν.
1482 329 1571 372 Καὶ

179 395 390 450 μηδαμῶς
417 391 479 450 γ’,
513 393 620 452 ἔφη,
649 393 822 452 παύσῃ,
854 396 891 439 εἰ
921 394 980 451 μή
1010 411 1077 447 τι,
1109 392 1220 438 ἄλλα
1249 395 1333 452 τήν
1360 396 1462 452 περὶ
1491 395 1573 441 τὸν

179 461 308 519 ἥλιον
337 460 577 520 ὁμοιότητα
621 458 680 507 αὖ
721 462 917 515 διεξιών.
969 464 1011 507 εἴ
1035 478 1096 519 πη
1126 461 1390 516 ἀπολείπεις.
1442 464 1574 510 Ἀλλὰ

178 530 289 587 μὴν,
316 529 468 584 εἷπον,
499 530 638 588 συχνοὶ
667 547 717 588 γε
745 531 978 576 ἀπολείπω,
1031 532 1160 588 Μηδὲ
1191 533 1380 589 σμικρόν
1402 536 1570 587 τοίνυν,

181 599 595 657 ἔφη,,παραλί’πῃς.
658 599 792 657 Οἶμαι
831 600 934 658 μὲν,
980 595 1038 657 ἦν
1078 598 1119 645 δ’
1164 601 1272 658 ἐγώ,
1313 604 1388 647 καὶ
1432 603 1575 647 πολύ·

181 667 302 724 ὅμως
359 669 407 713 δὲ
465 668 550 714 ὅσα
605 685 654 725 γε
710 669 757 713 ἐν
805 672 867 727 τῷ
926 668 1118 724 παρόντι
1176 671 1402 724 δυνατόν,
1463 671 1578 716 ἑκών

173 834 382 883 uncum,
408 837 483 885 ε’φη
504 837 524 875 ὁ
548 838 742 884 Γλαύκων,
768 840 849 874 δαι-

179 885 316 940 μονίας
339 884 572 944 ὑπερβολῆς,
603 888 657 927 εἰς
685 885 730 922 τὸ
758 883 850 921 ’ὑπε-

182 929 335 987 ρούσιον
351 930 561 968 ἐνατενίσαι
586 932 639 989 μὴ
660 933 849 977 δυνηθείς.

174 976 346 1033 ικατέγνω
378 981 433 1035 (f.
457 978 523 1014 καὶ
548 978 743 1035 κατέγνω)
780 980 849 1014 τοῦ

181 1022 385 1068 θαύματος
405 1022 425 1060 ὁ
448 1024 659 1083 Σωκρατης
673 1024 774 1070 μάλα
793 1037 850 1070 γε·

182 1071 294 1110 λοίως
328 1071 444 1106 τοῦτο
477 1070 596 1107 εἰπών
635 1070 853 1128 οἷπορρἴψαι

182 1115 252 1151 τὸν
271 1116 506 1162 Γλαύκωνα,
536 1117 602 1154 καὶ
623 1117 742 1153 πολλά
763 1129 856 1162 φησι

181 1164 261 1197 τῶν
291 1144 508 1201 δοκούντων
532 1162 638 1211 αὐτῷ
659 1164 745 1208 περὶ
765 1163 853 1199 ἑκεί-

119 1223 124 1232 1
183 1209 253 1244 νου
274 1209 544 1267 σιωπήσεσθαι.
569 1199 629 1246 Ib‘.
638 1224 688 1267 p.
702 1213 783 1266 426.
801 1222 853 1256 sq.

184 1254 245 1291 διὸ
271 1256 339 1314 καὶ
368 1255 454 1313 εξῆς
476 1255 596 1291 εἰπών
623 1253 855 1312 νπερούσιον

185 1299 285 1338 εἶναι
299 1301 343 1338 ’τὸ
369 1300 521 1352 οἷγαθόν
537 1303 609 1338 τοῦ
629 1302 854 1342 Γλαύκωνος

185 1350 387 1393 δαιμονίαν
417 1353 514 1383 εἰναι
542 1362 688 1394 φαντος
714 1349 785 1394 τὴν
810 1346 855 1384 ’ὑ-

185 1394 374 1442 περβολὴν
409 1393 594 1452 ἐπέπληξε
619 1396 770 1453 γελοίως
802 1398 851 1439 (v.

185 1443 350 1487 γελοῖος)
367 1439 490 1477 αὐτὸν
514 1443 634 1477 εἰπεῖν
654 1440 854 1486 α’ποφηνοὶ-

185 1500 318 1545 μενος,
354 1485 426 1523 εἷθ’
459 1485 513 1529 (εἷς
536 1489 856 1545 κενεμβατοῦντος

185 1533 285 1580 πρὸς
303 1533 374 1591 τὴν
391 1531 491 1569 θέαν
510 1536 578 1570 τοῦ
599 1534 756 1570 πάντων
773 1532 855 1569 ἐπέ-

185 1593 291 1616 κεινα
319 1579 432 1616 παλιν
459 1579 579 1616 πολλά
606 1592 698 1626 φησι
734 1593 856 1638 παρα-

188 1627 328 1683 λείψειν
362 1625 458 1662 ἑκών
497 1625 608 1662 εἶναι·
619 1628 698 1663 τῶν
733 1625 856 1674 ἑαυτῷ

187 1671 404 1709 δοκούντων
430 1672 494 1708 καὶ
521 1672 645 1719 μόνην
673 1672 744 1718 τὴν
758 1662 859 1729 περὶ

187 1718 258 1755 τὸν
280 1716 391 1766 ἥλιον
419 1715 624 1765 ἀναλογίαν
646 1718 859 1766 γυμνάσειν.

189 1787 331 1892 νξζερέι
350 1785 520 1873 “ssffivlr

237 1894 258 1927 γ
258 1879 294 1926 ’]
317 1893 356 1926 γε
378 1881 480 1918 Vind.
504 1883 548 1916 E.

540 1787 589 1824 τὰ
620 1788 706 1836 περὶ
736 1787 859 1825 αυτοῦ

239 1950 275 1986 εἰ
289 1948 340 1995 μή
353 1963 411 1994 τι,
436 1948 544 2007 ἀλλὰ]
568 1952 638 1986 Pro
662 1948 756 1985 ἄλλα
779 1952 860 1986 Par.

191 1976 859 2042 Α.Ῡ111(1.Ε.ὄὲλλα,νίιι(1.Ε.Α11ς.

190 2044 234 2079 B.
259 2047 405 2078 etam.
430 2055 459 2079 5.
492 2044 587 2078 Flor.
612 2045 657 2080 R.
684 2040 775 2079 ἄλλο
800 2056 859 2078 ex-

192 2091 334 2132 hibent,
361 2090 452 2136 quod
475 2091 672 2135 Stephanus
695 2102 775 2136 pag.
801 2092 858 2126 24

193 2148 262 2171 non
289 2136 427 2180 videns,
460 2137 542 2182 quid
573 2140 653 2182 post
686 2137 723 2171 εἰ
749 2134 799 2181 μή
823 2149 861 2171 τι

194 2183 370 2217 subaudiri
401 2184 530 2238 possit,
565 2196 586 2217 a
609 2183 753 2218 Platone
778 2195 862 2228 pro-

191 2229 320 2263 fectum
343 2229 497 2264 coniecit.
520 2230 633 2275 Atque
657 2230 709 2263 ita
726 2241 760 2275 p.
781 2231 861 2264 502.

193 2276 238 2310 A.
261 2274 427 2331 scriptum
449 2275 611 2310 vidimus:
650 2275 733 2317 ἵνα,
760 2276 795 2310 εἰ
811 2273 862 2332 μή

195 2333 233 2355 τι
255 2317 367 2364 αλλο,
394 2320 658 2376 αἰσχυνθέντες
680 2301 863 2366 652⁷«okoy77'

195 2376 299 2402 σωσι.
348 2347 420 2400 Sed
448 2367 572 2402 omisso
604 2363 692 2402 ἄλλο
729 2369 863 2403 adhibi-

197 2417 303 2459 toque
327 2410 445 2457 οὲλλα,
473 2417 513 2447 ut
536 2418 651 2448 nostro
675 2415 761 2455 loco,
786 2415 862 2470 Me-

195 2471 275 2494 non.
299 2471 334 2505 p.
360 2461 415 2495 86.
448 2460 493 2493 Ε.
527 2460 677 2516 legitur
686 2461 722 2495 εἰ
747 2459 797 2506 μή
827 2473 864 2495 τι

198 2506 292 2562 οὐν,
326 2502 419 2539 ἀλλὰ
449 2516 603 2551 σμικρον
636 2504 677 2550 γε’
706 2519 769 2550 μοι
797 2508 864 2551 τῆς

199 2549 316 2596 ἀρχῆς
336 2551 512 2595 χάλασον.
536 2565 603 2598 quo
628 2554 782 2598 exemplo
801 2555 864 2588 ad-

197 2610 318 2632 versus
342 2600 554 2644 Stephanum
576 2611 658 2633 usus
683 2603 736 2633 est
758 2600 865 2634 Stall-

197 2644 379 2679 baumius.
424 2645 540 2679 Minus
577 2646 680 2679 etiam
719 2647 866 2680 feliciter

198 2691 288 2725 idem
322 2692 526 2750 Stephanus
551 2691 679 2726 ibidem
709 2693 866 2726 coniicie—

199 2738 261 2771 bat
293 2735 419 2783 παύσῃ
449 2734 531 2781 ἐμοὶ
567 2735 621 2772 ε’τι
653 2733 767 2782 αλλην
795 2736 866 2783 τὴν

200 2782 286 2826 περὶ
305 2788 371 2818 etc.
419 2784 504 2818 Fid·
511 2796 559 2818 xus
583 2785 668 2818 haec
690 2797 798 2831 usque
822 2786 864 2820 ad

201 2828 347 2872 διεξιὼν
393 2831 442 2865 ita
497 2830 744 2876 interpretatus
792 2835 863 2867 est:

908 841 970 875 sed
997 841 1137 875 absolve
1157 844 1347 888 praecipue
1376 843 1460 877 solis
1489 855 1579 877 com

904 888 1138 943 parationem.

955 933 1030 978 αὐ]
1057 931 1178 989 αυτοῦ
1204 933 1305 969 Vind.
1331 935 1371 969 F.
1396 936 1485 980 Ang.
1508 936 1552 970 B.

956 979 1017 1024 εἴ]
1049 979 1073 1023 ’ἡ
1111 981 1204 1016 Mon.
1230 981 1272 1015 B.
1308 982 1388 1016 Par.
1426 983 1470 1018 K.
1507 994 1578 1016 sec.

908 1025 1020 1061 Bekk.
1045 1024 1172 1072 ηῬετ.
1196 1028 1238 1061 D.
1266 1041 1330 1062 om.
1358 1028 1463 1062 Vind.
1489 1029 1533 1064 Ε.

956 1040 1068 1117 πη]η
1075 1085 1142 1107 ποι
1173 1075 1259 1109 Ven.
1294 1076 1335 1108 Β.
1384 1075 1581 1120 Stephanus
1608 1073 1615 1077 .

911 1130 992 1164 pag.
1015 1121 1072 1155 24.
1110 1131 1171 1164 pro
1207 1133 1247 1154 co
1280 1122 1429 1155 fortasse
1452 1134 1488 1155 τι
1513 1122 1581 1165 legi

911 1177 1014 1210 posse
1033 1171 1162 1208 monet,
1184 1168 1244 1200 sed
1260 1167 1434 1211 vulgatam
1458 1168 1580 1202 lectio—

911 1223 989 1245 nem
1015 1213 1248 1246 defensionem
1271 1215 1429 1258 recipere
1458 1226 1581 1248 conce—

911 1258 975 1293 dit.
1022 1259 1266 1294 Stallbaumius
1289 1272 1372 1294 vero
1402 1260 1494 1294 haud
1519 1260 1582 1293 du-

911 1304 969 1337 bie
1003 1305 1222 1339 sciibendum
1263 1318 1340 1340 esse
1385 1306 1424 1341 εἰ
1456 1304 1509 1351 πή
1546 1319 1582 1340 τι

913 1347 1091 1385 ἄπολείπε
1079 1363 1128 1391 ις
1164 1353 1362 1397 pronuntiat
1408 1353 1512 1398 idque
1548 1352 1582 1386 in

911 1399 999 1432 Vm
1023 1398 1065 1432 B.
1089 1397 1261 1442 scriptura
1285 1399 1394 1433 latere
1428 1399 1583 1444 suspica-

912 1449 981 1476 tur.
1030 1445 1106 1488 Ego
1131 1456 1242 1498 neque
1265 1445 1381 1478 Ficini
1413 1445 1583 1490 interpr-e

912 1490 1076 1523 tationem
1106 1491 1137 1523 si
1164 1492 1247 1536 quid
1275 1497 1327 1526 est
1356 1493 1582 1548 praetermis-

913 1548 998 1578 sum,
1027 1548 1137 1581 neque
1159 1538 1251 1582 quod
1276 1538 1440 1572 Socrates
1465 1536 1581 1582 συχνα

915 1579 1131 1616 ἀπολείπειν
1156 1584 1306 1626 fatetur,
1331 1584 1455 1628 quibus
1479 1596 1585 1629 argu—

913 1630 1037 1663 mentis
1050 1629 1293 1664 Stallbamnius
1315 1642 1396 1664 usus
1421 1643 1457 1666 es
1460 1633 1486 1673 t,
1506 1634 1584 1664 tan-

916 1678 988 1709 tum
1019 1675 1138 1709 valere
1170 1676 1395 1720 crediderim,
1426 1681 1466 1710 ut
1500 1677 1585 1715 illud

915 1733 953 1755 τι
984 1734 1005 1757 a
1034 1721 1185 1755 librariis
1223 1723 1360 1768 potius,
1407 1735 1510 1769 quam
1541 1724 1584 1758 ab

916 1768 990 1812 ipso
1025 1768 1195 1813 scriptme
1232 1769 1394 1803 omissum
1429 1773 1584 1804 statuere

917 1815 1122 1857 debeamus,
1158 1816 1366 1860 praesertim
1391 1828 1493 1861 quum
1517 1816 1585 1850 alia

918 1860 1044 1906 ellipsis
1078 1861 1113 1894 iu
1149 1862 1267 1896 eodem
1306 1863 1414 1896 verbo
1448 1861 1584 1897 Platoni

916 1919 1054 1952 quoque
1085 1907 1170 1942 satis
1204 1910 1366 1962 frequens
1391 1909 1459 1954 sit,
1493 1921 1523 1965 e),
1548 1921 1581 1952 g.

918 1955 1028 1998 Gorg.
1051 1965 1086 1999 Ρ.
1092 1954 1183 2009 ‚497‘
1205 1955 1254 1988 C·
1282 1950 1375 1989 ὅθεν
1397 1955 1468 1989 οὖν
1492 1952 1583 1989 οἷπε-

916 2001 1039 2043 λιπες,
1076 1997 1296 2044 ἀποκρίνου.
1338 2006 1373 2035 et
1410 2001 1494 2035 loeis
1540 2003 1584 2036 ab

916 2046 1114 2080 Heindorfio
1139 2047 1188 2080 ibi
1212 2047 1335 2081 citatis.

964 2089 1203 2148 ἀπολείπεις]
1245 2091 1466 2133 απολείποις
1494 2094 1583 2128 Lob.

917 2139 999 2173 Vae.
1023 2140 1062 2172 B.
1088 2135 1309 2195 οἷπολείπης
1341 2141 1420 2174 Par.
1445 2141 1489 2175 K.
1512 2152 1584 2175 sec.

918 2185 1031 2220 Bekk.
1073 2181 1213 2220 οἷπολίπ
1218 2199 1260 2230 ης
1295 2187 1394 2221 Vind.
1426 2188 1467 2220 B.
1505 2189 1586 2223 Vat.

918 2231 968 2265 M.
992 2231 1033 2264 In
1045 2231 1142 2265 Flor.
1156 2234 1196 2266 A.
1215 2244 1228 2266 ι
1245 2244 1348 2289 super
1360 2233 1391 2268 εί
1409 2233 1586 2279 scriptum.

916 2274 1132 2359 ΚἸεῘπον-
1147 2276 1264 2323 Οἶμαι
1279 2278 1371 2324 μὲν]
1398 2293 1464 2315 om.
1490 2281 1586 2315 Flor.

967 2371 1028 2414 γε]
1055 2381 1094 2404 τε
1118 2371 1198 2407 Par.
1223 2371 1266 2405 Κ.

967 2416 1118 2462 τοινυν]
1145 2431 1212 2453 om.
1233 2418 1312 2452 Fic.

969 2465 1206 2510 παραλίπῃς]
1232 2463 1467 2509 παραλείπῃς
1492 2465 1590 2500 Vind.

922 2509 1000 2546 EF.
1032 2511 1120 2555 Aug.
1154 2512 1195 2547 Β.
1235 2510 1471 2546 F101.ACV.
1528 2511 1593 2546 His

923 2557 1016 2590 F.lor
1029 2557 1074 2591 T.
1098 2557 1193 2591 addit
1212 2557 1470 2600 Stalffiaumius,
1491 2569 1592 2603 quem

923 2614 1028 2648 supra
1052 2604 1137 2637 haec
1163 2604 1318 2637 omittere
1341 2604 1501 2638 ostendit.

971 2649 1020 2693 ῆν
1048 2647 1089 2683 δ’
1120 2648 1216 2695 effi]
1250 2649 1380 2684 τοίνυν
1414 2650 1463 2694 ήν
1497 2647 1591 2694 622⁶&

926 2695 1026 2730 Vind.
1048 2696 1092 2730 Ε.

972 2739 1035 2786 δε]
1064 2737 1106 2776 δ’
1131 2742 1218 2775 Lob.
1243 2742 1345 2777 Vind.
1371 2743 1412 2776 Β.
1442 2743 1516 2776 vat.
1541 2743 1592 2777 M.

969 2790 1029 2831 ys]
1056 2785 1086 2832 γ’
1113 2789 1212 2823 Vind.
1231 2789 1307 2824 EF.
1334 2791 1423 2833 Aug.
1444 2790 1485 2822 B.
1511 2791 1590 2825 Vat.

922 2815 1474 2870 H.Flo1·.ACRTUV.Sta'11b.
