1807 3219
417 169 754 214 CIVITAS
793 167 916 209 LIB.
945 167 1000 208 V.
1031 168 1101 205 462

1407 169 1463 208 61

81 284 163 342 χήν
200 282 406 341 τεταμένη
445 285 506 336 εἷς
545 284 651 340 μίαν
692 279 897 332 σύνταξιν
937 277 1018 335 τήν
1053 280 1136 322 τοῦ
1176 273 1389 333 ἄρχοντος
1417 276 1465 321 ἐν
1488 289 1528 331 D

84 353 220 411 αὐτῇ,
252 351 414 409 ᾔσθετό
445 369 490 396 τε
520 351 592 396 καὶ
622 354 742 394 πᾶσα
773 348 862 403 ἅμα
896 347 1133 403 ξυνήλγησε
1151 346 1312 400 μέρους
1332 343 1472 403 πονή-

84 435 242 472 σαντος
273 421 374 477 ὅλη,
418 422 492 465 καὶ
522 419 637 464 οὕτω
669 417 720 474 δὴ
753 417 953 472 λέγομεν,
980 416 1046 460 ὅτι
1077 413 1099 458 ὁ
1127 414 1366 468 ἅνθρωπος
1391 413 1472 457 τόν

86 490 302 535 δάκτυλον
333 488 455 545 ἀλγεῖ
465 503 474 513 ·

518 489 592 532 καὶ
631 487 730 540 περὶ
771 483 908 528 ἄλλου
939 484 1132 529 ὁτουοῦν
1160 486 1250 525 τῶν
1278 486 1361 525 τοῦ
1392 481 1471 525 οἷν-

82 560 273 614 θρτόπου
304 556 328 602 ὁ
360 556 493 609 αὐτὸς
521 557 674 612 λόγος,
716 556 818 608 περί
855 569 902 596 τε
940 551 1080 609 λύπης
1120 554 1367 602 πονοῦντος
1398 551 1473 607 μὲ-

83 645 190 684 ρους
227 627 300 671 καὶ
342 626 442 681 περὶ
480 623 645 682 ἡδονῆς
684 625 924 680 ῥαΐζοντος.

81 775 124 812 τὸ
151 773 242 820 ἐμὸν
266 772 325 810 ἐπὶ
348 774 391 810 τὸ
419 772 512 810 αυτό
540 775 658 810 eodem
673 786 745 808 mo-

83 824 125 856 do
149 823 325 867 intelligo,
341 834 425 879 quo
458 821 585 878 φέρειν
611 818 743 864 ὄνομα,

84 866 211 925 φέρειν
235 881 292 912 τι,
333 866 393 902 ἐπὶ
426 866 468 902 τὸ
505 865 570 911 ὃν,
617 865 675 902 ἐπι
698 865 741 901 τὸ

83 914 131 959 μὴ
161 912 206 949 ὃν
238 915 343 959 Soph.
377 927 410 959 p.
434 916 513 949 237.
552 915 593 949 C.
626 915 667 948 D.
693 913 744 946 di-

85 965 175 996 ctum
200 964 271 1002 est,
307 962 574 1005 appellationem
598 973 655 994 seu
678 973 744 994 no—

84 1020 160 1042 men
183 1019 319 1040 meum
344 1008 380 1040 in
403 1008 546 1040 eandem
569 1019 640 1040 rem
666 1019 745 1040 con-

79 1056 199 1097 ferre,
247 1052 337 1106 quod
384 1053 542 1095 loquendi
583 1064 690 1097 genus
727 1064 747 1086 a

87 1100 261 1144 Stephano
309 1098 344 1131 in
392 1099 460 1132 alia
502 1099 653 1132 eiusdem
683 1098 748 1132 loci

85 1151 186 1191 parte
217 1144 403 1178 inconsulte
435 1145 571 1188 quidem
602 1145 747 1189 requisi-

85 1196 158 1225 nun
188 1191 302 1224 nescio
335 1202 400 1235 quo
433 1190 508 1223 iure
532 1191 748 1224 Heindonfius

86 1237 220 1272 omnino
236 1239 275 1269 ut
292 1236 479 1269 inauditum
487 1237 748 1292 ieprobaweiit.

83 1284 177 1317 Sane
201 1278 259 1317 ἐπι
295 1282 432 1316 τοῦτον
457 1280 524 1316 τὸν
548 1282 669 1316 παῖδα
693 1280 749 1316 λε’-

84 1342 136 1374 yso
157 1327 202 1363 τὸ
231 1326 321 1372 ἐμὸν
345 1328 460 1361 durius
484 1333 603 1371 sonat,
628 1333 664 1361 et
687 1329 749 1362 da-

76 1376 190 1410 ‘tivum
222 1375 325 1408 etiam
360 1377 476 1408 nostro
509 1375 581 1409 loco
614 1375 749 1408 deside-

84 1432 165 1456 rans
200 1420 484 1464 Wyttenbachius
521 1432 541 1454 3
574 1421 749 1455 Stallbau-

83 1468 151 1501 mio
176 1470 452 1500 commemoratus
473 1478 680 1500 conununeln
696 1467 749 1500 di-

85 1514 182 1548 cendi
205 1524 302 1546 usum
327 1513 553 1557 sequebatum
589 1513 648 1546 sed
686 1513 748 1546 ali-

83 1561 164 1606 quid
199 1559 415 1593 tiibuenduin
447 1562 502 1592 est
540 1559 750 1604 inteipositis

83 1606 218 1643 verbis.
252 1617 340 1650 quae
375 1605 452 1638 dum
488 1606 750 1650 pronuntiantur

83 1650 252 1697 loquentis
283 1651 414 1696 pariter
447 1654 550 1696 atque
582 1651 750 1685 audientis

84 1699 214 1732 animus
261 1698 327 1731 alio
375 1709 557 1731 conversus
603 1698 752 1730 nonnihil

86 1745 283 1789 disciepans
308 1755 328 1776 a
351 1742 469 1788 primis
493 1745 655 1785 verbum,
679 1755 752 1776 1110-

87 1791 131 1824 do
160 1801 205 1824 ne
246 1789 409 1834 proximis
452 1792 639 1834 repugnet,
686 1801 754 1823 non

88 1840 159 1870 tam
180 1835 356 1870 fastidiose
387 1839 546 1877 recusat,
577 1847 679 1880 quam
703 1835 753 1868 le-

89 1886 163 1916 ctor
187 1883 302 1916 facere
328 1884 430 1915 amat.
475 1882 640 1915 Similiter
663 1881 755 1914 Iam-

88 1928 238 1962 blichmn
270 1924 332 1961 ἐπὶ
369 1925 412 1961 τὸ
451 1923 545 1962 αὐτὸ
582 1925 625 1962 τὸ
664 1925 754 1971 ἐμὸν

89 1972 325 2028 φθέγγεσθαι
367 1972 495 2007 dixisse
541 1977 673 2015 statim,
720 1974 755 2007 in

91 2021 187 2054 cuius
211 2019 326 2053 verbis
345 2019 530 2063 genitivmn
543 2019 755 2076 praeferenti

37 2097 39 2099 ,
90 2067 238 2101 Kiistero
252 2065 476 2110 Kiessiingius
501 2062 561 2099 ἐπὶ
584 2064 626 2100 τὸ
655 2063 749 2100 αὐτὸ

90 2114 190 2147 simul
212 2112 405 2156 significare
428 2111 565 2153 obiicit,
591 2113 680 2157 quod
705 2113 754 2146 sic

90 2158 289 2203 simpliciter
311 2157 435 2191 dictum
458 2170 523 2191 non
541 2160 658 2203 probo.
686 2159 755 2192 Ce-

90 2207 202 2238 terum
240 2216 302 2249 pro
340 2200 462 2237 ταῦτὰ
502 2205 601 2241 Stob
636 2205 754 2240 Trinc.

92 2250 214 2284 ταῦτα
238 2249 384 2284 exhibet.

141 2315 309 2362 λέγουσι]
355 2315 483 2361 λέγωσι
528 2319 608 2353 Par.
647 2319 755 2354 ΑΒΚ.

95 2376 171 2398 clun
204 2363 304 2397 editis
336 2367 414 2397 ante
445 2363 533 2398 Astii
565 2376 634 2399 sec.
667 2365 756 2421 quod

96 2410 263 2444 Cornario
288 2409 464 2443 offensioni
489 2422 554 2443 non
584 2411 660 2445 fuit.
704 2409 752 2455 μὴ

96 2454 224 2500 λέγωσι
248 2456 340 2490 Mon.
365 2456 406 2489 B.
454 2456 697 2490 Stallbaumius
721 2458 757 2491 in

95 2507 240 2557 utraque
263 2502 410 2552 editione
444 2501 487 2535 de
520 2503 584 2536 hoc
607 2503 680 2536 loco
704 2506 758 2537 ta-

96 2549 178 2584 cuit.

129 2614 255 2661 ἐμὸν]
282 2613 372 2660 ἐμόν
394 2627 434 2650 τε
456 2616 543 2651 Ven.
567 2616 608 2652 B.

145 2661 234 2707 οὐκ]
269 2676 333 2697 om.
359 2664 444 2699 Ven.
470 2663 511 2697 C.
536 2665 572 2696 et
595 2675 615 2696 3
637 2673 682 2698 111.
706 2675 758 2709 pr.

97 2710 177 2745 Par.
201 2711 243 2744 D.

145 2756 358 2798 διοικεῖται]
386 2754 564 2788 διοκεῖται
587 2756 667 2790 Bas.
690 2756 724 2790 b.

143 2798 243 2847 ἥτις]
270 2801 308 2835 εἴ
326 2813 381 2840 τις
405 2800 505 2836 Vind.
524 2802 599 2836 DE.
625 2804 703 2839 Vat.
713 2801 758 2837 H.

97 2848 193 2884 Flor.
217 2848 324 2883 ACT.
348 2847 446 2882 Stob.
472 2848 546 2883 cod.
569 2849 612 2883 A.

980 618 1030 663 Ὁ
1061 617 1194 671 αὐτὸς
1221 619 1329 676 γάρ,
1361 620 1470 677 ἔφη·

849 769 931 806 οἱον
958 767 1065 816 όταν]
1089 782 1193 816 porro
1218 769 1373 816 quotiens
1395 767 1473 803 Fic.

801 821 890 854 Ante
935 819 1020 851 haec
1066 818 1197 862 signum
1239 815 1474 868 interrogandi

800 865 898 911 posui
924 868 1035 897 motus
1071 864 1186 897 verbis⁴
1211 862 1397 897 Glauconis
1420 861 1473 895 in·-

800 915 855 946 fra
878 912 921 946 D.
947 910 1082 953 τοῦτο,
1110 905 1131 944 6
1158 907 1308 956 ἐρωτᾷς.

849 981 942 1024 του]
979 992 1044 1013 om.
1082 981 1167 1014 Ven.
1200 980 1240 1012 B.
1289 976 1390 1011 Vind.
1425 973 1470 1011 Ε.

804 1039 880 1061 που
914 1026 1000 1060 Lob.
1043 1025 1145 1060 Vind.
1168 1025 1244 1059 BF.
1286 1025 1366 1058 Vat.
1391 1023 1471 1057 ΒΜ.

803 1074 899 1107 Flor.
934 1073 976 1106 R.
1010 1075 1063 1112 et,
1110 1075 1149 1104 ut.
1181 1071 1339 1110 videtur,
1372 1069 1471 1103 Stob.

806 1120 879 1154 cod.
906 1120 944 1152 A.
993 1118 1084 1152 Nam
1108 1117 1196 1162 quod
1222 1117 1256 1149 in
1283 1115 1473 1149 Gaissordii

805 1166 953 1210 editione
985 1165 1069 1198 haec
1102 1167 1204 1196 nota:
1247 1163 1369 1205 ‚st-ov]
1396 1173 1471 1195 που

806 1212 879 1246 cod.
905 1213 970 1245 A.“
1003 1210 1045 1244 ad
1070 1221 1142 1242 που
1177 1212 1257 1253 post
1288 1204 1379 1241 ὅταν
1414 1219 1473 1240 re-

805 1258 875 1291 lata
910 1260 985 1297 est,
1035 1268 1138 1301 quum
1174 1254 1222 1288 ibi
1258 1266 1324 1288 non
1365 1253 1473 1287 50111111

806 1303 1045 1343 Geisfordius,
1096 1302 1156 1335 sed
1189 1301 1290 1334 etiam
1326 1301 1473 1333 Trinca-

803 1350 914 1382 vellus
939 1352 974 1381 et
995 1350 1170 1382 Gesnerus
1194 1358 1269 1380 που
1294 1346 1474 1388 ediderint,

806 1407 923 1428 errore
946 1396 1075 1428 facnun
1097 1394 1243 1428 videtur.

805 1461 876 1543 Floy‘
903 1461 1015 1543 κῇτά]
1040 1460 1103 1496 καὶ
1126 1462 1228 1498 Vind.
1252 1461 1297 1496 F.
1321 1461 1408 1505 Ang.
1432 1461 1475 1496 B.

854 1522 903 1544 or.
963 1536 971 1544 .

854 1557 1072 1621 τεταμένη]
1095 1575 1294 1621 τεταγμένη
1330 1578 1410 1612 vat.
1434 1577 1477 1611 Β.

809 1626 894 1661 Ven.
919 1626 961 1659 B.
986 1624 1086 1660 Vind.
1112 1625 1154 1659 E.
1179 1625 1278 1660 Stob.
1303 1624 1376 1659 cod.
1400 1624 1442 1657 B.

856 1693 929 1751 εἰς]
957 1706 1020 1727 om.
1045 1692 1148 1728 Vind.
1173 1693 1215 1727 D.

857 1737 894 1774 ἓν
922 1737 1040 1784 αὐτῇ]
1079 1741 1115 1774 in
1150 1741 1228 1783 ipsa
1260 1739 1378 1774 am'ma
1399 1737 1476 1773 Fic.
1500 1737 1541 1779 D

810 1787 942 1821 Eodem
964 1786 1063 1819 modo
1091 1785 1421 1819 Schleiermachems
1443 1788 1479 1818 et

812 1832 1063 1866 Stallbaumius.
1097 1831 1183 1864 Mihi
1209 1828 1309 1876 αυτῇ
1336 1832 1378 1865 ad
1402 1842 1479 1865 κοι-

811 1878 952 1913 νωνίαν
977 1878 1191 1911 neferendum
1215 1878 1362 1913 videtur.

856 1920 1020 1970 ᾔσθετό]
1049 1920 1197 1978 ἥσθητό
1222 1924 1324 1958 Vind.
1342 1924 1386 1959 F.

856 1971 981 2014 πᾶσα]
1006 1974 1085 2016 post
1109 1966 1188 2014 α’μα
1213 1970 1306 2004 Mon.
1317 1971 1358 2005 B.
1379 1970 1478 2004 Flor.

857 2060 1078 2118 ξυνήλγησε]
1112 2060 1175 2096 και
1211 2062 1288 2104 ξυν.
1322 2061 1407 2097 Ven.
1434 2062 1478 2099 C.

811 2107 961 2163 ξυνήλγε
982 2110 1080 2144 Vind.
1093 2109 1136 2143 Ε.
1165 2107 1363 2152 συνήλγησε
1378 2109 1476 2143 Stob.

856 2153 1113 2199 πονήσαντος]
1147 2153 1373 2199 ποιήσαντος
1397 2156 1478 2192 Vat.

811 2202 857 2236 H.
881 2202 977 2236 Flor.
1001 2202 1106 2236 ACV.

859 2245 1019 2302 λέγομεν]
1046 2245 1203 2290 λέγωμεν
1228 2246 1302 2281 Ald.
1319 2247 1401 2282 Bas.
1421 2247 1477 2283 ab.

861 2290 907 2349 ὁ]
934 2306 997 2328 om.
1023 2294 1122 2328 Vind.
1147 2294 1190 2328 D.

861 2336 992 2397 ἀλγεῖ]
1013 2337 1105 2383 οἷλγῆ
1131 2339 1224 2373 Mon.
1248 2339 1291 2374 Β.
1317 2350 1337 2373 a
1359 2350 1404 2374 m.
1427 2349 1482 2384 pr.

858 2385 944 2429 περὶ
969 2383 1082 2420 ἄλλον
1113 2382 1310 2440 ὁτουοῦν]
1331 2386 1374 2419 de
1396 2398 1483 2430 qua-

813 2433 866 2466 vis
901 2433 973 2465 alia
1008 2438 1114 2476 parte
1147 2437 1181 2465 et
1209 2433 1374 2475 passione
1403 2431 1481 2465 Fic.

814 2495 861 2502 —-
895 2474 1082 2524 οΰτρυοῦν
1126 2477 1212 2511 Lob.
1252 2478 1332 2513 Vat.
1364 2478 1406 2513 B.
1436 2496 1483 2503 —

817 2519 909 2559 ὅτου
935 2524 1005 2558 οὖν
1029 2524 1129 2558 Vind.
1153 2523 1196 2557 F.

861 2570 1043 2655 Ξῶἔέτῖὶςὲ
1065 2570 1256 2658 ἓὲῖοξΐὸὁ
1270 2569 1410 2655 ἢιιζιυ’·ι,·ο’ς
1441 2627 1482 2650 τε

817 2659 924 2705 λόγος
948 2663 1047 2696 Vind.
1068 2662 1145 2694 EF.
1170 2662 1254 2696 Ven.
1274 2661 1316 2696 Β.
1328 2662 1461 2717 e,tAng
1439 2663 1480 2696 B.

815 2709 908 2743 Flor.
936 2708 1009 2742 CR.
1036 2708 1111 2741 Ald.
1136 2707 1216 2740 Bas.
1236 2708 1289 2742 ab.
1319 2720 1337 2742 ο
1365 2705 1482 2747 αυτός

815 2766 855 2798 γε
880 2756 909 2788 λ.
934 2754 1054 2799 Steph.
1078 2753 1151 2786 Ast.
1169 2764 1221 2797 pr.
1248 2749 1267 2787 ὁ
1295 2750 1482 2798 οἷπόλογος

817 2801 916 2834 Stob.
942 2801 1015 2834 cod.
1039 2801 1081 2834 A.

862 2843 1023 2892 μέρους]
1048 2843 1160 2890 μέρος
1182 2845 1264 2880 Β35,
1287 2845 1342 2881 31).
