1807 3219
278 178 360 218 121

273 285 392 339 ταξύ.

736 171 1213 219 PLATONIS

457 281 638 327 Οὐκοῦν
675 282 744 327 ἐπὶ
782 285 862 341 μὲν
899 290 962 345 τῷ
1007 287 1102 332 ὄντι
1140 289 1304 345 γνῶσις
1342 280 1424 342 ἦν,
1464 283 1659 340 ἀγνωσία

208 358 245 399 Β
272 353 315 398 δ’
347 353 390 405 ἐξ
419 349 612 408 ἀνάγκης
651 350 720 395 ἐπὶ
753 351 818 409 μή
861 351 980 409 ὄντι,
1029 356 1098 400 ἐπὶ
1134 358 1198 412 τῷ
1234 352 1391 412 μεταξύ
1434 351 1480 396 δὲ
1515 352 1658 409 τούτῳ

274 419 435 477 μεταξύ
463 436 506 463 τι
534 420 608 463 καὶ
639 420 841 476 ζητητέον
872 420 1052 478 ἀγνοίας
1080 440 1126 468 τε
1155 424 1230 468 καὶ
1256 420 1511 503 ἐπιστήμης,
1550 423 1592 464 εἴ
1617 438 1659 465 τι

271 486 473 546 τυγχάνει
503 487 557 532 ὂν
585 491 813 540 τοιοῦτονς
863 490 994 535 Πάνυ
1033 492 1115 548 μὲν
1144 486 1240 537 οὖν.

268 650 302 684 Ρ.
331 637 395 680 51,
418 638 475 673 27.
500 638 547 682 Sy
550 638 598 672 lb.
623 639 659 672 et
690 636 938 682 εἰλικρινεῒται

268 684 360 730 apud
385 650 547 718 ’yeundem
566 685 610 718 de
643 685 766 718 mundo
799 697 876 731 cap.
902 687 936 721 5.

267 742 347 776 pag.
374 731 439 771 15,
470 733 504 766 2.
551 731 664 776 Atque
689 731 851 765 usitatam
875 731 935 765 ali-

268 757 404 822 quando
420 777 507 810 hanc
525 776 833 832 pronuntiationem
849 778 935 811 fuis—

268 834 307 856 se
342 823 563 867 compositum
603 820 935 867 ἄπειλικρινεῖσθαι

268 868 388 910 docet,
428 869 519 913 quod
551 880 594 903 ex
631 869 777 913 Synesio
812 870 934 903 citavit

269 914 441 947 Matthaei
470 914 567 948 Lect.
601 915 716 961 Mosq.
753 916 797 949 II.
830 917 888 950 79.
913 927 935 950 a

270 960 444 994 Creuzero
465 961 507 994 ad
530 961 699 995 Plotinum
723 961 765 994 de
788 962 932 1006 pulchro

270 1018 304 1061 Ρ.
327 1008 406 1042 266.
439 1006 596 1041 laudatus
629 1011 664 1040 et
704 1008 935 1041 Schneiderus

275 1054 310 1086 in
334 1052 453 1086 lexico,
484 1054 530 1086 At
553 1053 766 1087 nihilominus
790 1053 934 1107 simplex

269 1098 417 1143 aspirari
440 1099 569 1143 potuit,
604 1103 644 1132 ut
675 1099 782 1134 εἱλεῖν
807 1103 843 1133 et
866 1099 935 1134 alia

269 1145 472 1178 Buttmanno
503 1156 642 1189 gramm.
676 1146 705 1179 I.
737 1158 773 1191 p.
806 1147 863 1182 76.
898 1148 935 1180 et

268 1191 303 1224 in
334 1191 497 1224 addendis
530 1196 812 1233 commemorata,
847 1203 934 1237 quo-

268 1248 343 1270 rum
365 1237 400 1270 in
424 1237 618 1282 compositis
641 1237 754 1283 asperi
777 1238 865 1272 ratio
891 1249 934 1271 ne

269 1284 312 1317 ab
336 1282 459 1317 Atticis
490 1283 626 1337 quidem
659 1284 814 1318 habetur.
860 1284 934 1318 Iam

266 1329 832 1429 ffifflnssffz.”⁰3¹<¹{2¹‚{‚⁵p÷,..‘¹.2;}.
852 1335 932 1421 ³333

266 1433 347 1455 usus
371 1421 416 1454 sit
447 1433 513 1455 non
551 1421 711 1464 invenio,
742 1422 827 1456 satis
850 1434 934 1468 pro-

264 1467 424 1501 habiliter
456 1468 500 1501 ab
535 1467 613 1512 εἴλη
643 1472 840 1513 repetatur,
865 1480 934 1513 qua

265 1514 308 1547 de
332 1525 370 1547 re
394 1514 437 1547 cf.
462 1514 577 1558 Etym.
600 1526 635 1559 p.
659 1516 738 1557 298,
757 1515 813 1549 56.
833 1526 933 1560 quem

263 1560 373 1594 locum
397 1560 591 1594 Ruckertus
617 1560 659 1593 ad
684 1561 727 1604 S>
712 1572 802 1606 y.mp
822 1573 857 1606 Ρ.
875 1561 932 1595 56.

264 1606 439 1648 adhibuit,
462 1610 498 1640 et
521 1606 745 1640 Ruhnkenius
773 1607 817 1640 ad
840 1607 932 1640 Tim.

263 1664 342 1698 pag·
367 1632 447 1688 264⁹.
483 1650 687 1697 εἱλικρινῶς
722 1664 787 1686 non
821 1653 932 1687 minus

265 1710 383 1732 verum
419 1698 572 1740 videtur,
620 1710 720 1744 quam
755 1696 931 1742 ειλήσεων

264 1745 343 1779 Vol.
376 1745 403 1778 Ι.
437 1756 472 1789 Ρ.
499 1746 575 1780 197.
609 1750 645 1778 et
677 1746 756 1779 276.
807 1745 932 1790 Neque

265 1791 296 1825 si
330 1803 406 1824 cum
436 1791 576 1833 Guyeto
613 1795 649 1824 et
688 1791 929 1833 Valckenario‚

264 1836 388 1882 quibus
425 1837 666 1870 Stallbaumius
690 1837 734 1871 ad
756 1838 929 1871 Phaedon.

265 1895 300 1928 p.
320 1884 374 1918 52.
399 1882 507 1926 (Bibl.
532 1884 597 1918 Gr.
618 1883 693 1917 Vol.
711 1883 739 1916 Ι.
764 1889 848 1917 sect.
862 1883 929 1927 ΙΙ.)

266 1929 478 1971 assentitur‚‘
510 1940 532 1963 a
569 1931 737 1963 volvendo
771 1929 932 1963 derivare

266 1975 380 2017 malis,
412 1979 452 2009 ut
483 1975 624 2020 proprie
653 1975 795 2009 volubili
819 1975 930 2020 agita-

269 2022 364 2055 tione
386 2025 555 2055 secretum
579 2025 684 2067 atque
707 2022 793 2055 adeo
817 2022 931 2055 cribro

268 2071 451 2113 purgatum
495 2067 690 2111 significare
747 2071 933 2110 statuatur,

267 2126 425 2158 asperum
448 2114 629 2158 repudiare
652 2114 800 2157 cogaris.
841 2113 934 2147 Nam

266 2159 376 2195 εἱλεῖν
392 2159 517 2193 Atticis
536 2171 600 2193 non
613 2160 809 2193 inusitatum
826 2160 933 2194 fuisse

266 2210 412 2242 constat.
459 2207 501 2239 V.
528 2206 725 2240 Buttm'anni
750 2206 933 2250 Lexilogus

265 2253 312 2286 ΙΙ.
338 2264 372 2297 p.
401 2252 478 2287 157.
504 2254 559 2287 19.
585 2264 684 2297 quem
721 2252 843 2286 merito
876 2263 932 2285 se-

265 2303 364 2332 cutus
388 2302 441 2332 est
462 2298 498 2331 in
517 2298 625 2332 tertia
654 2298 752 2332 lexici
785 2298 933 2332 editione

263 2344 486 2379 Passovius=
477 2344 513 2377 in
548 2342 672 2388 εἰλέω,
717 2349 812 2378 recte
844 2345 932 2378 idem

262 2397 381 2425 nostro
416 2390 543 2425 nomini
566 2396 749 2436 utrumque
772 2390 932 2440 spiritum

263 2437 464 2471 attribuens.

306 2483 487 2562 μηδαμῆ]
511 2481 660 2542 afflant
686 2482 786 2538 Yind
812 2482 854 2517 F

309 2527 370 2563 ἐπὶ
394 2526 484 2573 μεν]
521 2530 557 2563 εἰ
583 2528 644 2564 ἐπὶ
668 2541 734 2573 μεν
767 2529 862 2562 Μοιι.
887 2529 930 2563 Β.

242 2575 354 2609 ‘Flor.
378 2575 425 2608 U.
460 2576 734 2615 Stallbaumius‚
750 2574 874 2609 omissa
894 2574 930 2608 in

259 2621 480 2677 sequentibus
504 2626 582 2667 post
604 2622 656 2668 τῷ
679 2618 815 2665 μεταξύ
846 2632 929 2666 par-

259 2668 365 2702 ticula
389 2664 451 2711 δὲ,
487 2680 587 2713 quam
610 2657 819 2722 reliquorum
842 2679 929 2711 quo-

260 2713 825 2796 RffKY⁰d¹⁰¹¹¹¹1²3·P³‘{¹l¹2²i¹³¹x¹r¹³³5.
845 2714 927 2793 ¹3¹5:

395 2772 452 2794 sec
522 2773 529 2793 ι
636 2773 654 2794 0
756 2772 791 2794 ιιι

260 2808 347 2841 ven.
374 2806 415 2840 C.
440 2773 662 2841 Flor.pACV.
687 2807 769 2841 Vat.
788 2806 873 2840 HM.
892 2811 929 2840 et

262 2865 283 2888 a
304 2865 346 2888 m.
368 2865 420 2900 pr.
446 2853 487 2888 B.
514 2853 697 2897 omittunt.
730 2852 809 2896 alii,
839 2852 926 2898 Ang.

1292 487 1377 547 Ἆρ’
1411 491 1495 534 οὐν
1533 489 1657 546 λέγο-

994 641 1048 676 Β.
1060 641 1152 675 Flor.
1177 642 1220 675 R.
1247 644 1283 675 et
1305 651 1368 685 per
1391 639 1657 674 additamentimi

993 699 1015 722 a
1037 700 1080 722 m.
1104 699 1158 733 pr.
1182 687 1286 723 Vind.
1309 687 1352 720 F.
1378 692 1458 720 ante
1475 687 1528 733 τῷ
1546 697 1655 730 μετα-

992 732 1036 775 ξὺ
1072 738 1222 789 ponunt,
1258 732 1315 766 alii
1346 733 1511 779 denique,
1554 732 1656 767 Vind.

991 780 1063 814 BD.
1097 780 1133 814 in
1158 776 1234 824 ἄρα
1256 782 1419 812 mutatam
1449 780 1592 817 habent,
1618 781 1659 811 ut

991 826 1132 859 duorum
1155 830 1307 867 tantum,
1331 825 1415 858 Ven.
1438 826 1478 859 B.
1505 828 1539 858 et
1562 825 1661 858 Flor-

990 871 1033 906 T.
1059 876 1095 905 et
1132 872 1346 916 antiquarum
1377 871 1562 905 editionum
1596 882 1655 904 au-

990 918 1151 952 ctoritate
1181 917 1244 951 niti
1276 917 1443 951 videatur.
1490 917 1582 949 Nam
1613 928 1658 949 ne

989 963 1129 997 Ficinus
1175 963 1311 1009 quidem
1367 960 1407 997 δὲ
1463 962 1654 1007 expressit:

991 1011 1084 1044 circa
1103 1011 1163 1052 id,
1189 1010 1279 1054 quod
1298 1014 1369 1050 est,
1395 1010 1549 1054 cognitio
1576 1009 1656 1053 ipsa

990 1061 1169 1091 versatur.-
1193 1056 1372 1101 ignoratio
1390 1067 1429 1089 cx
1450 1055 1658 1089 necessitate

992 1103 1085 1135 circa
1112 1103 1151 1135 id
1181 1102 1272 1143 quod
1298 1113 1366 1135 non
1388 1106 1449 1137 est.
1475 1101 1567 1134 circa
1584 1112 1658 1134 me-

991 1149 1087 1181 dium
1119 1149 1263 1182 istorum
1293 1148 1442 1181 medium
1482 1147 1658 1192 quoddam

989 1194 1293 1239 investigandum,
1316 1194 1495 1227 scientiam
1513 1193 1605 1226 inter
1622 1197 1657 1227 et

989 1241 1248 1285 ignorantiam,
1285 1240 1316 1273 si
1354 1240 1437 1284 quid
1463 1239 1660 1272 huiusmodi

990 1287 1172 1330 reperitur.
1230 1286 1363 1319 Tamen
1404 1285 1491 1319 haec
1522 1296 1659 1330 quoque

989 1332 1178 1365 auctoritas
1212 1332 1316 1366 multo
1351 1331 1467 1385 potior
1498 1331 1578 1373 illa,
1604 1330 1659 1364 cui

989 1378 1232 1412 Stallbaumius
1265 1377 1400 1423 paruit,
1428 1377 1575 1422 ideoque
1606 1376 1658 1411 le-

990 1424 1058 1458 ctio
1083 1424 1245 1468 vulgata,
1270 1435 1373 1469 qumn
1397 1423 1499 1457 semel
1527 1424 1569 1456 ab
1594 1422 1657 1464 eis,

990 1481 1076 1514 quos
1124 1469 1222 1515 sequi
1268 1470 1436 1510 solemus,
1485 1468 1657 1502 codicibus

989 1516 1167 1550 discedere
1200 1527 1380 1560 cogamur,
1423 1496 1472 1548 i’lli
1504 1514 1659 1560 quamvis

989 1573 1052 1607 per
1064 1573 1102 1596 se
1121 1562 1290 1607 probabili
1307 1561 1541 1607 praeferenda.
1555 1561 1658 1595 Com-

988 1612 1175 1642 memorato
1199 1609 1258 1642 illo
1284 1608 1375 1641 inter
1398 1608 1454 1649 id,
1477 1607 1569 1652 quod
1592 1609 1658 1649 est,

989 1657 1026 1688 et
1049 1654 1140 1699 quod
1164 1666 1230 1688 non
1255 1657 1328 1696 est,
1361 1654 1565 1698 interposito
1590 1654 1657 1687 So-

990 1705 1104 1734 crates
1136 1700 1283 1734 medium
1317 1700 1349 1733 ei
1373 1700 1544 1745 quoddam
1567 1700 1658 1733 inter

985 1746 1162 1780 scientiam
1196 1750 1232 1780 et
1263 1745 1478 1780 inscientiam
1509 1745 1657 1780 attribu-

986 1797 1086 1826 turus
1117 1805 1163 1826 an
1194 1794 1330 1838 igitur,
1366 1792 1496 1837 inquit,
1539 1793 1592 1827 ita
1620 1803 1656 1826 se

986 1850 1042 1872 res
1060 1840 1185 1873 habet.-
1210 1839 1369 1873 extremis
1388 1839 1525 1883 quidem
1542 1844 1655 1872 extre-

986 1897 1069 1926 ma,
1094 1886 1148 1928 ei,
1174 1886 1265 1929 quod
1285 1890 1358 1926 est,
1382 1885 1543 1926 scientia,
1565 1885 1657 1929 quod

986 1944 1054 1964 non
1072 1936 1142 1971 est,
1165 1932 1357 1965 necessario
1385 1932 1568 1964 inscientia
1599 1942 1658 1965 as-

985 1978 1166 2022 signanda
1199 1982 1297 2019 erat,
1331 1978 1444 2011 medio
1475 1989 1558 2011 vero
1583 1989 1655 2011 me-

988 2024 1083 2057 dium
1102 2024 1194 2057 inter
1218 2029 1400 2068 utramque
1423 2025 1655 2068 quaerendum

988 2069 1068 2103 est?
1102 2080 1247 2122 quorum
1268 2069 1463 2113 posterius,
1497 2069 1655 2114 quoniam

990 2115 1103 2159 priore
1137 2114 1372 2157 efficiebatur,
1409 2118 1582 2160 tamquam
1605 2115 1655 2149 al-

988 2165 1097 2194 teram
1121 2161 1196 2194 eins
1219 2166 1355 2206 partem
1387 2161 1492 2194 affert
1514 2165 1551 2194 et
1575 2172 1656 2206 par-

988 2207 1095 2240 ticula
1127 2203 1193 2250 μὲν
1237 2207 1329 2240 initio
1369 2207 1493 2252 prioris
1531 2208 1657 2242 innexa

988 2253 1084 2298 quasi
1122 2253 1350 2298 praenuntiat.
1401 2253 1514 2293 Quam
1546 2253 1656 2310 parti-

988 2299 1097 2333 culam
1120 2311 1186 2333 non
1209 2310 1311 2344 posse
1329 2299 1372 2332 ad
1383 2297 1422 2333 δὲ
1440 2303 1520 2355 post
1540 2298 1655 2344 ἄγνω-

989 2345 1051 2379 σία
1073 2345 1196 2379 referri
1219 2348 1255 2379 et
1278 2345 1422 2379 alterum
1447 2342 1487 2379 δε
1505 2351 1585 2391 post
1606 2346 1658 2379 al-

988 2396 1100 2424 terum
1135 2388 1194 2425 ἐπὶ
1225 2391 1402 2437 requirere
1425 2404 1491 2425 non
1516 2396 1657 2426 conten-

988 2437 1116 2472 derim.
1149 2437 1249 2471 inuno
1272 2438 1446 2482 vulgatam
1476 2438 1658 2473 lectionem

989 2488 1023 2516 et
1047 2496 1143 2525 eam,
1178 2495 1267 2528 quae
1297 2484 1332 2517 in
1364 2484 1465 2518 Vind.
1491 2485 1533 2520 F.
1565 2485 1654 2528 Ang.

988 2529 1028 2563 B.
1051 2530 1148 2564 Flor.
1172 2530 1215 2563 R.
1241 2533 1377 2572 exstat,
1409 2530 1472 2564 tali
1507 2530 1655 2575 opinioni

988 2580 1164 2620 acceptam
1188 2576 1401 2610 referendam
1420 2577 1530 2610 videri
1550 2588 1655 2621 posse

985 2622 1116 2664 senti03
1148 2634 1266 2656 verum
1301 2623 1376 2668 pari
1400 2626 1494 2656 certe
1513 2623 1590 2656 iure
1612 2623 1653 2656 li-

987 2672 1042 2702 cet
1065 2668 1100 2702 εἰ
1121 2680 1184 2714 pro
1208 2668 1412 2714 interpolato
1427 2669 1576 2712 habere3
1599 2673 1651 2703 at-

985 2726 1052 2760 que
1075 2715 1129 2757 id,
1166 2715 1259 2760 quod
1281 2715 1372 2748 haud
1407 2716 1538 2750 dubie
1531 2728 1564 2749 ιιι
1588 2716 1653 2749 hac

984 2761 1126 2806 periodo
1150 2761 1299 2803 excidit,
1323 2764 1403 2816 post
1423 2759 1559 2805 μεταξὺ
1590 2774 1650 2806 Ρο-

983 2807 1076 2849 tius,
1100 2819 1202 2851 quam
1226 2787 1305 2852 pos't
1338 2804 1480 2842 οὐκονν
1504 2808 1651 2842 excidis-

983 2864 1021 2887 se
1051 2854 1148 2889 varia
1184 2854 1402 2889 librariorum
1435 2854 1530 2890 circa
1561 2854 1650 2889 illam
