1807 3219
323 156 406 195 170
771 154 935 195 PLA
965 157 1245 199 '1¹0le

320 260 474 315 οἶσθα,
510 260 579 305 ὅτι
607 262 686 306 τὸν
723 263 781 320 μή
820 264 1086 322 πειθόμενον
1121 266 1314 323 ἀτιμίαις
1341 280 1386 309 τε
1418 263 1491 309 καὶ
1519 263 1707 320 χρήμασι

318 331 393 375 καὶ
422 329 635 382 θανάτοις
665 331 927 386 κολάζουσις
957 333 1046 378 Καὶ
1065 334 1202 391 μάλα,
1235 335 1339 391 ἔφη,
1372 331 1562 390 σφόδρα.
1600 333 1707 375 Τίνα

321 394 403 443 οὖν
443 397 580 443 ἄλλον
623 401 839 458 σοφιστήν
883 403 966 445 οἴει
1001 402 1031 459 ἢ
1071 404 1230 455 ποίους
1272 400 1518 452 ἰδιωτικοὺς
1547 398 1708 455 λόγους

256 478 289 518 Ε
320 467 497 512 ἐναντία
526 466 698 519 τούτοις
726 470 950 522 τείνοντας
975 472 1228 529 κρατήσειν,·
1265 470 1398 527 Οἶμαι
1429 469 1508 526 μὲν
1531 467 1707 520 οὐδένα,

317 531 345 593 ἦ
377 534 421 580 δ’
454 535 517 588 ὅς.
585 535 650 580 Οὐ
679 537 790 593 γὰρ,
834 533 891 595 ἦν
920 535 964 583 δ’
994 538 1103 595 ἐγώ,
1151 540 1260 585 ἀλλὰ
1289 541 1362 584 καὶ
1389 540 1439 583 τὸ
1477 538 1706 594 ἐπιχειρεῖν

317 604 456 662 πολλὴ
490 604 632 649 α’νοια.
676 604 779 650 οὔτε
806 605 891 663 γὰρ
924 608 1117 664 γίγνεται
1146 606 1247 652 οὔτε
1276 607 1457 665 γέγονεν
1487 606 1592 651 οὐδὲ
1621 608 1706 650 οὐν

317 673 376 730 μή
406 674 582 731 γένηται
614 673 790 718 ἀλλοῖον
817 671 930 732 ἦθος
961 676 1072 731 πρός
1117 674 1278 733 ἀρετήν
1319 677 1440 733 παρὰ
1479 676 1560 733 τὴν
1603 674 1706 719 τού-

316 758 405 786 των
442 743 646 787 παιδείαν
690 743 1068 801 πεπαιδευμένον,
1108 743 1412 799 ανθρώπειον,
1466 747 1500 789 ὠ
1542 745 1704 801 εταῖρε·

315 815 443 855 θεῖον
473 810 622 867 μέντοι
651 827 761 856 κατα
801 811 881 869 τήν
918 815 1161 871 παροιμίαν
1190 813 1428 898 ἐξαιρῶμεν
1454 811 1612 869 λόγου·
1656 814 1704 856 εὐ

315 896 401 936 γαρ
430 879 512 937 χρή
551 880 734 933 εἰδέναι,
778 880 927 936 ὅτιπερ
962 879 1017 925 civ
1053 885 1181 940 σωθῇ
1221 899 1265 926 τε
1294 883 1368 926 καὶ
1398 881 1576 938 γένηται
1606 878 1704 924 οἷον

225 953 292 989 493
318 950 385 993 δεῖ
412 948 460 993 ἐν
489 948 672 1008 τοιαύτῃ
701 948 964 994 καταστάσει
992 954 1245 1004 πολιτειῶν,
1274 955 1386 995 θεοῦ
1406 955 1572 1007 μοῖραν
1593 947 1701 994 αὐτὸ

362 1071 454 1118 τὸν]
481 1071 524 1107 τὸ
547 1074 628 1109 Par.
652 1074 692 1108 A.
717 1075 799 1110 vat.
813 1073 857 1108 H.
882 1074 979 1110 Flor.
1035 1075 1192 1109 baumius
1223 1078 1411 1121 praeeunte
1440 1075 1599 1109 Bekkero
1622 1085 1704 1120 pro-

315 1120 421 1156 ACV.
446 1120 535 1164 quod
559 1133 624 1154 non
657 1121 791 1155 omnino
814 1120 980 1165 ineptum,
1036 1122 1296 1167 perispomenon
1328 1123 1494 1156 fecerunt.
1550 1120 1605 1156 Cf.
1629 1121 1703 1154 Ru-

316 1166 375 1200 sed
398 1166 504 1199 multo
528 1167 680 1200 deterius
705 1170 768 1200 est.
1037 1168 1181 1202 ckertus
1208 1168 1251 1203 ad
1286 1168 1404 1212 Symp.
1439 1179 1473 1213 p.
1511 1168 1567 1202 24.
1602 1178 1703 1213 quem

361 1209 481 1256 μάλα]
512 1209 603 1268 μαλ’
629 1213 732 1248 Vind.
756 1213 800 1246 F.
826 1212 911 1257 Ang.
937 1212 976 1248 B.
1036 1214 1104 1248 iam
1128 1216 1203 1250 Vol.
1228 1215 1258 1248 Ι.
1284 1226 1318 1260 p.
1343 1216 1424 1256 240,
1450 1225 1482 1249 a.
1515 1214 1551 1248 in
1586 1213 1704 1247 eadem

364 1258 478 1302 Τίνα]
506 1255 574 1292 τίν’
598 1258 700 1292 iidem
725 1262 760 1293 et
782 1259 879 1295 Flor.
904 1260 947 1294 R.
1033 1272 1074 1295 re
1097 1260 1213 1295 citavi.

358 1304 516 1359 ποίους]
542 1317 626 1359 quos
644 1306 732 1339 alios
751 1305 828 1340 Fic.
1081 1304 1218 1352 λόγου]
1252 1303 1365 1350 λόγον
1396 1305 1485 1340 Lob.
1520 1305 1597 1340 Ald.
1621 1305 1702 1339 Bas.

359 1348 521 1394 τούτοις]
548 1348 708 1391 τούτους
730 1351 807 1385 Ald.
831 1352 909 1385 Bas.
923 1352 978 1386 ab.
1038 1354 1093 1387 ab.
1129 1354 1197 1396 „in
1230 1353 1391 1398 praeced.
1416 1352 1499 1386 edit.
1531 1352 1618 1386 male
1641 1349 1703 1386 λό-

249 1396 282 1438 Ε
357 1397 568 1441 τείνοντας]
615 1397 785 1431 τείνοντα
817 1398 898 1431 Par.
934 1398 978 1432 Κ.
1035 1411 1114 1443 γον.
1142 1399 1232 1433 unde
1255 1400 1343 1433 male
1373 1399 1510 1444 quidam
1533 1399 1702 1443 interpre-

311 1454 379 1477 sec.
406 1443 516 1476 Bekk.
541 1443 748 1484 πείθοντας
774 1443 977 1480 Lob.Vind.
1037 1449 1153 1482 tantur
1177 1457 1252 1479 cum
1276 1446 1440 1486 Erasmo,
1467 1445 1624 1479 Divinum
1642 1455 1701 1478 ex

310 1489 350 1524 B.
377 1489 455 1522 vat.
478 1489 526 1522 M.
1036 1492 1125 1536 cipio
1150 1494 1376 1525 ser1110nem.“
1399 1492 1522 1536 Steph.
1543 1491 1577 1525 in
1600 1502 1645 1525 m.

354 1532 571 1580 κρατήσειν]
602 1535 786 1579 κρατῆσαι
808 1536 910 1573 Vind.
932 1536 976 1570 E.
1082 1538 1188 1584 σωθῇ
1206 1539 1258 1582 τε]
1279 1538 1427 1582 σωθῆτε
1445 1538 1522 1572 Ald.
1546 1538 1627 1571 Bas.
1645 1536 1700 1571 ab.

309 1582 388 1618 Vat.
413 1582 459 1615 H.
485 1582 576 1614 Flor.
602 1582 743 1616 ACTV.
1035 1594 1074 1617 τε
1097 1596 1160 1618 om.
1186 1584 1279 1620 Flor.
1303 1585 1347 1619 T.

357 1624 474 1670 Οἶμαι
491 1625 558 1671 μὲν
576 1624 728 1672 οὐδένα]
747 1629 884 1662 Nullius
903 1640 977 1662 cer-
1081 1630 1160 1675 δεῖ]
1212 1629 1258 1675 δὴ
1307 1630 1405 1665 Vind.
1447 1629 1489 1663 F.
1536 1628 1623 1674 Ang.
1657 1628 1698 1662 B.

308 1678 343 1707 te
372 1675 565 1708 orationem
594 1674 672 1708 Fic.
720 1675 887 1709 Fortasse
911 1672 976 1709 ου’·
1034 1676 1126 1710 Flor.
1152 1677 1196 1710 R.

311 1717 422 1766 δένας
442 1720 537 1777 lezit.
1080 1719 1192 1766 αὐτὸ]
1218 1719 1336 1756 αὕτὸσ
1359 1721 1461 1757 Vind.
1486 1721 1527 1755 F.
1552 1721 1638 1766 Ang.
1653 1720 1766 1759 B.493

355 1766 403 1810 ἠν
426 1764 466 1800 δ’
484 1764 500 1800 ε’
502 1764 578 1810 γώ]
606 1778 672 1802 om.
696 1766 782 1801 Lob.
807 1766 908 1800 Vind.
934 1767 974 1801 B.
1079 1769 1223 1813 κακῶς]
1249 1768 1373 1802 κακῶν
1400 1768 1469 1803 Ald.
1493 1769 1574 1801 Bas.
1600 1780 1632 1802 a.

310 1811 402 1846 Mon.
425 1813 463 1846 Β.
496 1814 573 1847 Vat.
599 1813 678 1847 ΒΜ.
713 1813 796 1846 Ven.
824 1812 864 1846 C.
896 1813 975 1847 Par.
1083 1812 1183 1849 Οὐδ’
1213 1813 1293 1858 ἐμοὶ
1328 1810 1476 1858 ἄλλως]
1520 1810 1607 1849 οὐδὲ
1633 1824 1698 1857 μοι

308 1854 384 1892 DK.
409 1859 519 1892 Flor.
534 1857 576 1892 U.
1036 1858 1119 1895 ἀλλ’
1143 1858 1194 1900 ὥς
1218 1861 1318 1896 Vind.
1346 1862 1390 1896 Ε.

355 1904 518 1960 γίγνεται
548 1899 637 1938 ου’τε
667 1903 840 1949 γέγονεν]
874 1903 976 1948 γέγο-
1072 1904 1271 1952 “Ἔκαστος]
1307 1903 1491 1941 ’Ἐκαστον
1535 1907 1621 1951 Ang.
1655 1906 1696 1939 B.

308 1962 371 1984 νεν
392 1947 482 1985 ου’τε
503 1951 667 1995 γίγνεται
687 1952 780 1985 Mon.
813 1952 854 1985 B.
878 1952 976 1985 Flor.
1034 1954 1154 1999 Steph.
1194 1956 1267 1987 Ast.
1299 1965 1366 1988 sec.
1414 1953 1455 1986 In
1490 1952 1584 1986 Mon.
1609 1953 1651 1987 B*
1678 1964 1696 1992 ς

309 1997 353 2030 U.
381 1998 506 2042 (neque
525 1999 632 2042 enim)
646 1998 724 2041 suit
743 2010 895 2042 unquam
915 2009 977 2032 nec
1034 2012 1110 2034 cum
1132 2000 1254 2042 litura,
1291 2000 1351 2033 sed
1384 2011 1404 2033 a
1427 2011 1469 2033 m.
1494 2010 1547 2043 pr.
1573 2009 1696 2032 exara-

308 2050 359 2079 est
385 2044 462 2078 Fic.
1033 2051 1105 2080 tum
1128 2050 1191 2080 est.
1225 2046 1299 2087 „In
1323 2046 1481 2091 praeced.
1507 2045 1588 2079 edit.
1608 2045 1697 2078 seni-

356 2086 468 2134 οὕδὲ]
505 2085 596 2123 οὐδ’
622 2088 723 2124 Vind.
748 2089 826 2123 ΒΕ.
875 2089 975 2124 Conf.
1032 2096 1128 2138 ptum
1153 2095 1206 2125 est
1239 2089 1410 2134 ἕκαστος,
1445 2102 1547 2136 quum
1582 2094 1695 2124 tamen

312 2135 386 2171 Vol.
412 2136 443 2171 I.
464 2148 498 2180 p.
525 2137 603 2176 206,
628 2146 659 2170 a.
1031 2142 1193 2181 sequatur
1215 2136 1409 2172 παιδεύειν
1431 2140 1466 2170 et
1490 2138 1625 2171 καλεῖν.
1650 2138 1693 2170 At

354 2180 663 2227 πεπαιδευμένον]
683 2181 859 2217 παιπαιδ.
873 2181 974 2218 Vind.
1032 2185 1105 2219 Fic.
1143 2195 1246 2240 quum
1277 2185 1418 2218 deberet
1443 2181 1597 2218 ἕκαστον
1621 2194 1694 2216 mu-

1030 2234 1106 2264 tare
1139 2231 1173 2264 in
1208 2228 1358 2270 ἕκαστος
1394 2231 1517 2273 [immo
1542 2227 1695 2268 ἕκαστος

355 2271 590 2319 εξαιρῶμεν]
638 2275 847 2318 excipiamus
894 2274 971 2308 Fic.
1030 2277 1066 2310 in
1099 2274 1280 2321 ἕκαστον]
1323 2276 1470 2318 maluit,
1517 2275 1693 2310 retinendo

307 2317 440 2365 ἐξαίρει)
468 2321 568 2355 Vind.
593 2320 636 2354 Ε.
674 2321 776 2365 (Ven.
802 2321 842 2354 B
876 2321 972 2354 Flor.
1030 2320 1204 2366 ἕκαστος,
1232 2333 1274 2357 ex
1298 2320 1491 2357 παιδεύειν
1515 2326 1550 2356 et
1566 2323 1693 2356 καλεῖν

306 2367 401 2411 CT.)
427 2367 505 2401 Ald.
531 2367 610 2401 Bas.
635 2367 690 2402 ab.
716 2367 836 2411 Steph-
876 2363 969 2408 ἕξαι-
1028 2371 1144 2403 sacere
1176 2367 1348 2404 παιδεύει
1380 2372 1415 2402 et
1438 2370 1550 2402 καλεῖ.
1586 2367 1692 2402 vertit

305 2424 356 2456 ρω
383 2414 458 2447 Ast.
482 2424 550 2447 sec.
586 2413 864 2458 quemadmodum
896 2413 971 2445 vul-
1027 2416 1134 2457 enim,
1171 2416 1328 2461 Quisque
1352 2427 1468 2449 eorum
1492 2415 1550 2459 qui
1574 2413 1692 2458 priva-

304 2462 419 2503 gatam
444 2460 679 2503 corrigendam
703 2470 780 2492 esse
811 2459 971 2492 ostende-
1027 2462 1087 2495 tim
1112 2466 1254 2506 accepta
1273 2462 1428 2496 mercede
1445 2461 1595 2494 homines
1611 2470 1690 2492 eru-

297 2508 362 2560 ‚rat
386 2505 607 2539 Heindorfius
632 2505 675 2538 ad
699 2506 844 2539 Theaet
865 2507 897 2547 ἓ.
913 2506 968 2540 51.
1027 2508 1145 2550 diunt,
1178 2519 1262 2553 quos
1296 2508 1430 2553 quidem
1457 2507 1628 2552 sophistas
1653 2508 1690 2537 et

304 2546 498 2594 ἔξαίρομεν
522 2552 624 2585 Vind.
635 2551 675 2585 F
700 2551 780 2586 Par.
790 2551 866 2586 DK.
880 2553 967 2595 Ang.
1027 2555 1176 2588 aemulos
1208 2554 1333 2588 artium
1369 2553 1561 2598 appellant,
1607 2550 1690 2584 nihil

301 2596 342 2630 B.
382 2598 476 2630 Flor.
502 2597 545 2633 R.
586 2599 672 2633 Ven.
708 2597 748 2632 C.
790 2608 859 2631 sec.
893 2598 968 2631 Ast.
1025 2599 1117 2634 aliud
1141 2601 1326 2634 docendum
1350 2604 1468 2645 putat,
1493 2610 1592 2643 quam
1605 2598 1691 2633 mul

303 2639 523 2699 ἐξαιροῦμεν
571 2644 663 2677 Μοη.
704 2643 743 2677 Β.
791 2644 884 2680 Flor.
922 2644 966 2679 U.
1024 2649 1135 2679 torum
1158 2647 1364 2688 sententias,
1400 2646 1436 2680 in
1459 2646 1624 2691 quibusc
1607 2654 1690 2676 con-

304 2685 504 2733 εξαίρωμεν
550 2690 630 2725 Par.
663 2690 704 2723 A.
754 2690 839 2725 Lob.
886 2691 966 2725 Vae
1025 2692 1196 2735 sentiunt,
1244 2693 1379 2738 quoties
1418 2692 1688 2736 congregantur:

302 2735 418 2770 BHM.
455 2735 552 2769 Vind.
580 2737 618 2771 Β.
654 2736 746 2770 Flo».
776 2737 843 2770 AV.
880 2737 966 2771 Ven.
1024 2741 1129 2783 atque
1152 2740 1239 2773 hanc
1258 2739 1460 2784 sapientiam
1481 2740 1594 2772 vocat.
1614 2736 1689 2769 Ge·-

305 2781 343 2814 (ἶ
370 2796 385 2813 .
389 2793 438 2815 vc.
464 2783 575 2816 Bekk.
611 2782 701 2826 qnod
735 2787 908 2816 servatum
931 2783 966 2816 in
1023 2786 1127 2819 nuina
1159 2788 1273 2820 tamen
1304 2785 1406 2818 lectio
1443 2787 1496 2819 est
1533 2780 1687 2817 ἕκαστον

304 2839 354 2871 ρι·Α
383 2828 498 2862 Astius
524 2828 557 2862 in
582 2829 686 2862 tertia
710 2828 764 2864 ed.
789 2833 824 2863 et
860 2829 966 2863 Stall-
1024 2842 1100 2865 cum
1136 2831 1204 2867 iuis
1247 2831 1449 2874 infinitivis,
1489 2829 1569 2877 quia
1602 2841 1687 2876 pen-
