1807 3219
289 168 346 207 30
734 164 767 205 P
796 163 837 204 L·
858 162 903 204 A
931 163 969 204 T
988 163 1040 207 'O
1069 162 1108 206 N
1135 163 1156 206 I
1185 163 1215 205 S

290 276 434 331 ἔγωγε.
487 275 553 318 Τί
570 273 640 326 δές
661 275 919 332 ’φιλόσοφός
945 291 991 319 τε
1018 277 1095 320 καὶ
1123 277 1390 332 μισόσοφοςς
1427 276 1502 320 καὶ
1530 281 1674 333 θυμο-

290 344 430 399 ειδὴς,
467 340 571 399 ἡδ’
604 340 799 400 ἄθυμοςς
847 344 968 388 Ἔστι
1003 345 1263 388 καὶταῦτα.
1309 344 1459 388 ’Ἐστιν
1488 340 1573 398 ἄρα
1600 345 1676 388 καὶ

278 412 518 468 -φυλακικὴ
546 410 682 467 γυνὴ,
721 412 746 468 ἡ
781 410 821 455 δ’
849 410 923 456 ου’
963 411 998 468 ἢ
1023 410 1076 456 οὐ
1105 411 1314 469 τοιαύτην
1354 411 1429 456 καὶ
1465 414 1557 454 τῶν
1597 409 1674 457 ἄν·

291 482 436 533 δρῶν,
477 482 568 521 τῶν
606 477 903 535 φυλακικῶν.
931 480 1071 562 φύσιν
1108 480 1407 536 ἐξελεξάμεθα;
1445 478 1676 562 ’Tocabmyv

290 548 371 604 μὲν
402 541 498 590 οὖν.
547 548 646 590 Καὶ
675 546 897 602 γυναικὸς
930 547 1018 603 α’ρα
1048 549 1123 592 καὶ
1151 547 1316 603 ἀνδρὸς
1344 548 1370 606 ἡ
1401 546 1510 604 αυτή
1543 546 1678 604 φύσις

291 618 352 667 εἰς
383 614 591 672 φυλακὴν
619 615 809 669 πόλεως,
847 613 962 672 πλὴν
1002 615 1084 660 ὅσα
1116 614 1408 673 ἀσθενεστέρα
1441 616 1470 673 ἢ
1501 619 1678 672 ἰσχυρο-

289 685 392 738 τέρα
441 684 542 727 ἐστι’
608 686 858 728 Φαίνεται..
885 686 992 729 Και
1009 691 1214 754 γυναῖκες
1262 685 1346 738 ἄρα
1392 686 1439 728 αἱ
1477 689 1679 728 τοιαῦται

222 758 260 799 Β
285 757 379 803 τοῖς
407 751 627 804 τοιούτοις
657 750 876 808 ἀνᾶρασιν
900 753 1113 797 ἐκλεκτέαι
1143 757 1367 796 συνοικεῖν
1395 769 1440 796 τε
1469 753 1543 796 καὶ
1567 764 1677 808 συμ-

290 819 552 878 φυλάττειν,
605 820 777 877 ἐπείπερ
817 822 926 865 εἰσὶν
963 822 1113 866 ἱκαναὶ
1151 821 1224 865 καὶ
1268 822 1483 877 ξυγγενεῖς
1525 820 1678 872 αὐτοῖς

289 943 617 989 φιλανθρωπικοὶ,
645 945 875 989 φιλαρχικοὶ,
895 958 954 990 φι-

290 991 499 1035 λεριστικοὶ,
526 991 824 1035 φιλοδημοτικοὶ,
851 995 956 1036 φιλο-

289 1037 567 1082 χρηματιστικοὶ
601 1038 626 1071 ii
669 1039 853 1080 dicuntur,
899 1039 957 1083 qui

291 1091 416 1117 natura
449 1090 528 1118 sunt
566 1084 610 1117 ad
653 1085 955 1128 φιλανθρωπίαν,

292 1130 492 1174 φιλαρχίαν
516 1134 582 1163 etc.
617 1130 776 1175 propensi
798 1142 859 1164 seu
882 1131 957 1164 ido—

290 1177 368 1218 nei,
401 1178 450 1209 ita
475 1175 784 1220 φιλογυμναστικὴ
811 1188 852 1210 ea
883 1188 956 1210 mu-

289 1222 356 1256 lier
385 1222 532 1263 dicitur,
582 1223 678 1256 cuius
713 1222 842 1256 indoles
876 1223 956 1256 talis

289 1274 368 1310 est,
412 1272 452 1301 ut
498 1268 812 1313 φιλογυμναστίαν
857 1269 959 1303 facile

289 1315 325 1348 in
350 1326 387 1348 se
410 1315 565 1359 recipiat.
615 1315 664 1348 Et
688 1315 815 1359 poterit
836 1315 956 1349 horum

289 1360 471 1394 collatione
494 1359 752 1404 φιλοσοφικὸς,
772 1362 863 1406 quod
875 1362 956 1394 Ste-

289 1407 424 1452 phanus
458 1407 531 1440 sine
565 1408 757 1441 testimonio
791 1407 956 1449 exhibuit,

288 1453 519 1486 Schneiderus
542 1453 765 1498 proscripsit,
791 1457 885 1487 certe
900 1460 956 1486 to-

288 1499 431 1532 lerabile
456 1499 577 1532 videri.
625 1499 665 1533 In
688 1499 858 1544 prioribus
874 1511 956 1533 vero

224 1575 228 1585 ,
287 1545 384 1579 nulla
414 1556 536 1579 caussa
561 1549 635 1586 est,
672 1546 764 1590 quod
799 1547 842 1579 ab
867 1545 957 1590 opti-

287 1603 419 1625 morum
455 1597 491 1625 et
509 1632 511 1635 ι
532 1591 750 1636 plurimorum
796 1592 958 1625 librorum

287 1638 436 1671 lectione
468 1637 675 1671 discedatur.
730 1639 788 1672 Ad
815 1639 957 1672 medici-

287 1696 393 1724 nam,
428 1685 477 1717 ad
508 1686 674 1719 musicam
702 1684 847 1718 idoneas
887 1696 957 1719 esse

287 1731 473 1764 nonnullas
491 1742 681 1764 concessum
691 1736 761 1764 est.-
785 1731 868 1775 quid
883 1731 958 1775 igi-

289 1776 377 1811 tur?
435 1777 483 1810 acl
520 1778 774 1821 gymnasticam
817 1777 958 1810 nullane

289 1834 398 1866 neque
430 1823 478 1855 ad
506 1824 627 1855 bellum
656 1824 782 1856 idonea
811 1834 880 1855 esse
903 1824 957 1855 al·-

290 1874 469 1911 ten-amque
488 1881 555 1902 non
581 1870 741 1902 idoneam
762 1869 959 1912 oppositam

291 1915 357 1948 sibi
379 1915 504 1948 habere
529 1915 690 1948 dicetur?
731 1914 856 1959 Neque
884 1914 959 1947 sine

291 1960 428 1993 ratione
483 1961 568 1994 haec
623 1960 673 1994 ita
727 1959 959 2001 enuntiantur,

293 2006 568 2051 quandoquidem
598 2007 662 2040 hoc
696 2006 807 2050 ipsum
837 2006 962 2039 adver-

295 2052 397 2094 sarii,
439 2052 498 2096 qui
532 2053 576 2086 ad
608 2053 793 2086 custodiam
826 2052 960 2097 ineptas

294 2098 453 2132 mulieres
483 2110 559 2132 esse
593 2099 863 2140 contenderent,
904 2098 961 2139 vei

295 2145 440 2178 maxime
462 2145 623 2189 negaturi
645 2150 763 2187 erant3
805 2156 907 2189 quos,
931 2144 961 2177 'si

297 2191 396 2235 prius
432 2192 642 2233 concedant,
688 2191 856 2236 posterius
899 2202 958 2223 ne-

294 2242 396 2292 gent3
420 2237 554 2271 sibimet
584 2238 676 2282 ipsos
701 2248 893 2291 repugnare
918 2236 959 2269 il-

295 2283 354 2316 lud
381 2279 455 2327 ἄρα
478 2283 651 2327 negationi
675 2284 888 2318 coniunctum
904 2293 960 2316 ar·-

293 2329 380 2373 guit.

341 2395 384 2432 δέ
393 2399 406 2442 ]
433 2398 498 2432 δαί
521 2398 614 2432 Flor-
636 2398 681 2432 T.

339 2480 405 2502 και
435 2464 668 2511 μισόσοφος]
701 2470 779 2511 post
812 2461 961 2509 αθνμος

296 2515 375 2548 Gal.
438 2526 538 2558 quem
585 2513 735 2546 ordinem
781 2514 961 2545 verborum

296 2560 413 2594 Astius
444 2560 480 2593 in
511 2572 578 2594 sec.
605 2558 660 2592 ed.
691 2558 960 2616 amplexandum,

296 2607 332 2639 in
354 2606 460 2639 tertia
482 2603 506 2650 ή
545 2603 585 2639 δὲ
616 2616 700 2651 pro
711 2604 775 2638 καὶ
809 2604 960 2637 scriben-

296 2653 376 2686 dum
400 2659 535 2693 censet,
567 2650 844 2696 quemadmodum
868 2650 961 2683 Fici-

297 2710 360 2732 nus
384 2698 516 2743 interpr
519 2700 651 2731 etatur:
675 2697 730 2730 An
750 2709 817 2731 non
838 2702 872 2731 et
890 2708 961 2730 una

298 2746 434 2790 quidem
471 2745 666 2788 sapientiae
707 2744 865 2778 studiosa
897 2748 961 2783 est,

299 2794 413 2826 altera
427 2792 638 2834 sapientiam
654 2790 807 2834 spernit.-
840 2794 876 2822 οὑ
891 2788 960 2822 ima

297 2839 392 2872 elato
416 2838 552 2879 animo,
572 2837 692 2872 alterii
717 2847 797 2870 vero
822 2836 960 2879 deprcs—

1013 959 1070 980 s.o
1061 946 1080 971 '7
1105 946 1236 979 Contra
1249 945 1490 979 Stallbaumius
1505 945 1678 989 vulgatam

1013 993 1191 1026 lectionem
1224 992 1288 1024 hoc
1334 991 1444 1047 ipsum
1484 991 1678 1034 significare

1013 1038 1154 1072 statuit.
1178 1037 1215 1070 τί
1235 1035 1296 1078 65,-
1321 1034 1344 1081 ἡ
1370 1035 1436 1080 μὲν
1456 1035 1677 1082 φιλόσοφος,

1012 1081 1036 1128 ἦ
1063 1082 1102 1118 δὲ
1136 1080 1363 1127 μὶσόσοφος;
1406 1084 1466 1117 sed
1500 1085 1678 1138 quomodo,

1013 1142 1080 1164 non
1105 1130 1262 1163 ostendit.
1311 1129 1453 1164 Scilicet
1470 1134 1549 1174 post
1568 1128 1676 1184 φιλό-

1014 1174 1133 1220 σοφός
1167 1175 1206 1210 τε
1247 1176 1447 1220 suppleatur
1483 1173 1600 1220 γυνήε
1643 1182 1678 1211 et

1012 1224 1170 1257 studiosa
1194 1223 1388 1266 sapientiae
1405 1223 1556 1257 mulier'
1542 1223 1678 1258 mvem'-

1013 1275 1070 1303 tur
1094 1274 1131 1302 et
1150 1269 1192 1302 ab
1212 1280 1255 1302 ea
1274 1270 1399 1302 aliena.

1060 1334 1116 1382 δ’]
1145 1333 1184 1371 δὲ
1209 1336 1292 1371 Eus.
1320 1336 1400 1371 Gal.

1060 1401 1229 1448 ἅθυμοςς
1252 1401 1382 1450 ”Εστι]
1407 1401 1560 1448 ἄθυμός
1581 1402 1677 1446 ἐστις

1013 1452 1115 1486 vind.
1141 1453 1182 1486 F.
1209 1452 1294 1486 Eus.

1058 1516 1083 1565 ἦ
1111 1517 1149 1555 6'
1159 1521 1171 1564 ]
1197 1516 1269 1564 ἥδ’
1294 1519 1393 1554 Vind‘.
1420 1519 1460 1553 Β.
1493 1519 1568 1554 A1d.
1595 1519 1676 1554 Bas.

1015 1567 1069 1600 ab.
1097 1567 1189 1610 (Ald.
1214 1568 1294 1600 Bas.
1321 1567 1373 1600 ab.
1401 1566 1529 1600 etiam
1519 1578 1555 1599 ln
1576 1577 1679 1610 supe-

1014 1613 1160 1646 rioribus
1184 1608 1254 1657 ἠδ’
1281 1608 1445 1656 ἄμουσος
1479 1624 1554 1646 cum
1578 1612 1677 1645 Vind.

1014 1659 1056 1692 F.
1082 1659 1230 1701 habent,
1269 1664 1305 1692 et
1339 1659 1414 1692 Ald.
1437 1658 1484 1693 in
1518 1658 1679 1714 ΡιοΧὶῐῑιίε

1013 1701 1085 1749 ἥδ’
1110 1686 1279 1748 ἄθυμος
1314 1705 1372 1739 ubi
1404 1705 1484 1738 Bas.
1509 1706 1563 1738 ab.
1577 1700 1613 1758 ἤ
1638 1701 1679 1737 δ’

1014 1751 1206 1796 exhibent.)
1253 1749 1276 1796 ἢ
1304 1747 1344 1785 6'
1347 1777 1357 1795 ‚
1393 1763 1414 1785 e
1446 1762 1533 1785 corr.
1568 1747 1595 1794 ἥ
1629 1746 1676 1793 6’,

1012 1797 1116 1833 Vina,
1141 1797 1181 1830 F.

1061 1862 1118 1900 οὕ.
1130 1867 1144 1910 ]
1170 1861 1242 1908 οὕς
1269 1866 1366 1900 Vind.
1391 1866 1432 1899 B.
1458 1830 1578 1910 Stepu.
1603 1865 1678 1899 Ast.

1012 1924 1065 1958 pr.
1092 1917 1128 1946 et
1151 1925 1219 1946 sec.

1062 1975 1110 2025 ἢ]
1144 1975 1170 2025 ἦ
1195 1981 1293 2015 Vind.
1319 1981 1358 2016 B.
1383 1977 1440 2014 ”H
1457 1980 1532 2014 Ald.
1559 1979 1679 2025 Steph.

1063 2038 1148 2083 καὶ]
1176 2052 1240 2073 om.
1265 2038 1338 2072 Fic.

1062 2093 1321 2139 ἐξελεξάμεθα]
1333 2092 1570 2137 ἐξελεξέμεθα
1579 2093 1678 2127 vind.

1016 2144 1060 2177 E.
1103 2140 1330 2186 ἐκλεξάμεθα
1358 2143 1433 2175 Ald.
1463 2142 1543 2175 Bas.
1569 2152 1601 2175 a.
1635 2160 1681 2165 —-

1018 2190 1057 2223 v.
1084 2189 1125 2222 L.
1150 2189 1200 2222 11.
1227 2200 1260 2233 p.
1286 2189 1365 2223 376.
1394 2187 1433 2221 c,

1063 2253 1087 2302 ἦ
1115 2254 1234 2302 αὑτὴ]
1259 2255 1322 2291 καὶ
1346 2253 1369 2301 ἦ
1397 2252 1492 2300 αὐτὴ
1517 2255 1619 2289 Vind.
1636 2256 1679 2290 E..

1062 2324 1160 2380 πλὴν
1187 2322 1257 2360 ὅσα
1277 2320 1560 2369 ἀσθενεστέοαῆ
1582 2324 1679 2380 ἰσχυ-

1017 2370 1152 2416 ροτέροι
1176 2369 1289 2416 {ozi-J
1337 2372 1408 2405 In'
1402 2372 1453 2404 iis
1482 2372 1561 2405 Par.
1589 2373 1626 2404 Α,
1653 2367 1676 2415 ἢ

1017 2419 1164 2459 omittit,
1197 2419 1294 2451 Vind.
1320 2419 1363 2451 E.
1400 2418 1477 2451 Vat.
1505 2417 1548 2450 H
1583 2417 1677 2450 F.lor

1017 2464 1122 2498 ACV.
1149 2461 1417 2507 ἀσθενεστέροις
1441 2468 1476 2496 et
1496 2461 1679 2506 ἰσχυροτέ-

1016 2522 1107 2553 ρας,
1140 2511 1224 2543 Lob.
1265 2511 1364 2543 Vind.
1390 2510 1472 2543 BF.v
1493 2509 1572 2542 Vat.
1597 2509 1676 2542 ΒΜ.

1018 2557 1103 2590 Ven.
1130 2557 1171 2589 C.
1197 2554 1444 2598 ἀσθενέστεροι
1466 2555 1556 2598 (hoc
1578 2553 1679 2588 etiam

1015 2603 1096 2637 Bas.
1121 2604 1196 2647 ab.)
1230 2609 1265 2636 et
1290 2600 1508 2646 ἰσχυρότεροι
1535 2601 1681 2642 habent3

1018 2650 1098 2692 (pro
1137 2649 1224 2683 Ven.
1251 2649 1290 2681 C.
1326 2648 1482 2693 suspicor
1513 2647 1613 2679 Vind.
1637 2647 1678 2680 B.

1016 2696 1211 2728 Bekkerum
1258 2694 1451 2749 significate
1502 2692 1681 2747 voluisse.)

1016 2741 1116 2774 vind.
1131 2742 1173 2774 D.
1198 2740 1269 2785 πλὴ
1273 2753 1311 2774 ν
1321 2736 1405 2774 ὅσα
1407 2736 1681 2782 ἀσθενεστέρας

1017 2786 1091 2821 κοιλ
1105 2754 1347 2831 ίσχυρότηέρας
1369 2783 1444 2820 ἐστὶ
1477 2796 1550 2818 cum
1574 2797 1599 2818 α
1622 2796 1679 2818 su·-

1018 2843 1080 2878 per
1103 2832 1222 2873 ultima
1255 2831 1481 2878 comparativi
1503 2831 1679 2876 utriusque
