1807 3219
247 196 304 235 28

702 189 1179 235 PLATONIS

245 319 291 347 τε
331 303 404 347 καὶ
445 302 677 359 ἑψημάτων
718 300 994 360 θεραπείαν,
1052 303 1099 348 ἐν
1140 302 1207 355 οἷς
1249 303 1303 360 δή
1344 319 1386 346 τι
1428 304 1549 348 δοκεῖ
1582 322 1631 349 το

182 376 221 417 D
247 376 499 428 γυναικεῖον
527 372 654 428 γένος
684 370 816 424 εἶναι,
870 374 925 416 οὐ
966 373 1040 416 καὶ
1080 370 1506 428 καταγελαστότατόν
1545 373 1635 418 ἐστι

242 439 421 484 πάντων
470 439 744 523 ἡττώμενον·
733 473 744 491 ,

798 439 961 496 Ἀληθη
971 473 982 493 ,
1034 439 1117 496 ἔφη
1132 473 1144 493 ,

1203 439 1361 519 hyac,
1414 440 1481 484 ὅτι
1521 441 1634 485 πολὺ

241 509 462 563 κρατεῖται
493 508 540 552 ἓν
570 506 754 560 ἅπάσιν,
792 526 852 560 ως
883 508 984 559 ε’πος
1015 510 1176 559 εἰπεῖν,
1218 506 1267 550 τό
1299 508 1427 562 γένος
1456 513 1538 553 τοῦ
1565 510 1635 566 γέ-

245 593 363 628 νους.
394 580 599 635 γυναῖκες
636 577 785 633 μέντοι
813 577 971 620 πολλαὶ
1006 579 1181 620 πολλων
1225 573 1404 631 ἀνδρῶν
1434 578 1634 632 βελτίους

245 647 307 696 εἷς
337 643 500 689 πολλά·
541 644 590 690 τὸ
628 645 675 688 δὲ
714 643 822 691 ὅλον
860 645 944 700 ἔχει
982 642 1041 696 (ὃς
1070 643 1125 688 συ
1158 644 1312 700 λέγεις.

1375 643 1517 689 Οὐδὲν
1547 645 1635 701 ἄρα

248 713 390 767 ἐστὶν,
429 708 465 757 ὦ
496 713 616 769 φίλε,
661 712 928 768 ἐπιτήδευμα
956 717 1046 757 τῶν
1074 712 1202 756 πόλιν
1232 712 1522 757 διοικούντων
1550 731 1631 769 γυ-

245 780 396 832 ναικὸς
425 779 540 825 διότι
566 780 704 838 γυνὴ,
734 780 835 825 οὐδ’
863 781 1024 837 ἀνδρὸς
1046 779 1155 826 διότι
1174 778 1309 837 ἀνὴρ,
1340 779 1438 825 ἀλλ’
1470 780 1634 839 ὁμοίως

245 928 375 964 &mom
399 929 476 972 ζῶοε
500 929 563 964 καὶ
583 928 910 974 φντοὶ.Ρ1·οΐε11111-

244 988 319 1010 rum
352 977 440 1010 enim
473 979 706 1022 placentarum
746 977 910 1022 pistiices

244 1034 311 1056 non
336 1027 567 1066 comparasset
592 1035 666 1056 cum
690 1027 834 1057 naturae
856 1023 910 1057 vi-

243 1069 338 1102 ribus
383 1069 447 1102 diis
493 1069 652 1103 animalia
696 1073 730 1103 et
774 1070 910 1114 plantas

244 1116 339 1148 velut
362 1115 504 1149 totidem
536 1115 707 1150 sacrificia
729 1116 910 1149 offerenti-

245 1161 309 1194 bus
335 1166 439 1206 atque
463 1173 505 1195 ex
529 1161 655 1205 gremio
673 1166 788 1196 terrae
812 1162 909 1196 emit-

244 1207 406 1241 tentibus.

291 1255 356 1308 τε]
386 1266 450 1287 om.
475 1253 575 1287 Vind.
599 1254 641 1287 D.

292 1297 362 1357 δή]
388 1300 463 1341 δεῖ,
488 1310 562 1344 sup.
585 1297 632 1344 η’,
663 1299 763 1334 Vind.
786 1299 829 1334 F.

291 1341 361 1390 οὗ]
389 1343 434 1380 οὕ
454 1325 559 1380 idem.

289 1391 375 1437 καὶ]
401 1392 461 1425 int.
488 1403 576 1426 vers.
600 1391 702 1425 Vind.
727 1392 771 1425 E.

288 1435 668 1482 καταγελαστότατόν]
681 1438 828 1471 Primam
839 1437 908 1481 syl-

243 1485 354 1520 labam
378 1485 478 1518 Vind.
504 1485 544 1518 F.
568 1485 629 1518 int.
657 1495 743 1518 vers.
768 1484 882 1517 habet.

182 1535 220 1575 D
293 1529 368 1565 ἐστι
390 1529 564 1575 πάντων]
600 1528 696 1564 ἐστὶν
732 1525 908 1564 ἁπάντων

246 1578 339 1612 Flor.
358 1579 409 1621 Τ.
433 1574 508 1611 ἔστι
532 1574 708 1619 πάμπολυ
729 1576 803 1610 Gal.
823 1577 908 1610 Eus.

291 1622 383 1668 ἔφη,
408 1621 542 1667 λέγεις]
571 1625 601 1656 λ.
628 1621 654 1656 ἔ.
683 1624 760 1656 Gal.

289 1668 385 1704 πολὺ
420 1670 631 1725 κρατεῖται]
670 1670 910 1712 πολυκρατεῖ-

243 1729 305 1750 ται
331 1716 410 1750 Gal.
444 1715 508 1749 καὶ
532 1713 626 1748 πολὺ
652 1715 818 1759 κρ.Ε115.

290 1761 349 1806 ἐν]
373 1759 416 1796 ἓν
440 1762 540 1795 Vind.
565 1762 609 1795 E.

290 1807 447 1852 πολλαὶ]
489 1821 554 1842 om.
600 1807 686 1841 Lob.
716 1806 833 1841 Vind.
866 1807 909 1841 B.

245 1856 328 1890 Vat.
354 1855 431 1888 ΒΜ.

293 1899 355 1945 δὲ]
383 1898 424 1934 δ’
452 1900 532 1934 Gal.

294 1943 405 1990 ὅλον]
458 1942 546 1980 ὅλον
581 1943 664 1979 ἔλον
713 1955 787 1978 cum
819 1945 911 1979 linea

246 1999 445 2028 transversa
462 1994 523 2026 sub
546 1990 641 2032 ἕλον,
667 1991 757 2036 quod
781 1991 911 2036 signum

245 2039 380 2075 delendi
404 2045 472 2080 est,
507 2039 599 2072 Mon.
624 2039 665 2071 B.

294 2082 382 2141 ἄρα
383 2083 510 2140 ἐστὶν]
545 2080 581 2118 ἅ.
609 2081 706 2118 ἔστιν
745 2083 843 2118 Vind.
867 2084 910 2118 F.

244 2130 342 2167 ἔστιν
368 2127 414 2174 ἄρ
418 2144 442 2165 α
467 2131 546 2165 Gal.

291 2191 321 2212 ω
349 2178 459 2233 φίλε]
491 2190 556 2211 om.
581 2176 680 2210 Vind.
706 2177 749 2212 Ε.

292 2221 387 2268 οὐδ’]
414 2221 502 2258 ου’δε
528 2223 608 2258 Gal.
635 2219 724 2257 ουδ’
751 2218 799 2257 ἂν
823 2222 907 2257 Eus.

243 2269 322 2306 ἀλλ’
349 2271 449 2304 Vind.
472 2270 517 2306 Ε

288 2314 379 2373 μὲν]
405 2330 468 2351 om.
493 2316 592 2350 Vind.
616 2316 661 2349 D.

290 2361 329 2397 δὲ
357 2361 474 2419 ἀνὴρ]
500 2359 530 2396 δ’
553 2360 649 2417 ἁνὴρ
676 2361 755 2395 Gal.
780 2364 815 2395 et
837 2364 910 2396 sta—

243 2409 304 2444 tim
328 2414 408 2465 post
432 2407 474 2443 δ’
501 2405 595 2442 <isos
600 2406 780 2452 νέστερον.

177 2459 212 2500 Ε
287 2450 406 2500 Ἠ]η
434 2455 532 2488 Vind.
560 2455 633 2488 EF.
659 2455 742 2487 Eus.
768 2453 806 2487 τί
827 2454 908 2488 Gal.

291 2468 406 2557 οὐν]η
409 2502 504 2545 γοῦν
528 2501 627 2534 Vind.
654 2501 697 2534 Ε.
723 2513 787 2534 om.
810 2501 883 2534 Fic.

290 2545 440 2603 πάντα]
461 2548 584 2581 ταῦτα
608 2547 689 2581 Gal.

290 2592 579 2639 προστάξομεν]
646 2589 908 2637 προστάξωμεν

246 2641 331 2675 Lob.
372 2641 450 2674 Vat.
476 2641 515 2674 B.
560 2641 643 2674 Ven.
676 2640 717 2672 C.
754 2644 788 2672 et
829 2643 909 2672 ante

245 2687 489 2721 correctionem
535 2687 578 2720 ab
634 2686 752 2719 eadem
797 2688 911 2719 tamen

246 2745 348 2768 manu
371 2734 497 2766 factam
527 2733 624 2766 Vind.
650 2733 689 2765 B.

293 2777 460 2835 γυναικὶ]
492 2778 636 2822 γυναιξι
658 2778 751 2812 Floi.
775 2779 819 2812 T.

293 2822 358 2871 δὲ]
383 2822 426 2860 δ’
451 2825 539 2862 Lob.
565 2825 668 2860 Vind.
693 2825 734 2859 B.
760 2825 839 2860 vat.
862 2824 911 2859 Μ.

252 2871 330 2906 Gal.

1014 929 1106 975 Καὶ]
1131 943 1196 966 om.
1220 931 1298 965 Ald.
1322 931 1404 965 Bas.
1430 932 1483 964 ab.
1511 931 1631 976 Steph.

966 973 992 1022 ἢ
1019 977 1082 1011 καὶ
1108 978 1187 1011 Gal.
1222 977 1335 1010 Kiihn.
1380 978 1428 1011 At
1452 977 1525 1010 Fic.
1570 976 1634 1010 καὶ

966 1024 1085 1058 Astius
1122 1023 1158 1056 in
1189 1023 1299 1068 prima
1321 1022 1374 1055 ed.
1409 1034 1451 1056 ex
1485 1023 1563 1057 Par.
1590 1023 1632 1057 K.

967 1074 1002 1103 et
1038 1070 1170 1103 Galeno
1207 1068 1369 1101 restituit.
1418 1068 1534 1102 Etiam
1559 1069 1632 1102 Eu-

967 1116 1080 1150 sebius
1106 1127 1180 1164 cum
1205 1115 1375 1148 codicibus
1396 1115 1546 1149 omnibus
1571 1115 1631 1149 ha-

966 1162 1035 1196 bet.

1017 1204 1123 1252 Ἀλλ’]
1152 1200 1457 1251 62'9'110b.Vind
1482 1207 1523 1241 Β.
1549 1207 1630 1241 Vat.

965 1255 1131 1381 ἔιόιὲῖςνὴ]
1155 1297 1300 1344 γυναικὶ
1322 1299 1402 1333 Par.
1421 1299 1468 1333 K.
1493 1299 1629 1333 secund.

998 1360 1015 1381 e

1011 1390 1247 1436 Γυμναστικὴ
1279 1389 1319 1426 δ’
1347 1387 1424 1448 ἄρα
1446 1388 1512 1434 ου’,
1541 1389 1700 1432 ου’δὲ456

964 1437 1167 1495 πολεμικὴ,
1213 1436 1236 1482 ἡ
1274 1436 1314 1472 δὲ
1348 1435 1533 1482 απόλεμος
1567 1437 1631 1473 καὶ

967 1482 1013 1519 οὕ
1039 1483 1353 1529 φιλογυμναστική
1365 1486 1389 1528 ς]
1415 1485 1472 1518 Ita
1491 1485 1568 1518 Par.
1589 1486 1628 1518 A.

966 1532 1046 1566 vat.
1074 1532 1116 1565 H.
1144 1532 1235 1564 Flor.
1254 1532 1357 1564 ACV.
1385 1536 1420 1564 et
1445 1530 1543 1564 Vind.
1554 1531 1629 1564 EF.

965 1578 1029 1612 nisi
1062 1577 1153 1623 quod
1193 1577 1229 1610 hi
1268 1578 1333 1610 duo
1370 1573 1416 1610 ον’
1451 1581 1530 1621 post
1567 1576 1632 1610 καὶ

966 1624 1125 1658 omittunt
1157 1626 1192 1656 et
1227 1620 1267 1656 δὲ
1305 1635 1366 1667 pro
1392 1620 1433 1656 δ’
1457 1623 1632 1664 exhibent,

968 1674 1003 1704 et
1026 1670 1125 1703 Vind.
1151 1664 1194 1703 Ε.
1222 1666 1457 1712 ἐπιπολεμικὴ
1482 1681 1544 1714 pro
1563 1680 1630 1702 πο-

967 1714 1113 1760 λεμικὴ,
1147 1716 1234 1749 alter
1270 1727 1332 1760 pio
1365 1721 1465 1748 acuto
1496 1715 1530 1748 in
1555 1711 1630 1759 ἄρα

967 1762 1218 1796 circumflexum
1243 1773 1262 1795 e
1287 1761 1497 1795 correctione
1516 1762 1630 1795 habet.

966 1808 1125 1842 Proxime
1151 1808 1316 1841 accedunt
1340 1809 1432 1840 Flor.
1447 1808 1489 1841 R.
1511 1813 1546 1840 et
1559 1808 1630 1841 Eu—

966 1854 1103 1888 sebius:
1127 1852 1349 1910 γυμναστικὴ
1372 1850 1410 1887 δὲ
1430 1849 1503 1896 ἄρα
1518 1854 1628 1897 (Flor.

966 1901 1010 1934 R.
1041 1900 1137 1944 άροις
1148 1902 1164 1945 )
1209 1897 1297 1933 οὐδὲ
1332 1900 1451 1944 (Flor.
1477 1901 1520 1933 R.
1554 1912 1630 1933 cum

967 1959 1030 1980 και
1061 1948 1122 1980 int.
1154 1947 1263 2001 vers.)
1305 1943 1502 1989 πολεμικη·
1539 1942 1562 1989 ἡ
1589 1943 1630 1979 δὲ

969 1990 1033 2026 α’π.
1057 2005 1118 2026 noct
1147 1989 1193 2026 οὗ
1228 1993 1278 2035 (id
1304 1993 1395 2025 Flor.
1420 1992 1462 2024 R.
1489 1992 1630 2036 omittit)

969 2036 1304 2083 φιλογυμναστική;
1337 2038 1455 2071 Paullo
1487 2038 1631 2081 longius,

968 2086 1028 2119 sed
1052 2086 1122 2127 ita,
1154 2090 1193 2117 ut.
1229 2085 1272 2117 ad
1297 2085 1384 2117 hanc
1415 2088 1548 2127 partem
1572 2095 1630 2117 re—

967 2131 1101 2165 ferendi
1133 2130 1219 2171 sint,
1257 2131 1383 2163 abeunt
1414 2130 1503 2186 Ang'3
1529 2131 1568 2163 B.
1595 2132 1631 2163 et

969 2178 1142 2211 Galenus:
1167 2174 1389 2219 γυμναστικὴ
1418 2172 1458 2209 δ’
1479 2171 1555 2218 ἄρα
1571 2174 1630 2220 (δὲ

968 2219 1026 2267 ἄρ’
1051 2219 1075 2266 ἢ
1114 2223 1225 2265 Gal.)
1258 2221 1321 2255 και
1350 2221 1526 2266 πολεμικὴ
1562 2228 1629 2256 etc.

966 2269 1102 2314 Reliqui
1135 2269 1266 2302 codices
1308 2267 1371 2301 καὶ
1411 2268 1508 2302 initio
1550 2272 1631 2303 ante

967 2313 1191 2360 γυμναστικὴ
1231 2315 1386 2356 addunt,
1429 2319 1545 2349 ceteia
1576 2315 1631 2349 vel

966 2364 1038 2404 ita,
1061 2368 1100 2395 ut
1123 2362 1201 2395 Pax.
1227 2363 1266 2395 A.
1293 2361 1472 2402 exhibent,
1504 2362 1629 2406 quoin

966 2420 1105 2442 numero
1151 2412 1229 2441 sunt
1276 2407 1361 2440 Lob.
1410 2407 1510 2440 Vind.
1553 2408 1626 2441 BD.

967 2455 1078 2510 (prior
1097 2466 1171 2487 cum
1190 2454 1285 2498 signo
1304 2453 1534 2496 interrogandi
1551 2456 1629 2496 post

966 2498 1031 2546 ου’)
1066 2501 1150 2534 Ven.
1178 2500 1217 2533 C.
1254 2501 1331 2532 Par.
1358 2500 1399 2533 D.
1436 2500 1514 2532 Vat.
1540 2499 1625 2532 HM

965 2552 1001 2581 et
1025 2547 1109 2580 Veu.
1134 2547 1174 2579 Β.
1201 2547 1280 2580 Vat.
1300 2547 1338 2579 B.
1366 2545 1424 2602 qui
1447 2546 1511 2578 duo
1534 2545 1628 2578 insu-

965 2605 1027 2639 per
1050 2589 1072 2637 ἠ
1101 2597 1177 2636 post
1207 2589 1429 2636 γυμναστικὴ
1465 2591 1549 2625 inse·
1549 2596 1628 2633 ·‚unt

965 2640 1019 2674 vel
1057 2651 1131 2672 cum
1163 2639 1247 2683 Ang.
1274 2639 1316 2672 Β.
1340 2650 1401 2683 pio
1436 2633 1502 2680 οὓ,
1538 2635 1628 2671 οὐδὲ

966 2686 1176 2720 substituunt
1198 2684 1279 2728 καὶ,
1305 2690 1344 2718 ut
1368 2685 1446 2718 Par.
1465 2684 1508 2717 Κ.
1534 2684 1627 2717 Mon.

967 2733 1007 2766 Β.
1039 2732 1132 2765 Flor.
1157 2731 1235 2765 TU.
1284 2742 1426 2787 quorum
1461 2731 1630 2763 secundus

969 2783 1005 2813 et
1036 2781 1178 2823 quartus
1212 2777 1314 2810 etiam
1346 2773 1385 2810 δ’
1411 2777 1569 2810 omittunt
1592 2781 1628 2809 et

970 2836 1032 2869 pro
1066 2820 1375 2868 φιλογυμναστικὴ
1404 2822 1438 2855 111
1470 2823 1539 2856 fine
1566 2834 1628 2866 yv-

970 2869 1148 2915 μναστικὴ
1185 2870 1321 2904 habent.
1378 2869 1429 2903 Ad
1463 2869 1555 2904 Flor.
1581 2868 1625 2904 T
