1807 3219
461 121 801 165 CIVITAS
845 118 1170 165 L'IB.V1.492
1422 127 1506 166 169

117 252 215 281 vov.
265 234 312 280 ἓν
345 234 398 290 δὴ
427 237 489 293 τῷ
517 233 706 293 τοιούτῳ
736 234 816 279 τὸν
854 234 983 292 νέον,
1021 233 1071 278 τό
1101 232 1365 290 λεγόμενον,
1408 236 1507 279 τίνα

119 307 205 350 οἴει
233 306 423 360 καρδίαν
450 305 584 359 ἴσχειν
594 321 607 354 ,·
652 302 682 360 ἢ
711 305 847 347 ποίαν
876 302 931 347 ἂν
961 301 1082 359 αὐτῷ
1113 304 1317 346 παιδείαν
1348 305 1509 346 ἰδιωτι-

118 373 202 431 κὴν
233 372 450 425 ἀνθέξειν,
480 369 537 426 ἣν
568 370 622 414 ού
652 376 1031 416 κατακλυσθεῖσαν
1061 370 1147 415 ὑπὸ
1188 375 1270 415 τοῦ
1297 369 1508 414 τοιούτου

119 442 265 499 ψόγου
295 440 325 498 ἢ
356 441 538 485 ἐπαίνου
571 439 823 496 οἰχήσεσθαι
853 440 1102 523 φερομένην
1131 439 1240 483 κατὰ
1273 440 1384 495 ῥοῦν
1403 442 1429 497 ἠ
1455 439 1511 483 ἂν

123 513 255 562 οὗτος
285 509 421 567 φέρῃ,
460 509 534 553 καὶ
573 510 730 565 φήσειν
758 526 801 553 τε
838 527 892 552 τα
930 507 1041 552 αὐτα
1080 507 1255 560 τούτοις
1288 508 1399 553 καλα
1438 508 1513 552 καὶ

123 579 284 636 αἰσχροὶ·
312 577 446 631 εἶναι,
477 579 551 622 καὶ
581 578 878 635 ἐπιτηδεύσειν
908 593 1017 631 απερ
1050 594 1106 619 αν
1136 579 1288 630 οὑτοι,
1318 578 1391 621 καὶ
1423 578 1512 622 ε’σε-

123 654 230 692 σθαι
259 651 487 696 τοιοῦτον;
526 645 698 703 Πολλή,
729 641 756 702 ἦ
794 645 835 690 δ’
869 645 942 699 ὃς.
969 642 1003 690 ὦ
1035 644 1294 699 Σώκρατες,
1326 645 1506 702 ἀνάγκη.
1536 650 1576 692 D

122 717 212 760 Καὶ
242 715 352 773 μήν,
382 709 439 771 ἦν
470 713 511 759 δ’
545 715 654 772 ἐγώ,
685 713 808 758 οὔπω
837 716 918 771 τὴν
945 715 1150 771 μεγίστην
1179 712 1373 770 ἀνάγκην
1394 714 1513 772 εἰρή-

123 801 274 842 καμεν.
335 785 506 835 Ποίανς
548 784 645 840 ἔφη.
693 783 779 827 uHv
823 783 934 841 ἔργῳ
975 783 1266 838 προστιθέασι
1306 782 1421 841 λόγῳ
1452 784 1512 841 μὴ

123 856 351 906 πείθοντες
387 848 515 898 οὗτοι
555 854 600 897 οἱ
635 854 866 897 παιδευταί
901 868 946 897 τε
983 852 1056 896 καὶ
1099 853 1318 908 σοφισταί.
1366 852 1396 910 ἢ
1430 852 1514 898 οὐκ

126 1005 264 1088 Μτοῦ]
299 1018 365 1041 om.
389 1005 475 1040 Lob.
509 1005 610 1042 vind.
634 1006 677 1042 Β.
711 1006 791 1041 Vat.

175 1096 413 1153 οἰχήσεσθαι]
443 1094 514 1132 ουίι
531 1097 602 1141 οἰχ.
627 1098 731 1132 iidem
756 1102 793 1132 et

125 1146 208 1180 Bas.
229 1147 260 1180 b.
287 1141 356 1178 οὐκ
381 1148 461 1177 ante
486 1142 706 1188 οἰχήσεσθαι
725 1156 792 1187 „ex

126 1192 273 1237 quodam
290 1194 362 1225 vet.
364 1193 386 1209 “
404 1191 523 1224 afferri
541 1191 671 1224 monuit
689 1192 793 1224 etiarn

128 1239 249 1283 Steph.
276 1249 310 1282 p.
333 1239 390 1272 22.
425 1247 569 1281 eamque
589 1237 793 1281 patticulain

128 1285 179 1319 ita
211 1281 342 1318 tantum
376 1283 486 1316 locum
527 1283 654 1316 habere
692 1294 793 1327 posse

129 1331 271 1372 statuit,
303 1330 332 1364 si
362 1329 437 1362 loco
470 1340 530 1362 suo
565 1329 715 1373 pellatur
739 1341 793 1371 ea,

130 1386 219 1423 quae
250 1379 305 1410 est
350 1379 430 1409 ante
460 1376 793 1411 κατακλυσθεῖσαν.

130 1434 242 1466 „nam
286 1423 371 1456 duas
412 1421 549 1467 quidem
596 1422 795 1465 negationes

130 1469 223 1515 apud
248 1469 405 1502 Graecos
429 1469 463 1501 in
495 1468 610 1502 multis
635 1468 795 1521 loquendi

129 1515 314 1560 generibus
337 1515 446 1558 magis
469 1526 596 1558 negare
613 1526 678 1547 non
696 1515 795 1558 igno-

129 1573 192 1605 ro,
223 1572 342 1595 venun
370 1561 435 1594 hae
467 1573 533 1594 non
568 1542 732 1594 diversi?
738 1573 798 1593 eo-

123 1608 210 1643 dem
240 1611 354 1641 tamen
389 1607 638 1652 pertinentibus
680 1607 798 1641 verbis

131 1655 375 1697 iungerentur,
423 1653 484 1687 sed
519 1653 577 1687 uni
620 1653 798 1708 eidemque

134 1698 365 1744 οἰχήσεσθαι.
388 1711 499 1744 neque
523 1699 611 1733 enim
638 1695 682 1733 οὗ
709 1711 799 1743 quae

133 1750 189 1781 est
231 1750 310 1781 ante
355 1746 575 1799 participium
619 1747 798 1779 κατακλυ-

135 1794 291 1828 σθεῖσαν
316 1804 390 1826 cum
412 1793 489 1836 ipso
513 1791 688 1836 iungitur,
737 1791 798 1825 sed

135 1850 212 1874 cum
260 1836 498 1894 οἰχήσεσθαιτ
542 1839 686 1893 quanvis
733 1849 801 1871 non

134 1885 324 1927 scribatur,
360 1880 448 1926 οὐκ,
482 1884 543 1918 sed
577 1881 662 1919 οὕ.“
702 1884 799 1918 οιιίιι5

136 1931 368 1966 adnotationis
407 1934 559 1965 extrema
595 1942 676 1976 pars
717 1929 801 1964 mihi

135 1989 256 2024 parum
281 1978 384 2033 digna
407 1977 581 2035 Stephano
607 1977 755 2011 videtur.

184 2022 393 2068 φερομένην
412 2021 508 2057 κατὰ
529 2022 641 2067 ῥοῦν]
659 2036 691 2057 κ.
712 2021 746 2068 ῥ.
760 2035 800 2067 φ.

137 2071 226 2107 ven.
250 2071 289 2105 B.
314 2070 644 2114 u.v013vq>.Vind.
665 2070 708 2104 E.

139 2163 181 2197 B.
184 2110 468 2198 ηᾶιιοῖιιᾝιοῗ
471 2116 675 2198 Assii‘iJvF?
679 2116 802 2198 εῗὲιῖἰζ.

126 2227 128 2230 >
166 2220 193 2242 r.

139 2220 162 2255 p
189 2252 307 2300 φέρῃ]
335 2252 445 2298 φέροι
467 2256 554 2291 Ven.
577 2256 618 2289 B.
643 2255 744 2291 Vind.
759 2255 804 2290 E.

142 2301 184 2336 In
209 2302 282 2335 Ald.
302 2305 484 2345 punctum,
509 2302 543 2335 in
567 2302 708 2346 reliquis
733 2303 805 2336 fere

143 2348 352 2382 editionibus
399 2347 531 2392 signum
571 2347 807 2392 interrogandi

144 2394 341 2438 appositum
364 2398 439 2435 est,
465 2394 562 2428 cuius
584 2395 659 2428 loco
683 2395 726 2428 ob
751 2405 805 2428 se-

144 2441 320 2486 quentium
365 2451 486 2474 nexum
534 2441 696 2475 artiorem
730 2452 806 2473 cum

145 2489 220 2521 Ast.
244 2498 296 2532 pr.
328 2497 397 2520 sec.
430 2498 560 2521 comma
590 2487 669 2520 feei.
715 2486 806 2520 Nam

145 2532 236 2578 quod
274 2532 372 2566 verbi
407 2529 540 2576 φήσειν
578 2533 670 2566 aliud
703 2535 806 2577 atque

145 2579 241 2613 verbi
280 2575 496 2622 οἰχήσεσθαι
528 2579 718 2613 subiectum
742 2581 807 2620 est,

146 2636 212 2659 non
237 2625 365 2666 obstat,
389 2636 455 2669 quo
476 2625 586 2659 minus
606 2625 740 2659 verba'
731 2636 809 2669 ipsa.

145 2670 276 2715 pariter
311 2669 354 2704 ad
388 2671 459 2705 οἴει
480 2671 661 2705 referenda
683 2673 719 2704 et
742 2683 808 2704 non

146 2717 248 2751 aliter
270 2716 511 2773 distinguenda
532 2717 619 2759 sint,
651 2729 759 2773 quam
777 2717 806 2751 si

146 2762 337 2818 legeretur:
362 2775 432 2798 ουκ
451 2763 521 2799 οἴει
538 2761 607 2809 τήν
632 2762 808 2798 παιδείαν

149 2806 252 2854 αυτῷ
296 2808 535 2854 οἰχήσεσθαι,
582 2808 647 2845 καὶ
686 2805 807 2845 αυτὸν

848 1001 994 1049 φήσειν.
1052 1004 1145 1044 Quid
1171 1004 1260 1049 quod
1285 1017 1326 1038 ne
1351 1008 1516 1038 commate

848 1053 984 1096 quidem
1008 1050 1198 1084 dirimenda
1216 1053 1356 1106 forent,
1380 1052 1444 1085 nisi
1463 1053 1515 1085 in-

847 1099 1028 1131 teriectum
1053 1101 1144 1131 esset
1168 1097 1189 1142 ἡ
1212 1093 1258 1131 ἂν
1277 1078 1389 1137 οὗτος
1402 1096 1515 1142 φέρῃ.

848 1143 939 1178 Nam
962 1143 1045 1177 illud
1071 1141 1191 1177 αυτὸν
1216 1156 1281 1177 non
1305 1156 1365 1188 per
1382 1144 1516 1188 eliipsin

850 1191 1029 1231 omissum,
1055 1191 1115 1223 sed
1142 1201 1184 1222 ex
1208 1202 1314 1244 supe1
1313 1191 1442 1224 ioubus
1462 1202 1517 1223 ie-

848 1236 1032 1290 petendum
1056 1240 1120 1277 est,
1145 1236 1242 1281 quasi
1269 1248 1338 1269 ουκ
1357 1237 1428 1270 οἱει
1448 1233 1516 1270 αὖ·

850 1279 916 1316 τὸν
950 1282 1016 1325 τῆς
1058 1282 1230 1322 παιδείας
1274 1280 1520 1335 ἐπιλήσεσθαι

850 1329 904 1361 vel
925 1326 1436 1373 &woelfflanpuaecessisset.
1461 1330 1517 1363 Si-

851 1374 923 1408 mili
968 1375 1066 1407 modo
1119 1376 1309 1409 subiectum
1366 1381 1519 1409 mutatur

851 1420 1023 1455 Phaedon.
1038 1432 1070 1465 p.
1088 1422 1143 1455 64.
1161 1423 1212 1455 Ε.
1244 1418 1398 1455 Ονκοῦν
1421 1418 1521 1460 ὅλως

854 1467 959 1500 δοκεῖ
974 1477 1055 1509 σοι,
1084 1479 1155 1522 εφη
1170 1493 1179 1510 ,
1205 1464 1229 1511 ἦ
1250 1468 1316 1500 τοῦ
1341 1480 1518 1502 τοιουτου

852 1513 1086 1568 πραγματεία
1110 1525 1153 1547 ου
1177 1512 1261 1556 περὶ
1280 1512 1322 1547 τὸ
1348 1526 1455 1557 σωμα
1472 1512 1520 1548 εἴ·

854 1572 938 1602 ναι,
973 1557 1065 1593 ἄλλα
1097 1557 1266 1594 καθόσον
1296 1558 1454 1594 δύναται
1479 1558 1520 1594 α’-

856 1603 1038 1661 φεστάναι
1066 1603 1188 1639 αυτοῦ
1212 1632 1221 1649 ,
1261 1605 1357 1648 πρὸς
1388 1605 1425 1641 ὁε
1453 1605 1522 1651 τήν

854 1650 982 1695 ’ψυχὴν
1012 1650 1248 1696 τετράφθαι;
1283 1650 1445 1697 ’Έμοιγε.
1487 1655 1523 1688 in

855 1699 979 1753 quibus
1017 1700 1158 1731 veibum
1191 1697 1351 1733 δύναται
1376 1712 1523 1745 sequen-

856 1745 903 1778 tia
928 1741 1135 1788 ἀφεστάναι
1171 1750 1206 1779 et
1241 1743 1456 1790 τετράφθαι
1479 1746 1523 1781 ad

855 1787 924 1825 τόν
955 1791 1132 1825 τοιοῦτον
1166 1793 1303 1836 potius,
1349 1805 1451 1837 quain
1479 1793 1523 1826 ad

855 1838 930 1872 eius
960 1838 1213 1882 πραγματείαν
1247 1839 1422 1884 pertineie
1462 1839 1525 1873 do-

857 1886 924 1919 cet.

905 1927 1171 1975 ἐπιτηδεύσειν]
1197 1927 1426 1975 ἐπιτηδεύειν
1449 1932 1524 1967 Ald.

857 1977 940 2010 Bas.
963 1978 1018 2010 ab.
1065 1978 1104 2010 In
1130 1978 1231 2012 Vind.
1242 1978 1285 2013 F.
1311 1988 1331 2012 6
1354 1979 1415 2012 int.
1434 1990 1524 2014 vers.

857 2035 879 2057 a
903 2035 946 2056 ιιι.
970 2034 1022 2067 pr.
1049 2023 1206 2069 positum.

906 2062 1043 2113 mizon]
1077 2081 1205 2110 ουτοι;
1231 2071 1316 2115 Step
1319 2070 1352 2105 h.

904 2115 1128 2162 τοιοῦτονς]
1151 2117 1338 2152 τοιοῦτον.
1356 2118 1432 2153 Ald.
1446 2118 1526 2152 Bas.

859 2161 917 2196 ab.

906 2207 1173 2254 προστιθέασι]
1200 2206 1350 2243 τιθέασι
1372 2210 1468 2243 Flor.
1481 2210 1525 2243 T.
1553 2212 1592 2254 D

858 2254 1076 2299 Praepositio
1102 2255 1145 2288 ad
1170 2268 1228 2289 eos
1262 2260 1415 2301 spectat,
1452 2256 1529 2300 qui-

861 2302 926 2335 bus
960 2301 1149 2335 necessitas
1183 2304 1395 2336 admovetur.
1443 2303 1529 2335 Per-

862 2358 980 2392 perain
1004 2347 1248 2382 Stallbammus
1273 2349 1308 2382 in
1341 2360 1409 2381 sec.
1437 2360 1529 2382 eom-

862 2405 938 2434 ma,
974 2405 1040 2438 quo
1072 2395 1267 2449 Stephanus
1303 2407 1370 2428 non
1414 2394 1530 2439 inepte

861 2442 941 2494 post
964 2438 1210 2483 προστιθέασι
1234 2447 1310 2474 erat
1333 2452 1426 2481 usus,
1453 2445 1532 2495 post

862 2483 957 2530 λόγῳ
982 2487 1098 2529 posuit
1128 2487 1340 2531 alterumque
1381 2490 1459 2532 post
1481 2484 1530 2531 μή

861 2531 1060 2571 πείθοντες
1091 2533 1221 2566 addidit
1257 2539 1293 2566 et
1316 2534 1402 2567 haec
1425 2535 1532 2566 verba

863 2578 914 2612 sic
939 2578 1182 2622 interpretatus
1216 2582 1288 2612 est.
1327 2592 1429 2624 quam
1456 2581 1529 2624 ipso

856 2626 961 2667 facto
1004 2626 1156 2659 orationi
1199 2627 1422 2671 adiungunt,
1462 2639 1531 2659 ιιοιι

864 2676 997 2705 utentes
1014 2672 1245 2715 persuasione,
1267 2673 1455 2715 prudentes
1472 2674 1531 2706 isti

864 2718 1030 2772 magistri
1056 2723 1161 2762 atque
1200 2719 1387 2762 sophistae.
1432 2719 1531 2763 quasi

865 2759 913 2797 ου’
933 2763 1130 2808 πείθοντες
1151 2768 1252 2799 esset.

910 2805 958 2854 ἢ]
985 2809 1008 2853 ή
1034 2810 1121 2845 Lob.
