1807 3219
456 89 796 134 CIVITAS
839 93 963 136 LIB.
992 95 1047 136 V.
1078 95 1145 134 461

1448 98 1507 138 55

119 205 202 246 τοῦ
228 204 389 260 γεννᾷν
418 201 577 257 ἐκβῶσι
608 201 688 258 τήν
717 202 913 259 ἡλικίαν,
954 204 1189 263 ἀφήσομέν
1212 221 1299 250 που
1329 206 1504 250 ἐλευθέ-

119 288 228 329 ρους
257 268 421 321 αὐτοὺς
449 271 761 325 συγγίγνεσθαι
792 273 826 328 ᾧ
857 272 912 316 ἂν
934 274 1139 327 ἐθέλωσι,
1172 274 1286 330 πλὴν
1309 276 1502 331 θυγατρὶ

118 340 194 384 καὶ
223 339 352 396 μητρὶ
381 338 454 382 καὶ
481 342 575 388 ταῖς
603 342 693 383 τῶν
721 341 979 397 θυγατέρων
1015 343 1139 386 παισὶ
1179 343 1252 386 καὶ
1289 349 1382 394 ταῖς
1412 343 1504 386 ἅνω
1532 339 1563 381 C

118 407 307 464 μητρός,
337 407 409 451 καὶ
437 411 648 462 γυναῖκας
675 403 758 456 αὗ,
789 409 902 466 πλήν
931 412 1022 454 υἱεῖ
1048 411 1122 454 καὶ
1150 412 1282 466 πατρὶ
1311 412 1384 455 καὶ
1409 417 1502 462 τοῖς

116 475 290 520 τούτων
319 477 380 527 εἰς
408 475 457 520 τὸ
487 475 605 520 κάτω
635 477 706 521 καὶ
737 477 805 521 ἐπὶ
835 478 884 522 τὸ
916 478 1038 533 ἄνω,
1069 479 1143 523 καὶ
1172 479 1312 523 ταῦτά
1342 478 1379 536 γ’
1411 480 1498 537 ἤδη

114 625 333 660 Theodoreto
368 627 538 659 servatam
582 625 777 671 Stephanus

112 673 218 706 tacito
242 675 278 705 et
298 672 463 705 incertum
493 675 607 705 utrum
630 673 672 706 de
695 684 777 707 con-

111 717 265 761 iectura,
289 729 332 752 an
356 729 399 751 ex
420 717 485 752 illis
509 718 669 753 restituit.

155 810 253 853 που]
285 822 351 843 om.
393 811 478 845 Ven.
510 810 550 845 B.
595 811 696 846 Vind.
730 812 774 847 Ε.

109 857 190 892 Vat.
215 856 260 890 H.
300 856 379 895 πῶς
415 857 480 890 duo
513 857 646 891 Theod.
680 858 775 891 codi-

110 914 167 936 ces
191 901 380 947 Sylburgii,
406 898 509 943 ὅπως
533 903 653 937 Ursini
677 904 774 939 liber.

154 1002 376 1050 ἐλευθέρους
408 1002 582 1051 αὐτοὺς]
629 1004 690 1043 ocv’.
724 1006 772 1044 ε’λ.

107 1053 194 1087 Ven.
219 1053 259 1087 B.
306 1052 347 1085 In
375 1053 456 1088 Vat.
480 1053 521 1088 Β.
557 1051 597 1087 δὲ
632 1067 654 1088 a
676 1066 720 1090 m.
744 1066 771 1090 5.

107 1097 357 1144 interpositum.

151 1189 432 1234 συγγίγνεσθαι]
458 1189 614 1234 ξυγγίγν.
637 1191 770 1227 Theod.

104 1235 242 1280 ξυγγίν.
252 1245 255 1250 ‘
278 1236 378 1272 Vind.
409 1236 454 1270 Ε.
489 1248 564 1270 cum
595 1250 619 1290 y
642 1237 731 1271 inter
755 1250 768 1271 ι

104 1286 141 1316 et
161 1295 183 1316 ν
206 1283 438 1327 superscripto
463 1287 499 1315 et
521 1283 641 1316 Ursini
662 1284 769 1317 codex

104 1329 238 1364 Theod.
280 1338 367 1372 συγγ
371 1328 416 1363 ἰν.
450 1328 543 1363 Mon.
567 1330 608 1364 Β.
639 1330 768 1366 Euseb.

98 1375 175 1410 Ald.
198 1376 280 1409 Bas.
304 1376 359 1409 ab.
382 1374 501 1419 Steph.
537 1372 768 1419 ἐγγίγνεσθαι

97 1418 199 1458 Vind.
222 1421 268 1456 F.
301 1420 474 1464 γίνεσθαι
498 1422 577 1457 Vat.
602 1423 643 1457 Β.

144 1519 199 1572 ᾧ]
247 1525 300 1558 Ita
330 1524 410 1557 Par.
442 1524 482 1559 A.
530 1524 616 1560 Lob.
664 1512 765 1561 Vind.

96 1560 204 1606 BD‘F.
251 1572 338 1605 Ven.
371 1570 412 1603 C.
458 1571 548 1615 Ang.
579 1572 621 1606 B.
667 1572 764 1607 Flor.

98 1618 210 1653 RTV.
252 1618 333 1653 Vat.
357 1615 406 1650 Μ.
441 1619 477 1649 et
510 1628 531 1649 a
564 1628 608 1651 111.
635 1628 686 1662 pr.
722 1619 763 1653 Β.

98 1676 151 1703 ως
174 1663 268 1697 Μοῃ.
292 1663 334 1697 Β.
375 1662 454 1696 Par.
478 1662 555 1697 DK.
598 1663 693 1698 Flor.
718 1664 763 1700 U.

98 1710 232 1744 Theod.
277 1704 299 1743 ὃ
324 1709 405 1744 Vat.
427 1709 474 1754 ᾘ.
510 1709 606 1744 Flor.
632 1710 704 1744 AC.
729 1714 765 1744 et

98 1767 215 1800 margo
239 1755 338 1790 Vind.
349 1754 391 1788 D.
415 1754 438 1800 ᾐ
452 1756 537 1790 Ven.
551 1755 591 1789 B.
610 1755 710 1790 Vind.
721 1756 764 1791 Ε.

97 1802 228 1837 Euseb.
246 1801 387 1834 Ficinus
404 1804 439 1834 et
456 1801 620 1835 editiones
638 1813 765 1837 omnes.

98 1847 322 1882 Masculinum
347 1846 377 1893 (ῥ
409 1846 492 1880 item
515 1849 554 1879 ut
576 1847 765 1892 proximmn

100 1891 244 1933 αὕτθύς
269 1893 313 1927 ad
335 1881 516 1938 u‘trumque
538 1904 654 1926 sexum
673 1896 765 1928 rela-

98 1943 172 1974 tum
191 1939 278 1973 ferri
300 1939 454 1983 adeoque
477 1940 644 1983 praeferri
664 1952 765 1984 posse

98 1986 254 2028 videtur,
289 1997 332 2018 ne
365 1985 539 2018 mulierum
561 1986 763 2020 mentionem

97 2032 194 2066 initio
220 2030 352 2077 periodi
382 2042 502 2075 parum
533 2035 614 2076 apte
635 2033 763 2066 factam

97 2082 251 2113 statuere
275 2088 456 2121 cogamur,
446 2090 455 2097 ·
473 2077 683 2122 exceptionis
701 2091 762 2112 au-

99 2127 169 2158 tem
191 2124 339 2169 priorem
362 2127 497 2168 partem
510 2124 554 2157 ad
572 2124 663 2157 viros
682 2136 761 2169 spe—

99 2173 194 2203 ctare
217 2181 276 2213 per
309 2181 347 2203 se
380 2172 542 2214 apparet,
578 2182 688 2215 neque
712 2171 758 2204 si-

97 2215 348 2259 gnificationem
377 2227 507 2248 eorum
547 2219 626 2261 post
661 2215 759 2260 πλὴν

92 2261 260 2296 desidero.
293 2260 548 2305 συγγίγνεσθαι
572 2262 615 2295 ad
638 2263 759 2296 mulie-

91 2319 148 2341 res
172 2318 239 2341 non
275 2307 406 2349 minus,
452 2320 553 2352 qnam
588 2307 632 2341 ad
665 2308 758 2343 viros

93 2354 242 2398 quadrat
266 2356 301 2386 et
325 2365 346 2387 a
370 2353 510 2387 Polluce
534 2355 577 2389 V.
603 2355 659 2389 92.
684 2354 757 2388 sine

90 2399 282 2434 discrimine
307 2410 383 2432 cum
406 2399 478 2433 aliis
501 2399 638 2444 utrique
659 2401 756 2434 sexui

89 2445 319 2480 couununibus
342 2445 456 2479 verbis
479 2447 638 2481 refertur.
663 2447 755 2481 Usus

90 2493 205 2526 tamen
221 2492 302 2525 viris
319 2491 528 2535 potissimum
546 2492 732 2536 assignavit
746 2505 754 2526 ε

89 2537 133 2571 de
155 2538 296 2571 muliere
319 2549 421 2570 unum
443 2541 574 2571 tantum
592 2538 701 2572 locum
718 2539 754 2572 in

89 2586 250 2629 promptu
288 2583 421 2624 habeo,
454 2584 612 2617 Antonini
638 2584 754 2620 Liber.

111 2630 200 2664 .41.
225 2642 258 2675 p.
282 2631 359 2664 179.
383 2630 514 2663 Teuch.
539 2630 581 2663 de
602 2630 754 2674 Cephalo

87 2676 231 2709 Procrin
276 2678 430 2709 tentante
471 2687 533 2720 per
574 2676 753 2721 hospitem,

89 2721 126 2755 εἰ
148 2718 252 2768 αὐτῷ
280 2719 502 2766 συγγένοιτο.
551 2722 653 2756 Sed·
644 2734 753 2768 lpsum

89 2756 383 2812 graumnaticonun
407 2767 575 2803 silentilun
598 2770 634 2803 et
656 2769 753 2804 verbi

833 626 929 671 origo
954 639 996 661 ac
1035 628 1240 672 significatio
1276 628 1439 674 exemplis
1461 631 1500 662 ut

830 684 897 707 non
919 673 1126 718 indigeamus
1149 674 1244 709 facit.

875 761 1049 809 ἐθέλωσι]
1076 763 1210 800 ἔλθωσι
1232 764 1387 802 Vind.F.
1412 761 1495 799 ἐθέ-

829 811 940 845 λωσιν
965 812 1059 847 Mon.
1082 813 1124 847 Β.
1149 824 1170 847 a
1194 825 1238 847 111.
1262 823 1314 857 pr.

876 924 997 971 πλὴν]
1022 924 1110 970 πρὶν
1134 925 1234 962 Vind.
1258 926 1302 961 Ε.

874 1019 1079 1062 γυναῖκας]
1113 1015 1182 1057 τὰς
1206 1019 1388 1061 γυναῖκας
1412 1020 1498 1054 Ven.
1526 1016 1556 1058 C

829 1064 870 1098 B.
882 1064 980 1099 Vind.
993 1065 1070 1099 EF.
1083 1066 1171 1108 Ang.
1183 1065 1224 1098 B.
1247 1064 1343 1098 Flor.
1353 1064 1495 1100 ACRT.

829 1110 911 1143 editi
935 1114 1014 1144 ante
1029 1111 1235 1152 Bekkerum,
1260 1122 1361 1155 qnam
1375 1111 1496 1145 lectio-

828 1168 904 1189 nem
928 1157 1044 1190 Astius
1068 1157 1102 1189 in
1127 1160 1207 1190 tert.
1233 1156 1286 1191 ed.
1311 1158 1431 1200 tenuit,
1456 1161 1493 1190 ut

827 1202 994 1244 debebat,
1026 1214 1128 1255 quum
1152 1202 1184 1235 in
1209 1203 1444 1247 superioribus
1468 1203 1495 1249 ᾖ

827 1248 994 1282 tenuisset
1018 1252 1053 1282 et
1071 1245 1214 1287 αυτοὺς
1234 1249 1276 1282 ad
1301 1249 1389 1283 solos
1401 1250 1494 1284 viros

826 1294 1012 1328 retulisset.
1060 1295 1172 1328 Nobis
1207 1306 1310 1337 vero,
1343 1297 1402 1340 qui
1426 1293 1493 1329 αὕ-

825 1337 916 1379 vous
939 1344 1102 1385 utrosque
1127 1321 1310 1385 designare⁷
1330 1342 1494 1375 statueri-

825 1397 918 1428 mus,
952 1387 1005 1420 hic
1041 1398 1177 1431 quoque
1211 1387 1375 1431 optimum
1399 1388 1493 1422 codi-

824 1444 898 1465 cem
921 1432 1018 1478 sequi
1050 1436 1085 1465 et
1108 1435 1287 1487 γυναῖκας
1311 1445 1373 1479 pro
1399 1430 1492 1468 ὅσον

824 1474 951 1512 αὐτων
984 1476 1158 1523 γυναῖκές
1202 1479 1293 1513 εἰσιν
1335 1480 1491 1526 accipere

821 1524 911 1560 licet.

868 1632 921 1674 αὖ
934 1641 947 1685 ]
990 1653 1056 1675 om.
1101 1639 1201 1677 Vind.
1235 1640 1279 1676 F.
1328 1642 1415 1687 Ang.
1448 1642 1494 1676 B.

822 1686 918 1721 Flor.
942 1687 987 1721 R.
1066 1705 1069 1707 Α

868 1778 975 1821 τοῖς]
1023 1779 1106 1817 ταῖς
1142 1778 1229 1814 Lob.
1277 1779 1378 1814 Vind.
1415 1780 1489 1815 BD.

821 1825 902 1860 Vat.
935 1824 1020 1858 HM.
1069 1825 1108 1858 In
1140 1825 1241 1861 Vind.
1275 1825 1320 1861 F.
1357 1837 1378 1860 ο
1414 1838 1489 1860 cum

820 1870 923 1905 litura
945 1870 1120 1916 scriptum.

866 1981 1041 2028 τούτων]
1088 1985 1143 2019 Ita
1183 1985 1263 2021 Par.
1295 1989 1337 2020 A.
1385 1986 1486 2021 Vind.

818 2030 928 2065 DEF.
975 2033 1062 2076 Ang.
1096 2032 1137 2066 B.
1187 2033 1266 2067 Vat.
1300 2033 1344 2066 H.
1388 2032 1485 2067 Flor.

818 2076 990 2111 ACRTV.
1048 2079 1232 2112 eorundem
1279 2078 1354 2113 Fic.
1408 2079 1484 2112 τῶν

817 2121 1001 2157 τοιούτων
1024 2123 1147 2168 reliqui
1170 2136 1245 2157 cum
1279 2124 1379 2158 editis
1403 2129 1484 2158 ante

816 2169 1011 2202 Bekkerum
1035 2172 1071 2202 et
1094 2169 1191 2203 Astio
1225 2170 1260 2203 in
1292 2174 1372 2205 tert.
1396 2182 1482 2215 quo-

816 2227 883 2259 que
908 2215 960 2249 ed.
985 2215 1076 2260 quod
1112 2215 1161 2249 ita
1185 2215 1321 2249 defendi
1353 2220 1479 2261 potest,

814 2264 854 2294 ut
878 2272 938 2295 eos
963 2261 1158 2305 significare
1183 2265 1372 2304 statuatur,
1409 2263 1480 2307 qui,

815 2319 916 2352 quum
952 2307 1013 2340 filii
1036 2310 1198 2352 patresve
1220 2308 1285 2353 ipsi
1310 2320 1375 2342 non
1399 2309 1479 2351 sint,

814 2353 997 2393 secundlun
1028 2353 1120 2387 infra
1152 2353 1244 2387 dicta
1278 2354 1389 2387 instar
1420 2367 1480 2388 eo-

812 2410 887 2432 rum
910 2399 1029 2433 haberi
1052 2400 1209 2434 debeant.
1242 2400 1311 2434 Sed
1335 2400 1478 2434 alterum

811 2445 875 2479 hoc
898 2444 971 2480 loco
995 2446 1102 2489 magis
1125 2445 1341 2490 perspicuum
1365 2449 1400 2480 et
1422 2450 1478 2481 ta·-

811 2503 887 2524 men
932 2491 1080 2526 eiusdem
1122 2491 1402 2536 significationis,
1447 2492 1478 2527 si

810 2537 1023 2583 requiratur,
1049 2549 1159 2583 capax
1183 2541 1247 2573 est.

856 2627 899 2663 τὸ
928 2624 1032 2673 ἅνω]
1056 2629 1108 2663 τῶ
1135 2623 1213 2662 ἅνω
1241 2628 1341 2665 Vind.
1365 2629 1410 2664 E.

856 2718 909 2766 γ’]
953 2731 993 2764 γε
1027 2720 1114 2755 Lob.
1148 2721 1249 2756 Vind.
1279 2721 1352 2756 BD.
1400 2719 1472 2766 γὰρ

809 2768 889 2803 Par.
913 2768 956 2803 K.
981 2778 1050 2802 sec.
1074 2766 1184 2803 Bekk.
