<?xml version="1.0" encoding="UTF-8"?>
<!DOCTYPE html PUBLIC "-//W3C//DTD XHTML 1.0 Transitional//EN"
    "http://www.w3.org/TR/xhtml1/DTD/xhtml1-transitional.dtd">
<html xmlns="http://www.w3.org/1999/xhtml" xml:lang="en" lang="en">
 <head>
  <title>
</title>
<meta http-equiv="Content-Type" content="text/html;charset=utf-8" />
  <meta name='ocr-system' content='tesseract 3.04.00' />
  <meta name='ocr-capabilities' content='ocr_page ocr_carea ocr_par ocr_line ocrx_word'/>
</head>
<body>
  <div class='ocr_page' id='page_1' title='image "./operagraecerecen02platuoft_0347.png"; bbox 0 0 1807 3219; ppageno 0'>
   <div class='ocr_carea' id='block_1_1' title="bbox 488 158 1195 202">
    <p class='ocr_par' dir='ltr' id='par_1_1' title="bbox 488 158 1195 202">
     <span class='ocr_line' id='line_1_1' title="bbox 488 158 1195 202; baseline -0.004 -2"><span class='ocrx_word' id='word_1_1' title='bbox 488 159 520 200; x_wconf 77' lang='lat' dir='ltr'>C</span> <span class='ocrx_word' id='word_1_2' title='bbox 539 158 559 200; x_wconf 89' lang='lat'><em>1</em></span> <span class='ocrx_word' id='word_1_3' title='bbox 577 159 619 200; x_wconf 94' lang='lat' dir='ltr'>V</span> <span class='ocrx_word' id='word_1_4' title='bbox 637 160 718 202; x_wconf 87' lang='lat' dir='ltr'>I&#39;T.</span> <span class='ocrx_word' id='word_1_5' title='bbox 733 159 826 202; x_wconf 72' lang='lat' dir='ltr'><strong>AS</strong></span> <span class='ocrx_word' id='word_1_6' title='bbox 863 159 989 202; x_wconf 89' lang='lat' dir='ltr'>LIB.</span> <span class='ocrx_word' id='word_1_7' title='bbox 1008 159 1101 202; x_wconf 87' lang='lat' dir='ltr'>VII.</span> <span class='ocrx_word' id='word_1_8' title='bbox 1126 160 1195 199; x_wconf 75' lang='lat'><strong>524</strong></span> 
     </span>
    </p>
   </div>
   <div class='ocr_carea' id='block_1_2' title="bbox 147 265 1634 329">
    <p class='ocr_par' dir='ltr' id='par_1_2' title="bbox 147 265 1634 329">
     <span class='ocr_line' id='line_1_2' title="bbox 147 265 1634 329; baseline 0.003 -14"><span class='ocrx_word' id='word_1_9' title='bbox 147 270 179 329; x_wconf 80' lang='grc' dir='ltr'><strong><em>ἦ</em></strong></span> <span class='ocrx_word' id='word_1_10' title='bbox 209 265 294 316; x_wconf 67' lang='grc' dir='ltr'><strong>ὦδε</strong></span> <span class='ocrx_word' id='word_1_11' title='bbox 322 275 444 315; x_wconf 85' lang='grc' dir='ltr'><em>ποιεῖ</em></span> <span class='ocrx_word' id='word_1_12' title='bbox 470 269 626 327; x_wconf 78' lang='grc' dir='ltr'><em>ἑκάστη</em></span> <span class='ocrx_word' id='word_1_13' title='bbox 657 270 828 323; x_wconf 57' lang='grc' dir='ltr'><em>αὐτῶνθ</em></span> <span class='ocrx_word' id='word_1_14' title='bbox 859 274 1039 326; x_wconf 73' lang='grc' dir='ltr'><em>πρῶτον</em></span> <span class='ocrx_word' id='word_1_15' title='bbox 1068 272 1148 327; x_wconf 75' lang='grc' dir='ltr'><em>μὲν</em></span> <span class='ocrx_word' id='word_1_16' title='bbox 1177 270 1206 328; x_wconf 81' lang='grc' dir='ltr'><em>ἡ</em></span> <span class='ocrx_word' id='word_1_17' title='bbox 1234 270 1305 316; x_wconf 80' lang='grc' dir='ltr'><strong>ἐπὶ</strong></span> <span class='ocrx_word' id='word_1_18' title='bbox 1323 274 1386 327; x_wconf 75' lang='grc' dir='ltr'><em>τῷ</em></span> <span class='ocrx_word' id='word_1_19' title='bbox 1408 274 1541 327; x_wconf 84' lang='grc' dir='ltr'><em>σκλη-</em></span> <span class='ocrx_word' id='word_1_20' title='bbox 1565 284 1634 318; x_wconf 75' lang='lat'><strong>524</strong></span> 
     </span>
    </p>
   </div>
   <div class='ocr_carea' id='block_1_3' title="bbox 1388 159 1541 202">
    <p class='ocr_par' dir='ltr' id='par_1_3' title="bbox 1388 159 1541 202">
     <span class='ocr_line' id='line_1_3' title="bbox 1388 159 1541 202; baseline 0 0"><span class='ocrx_word' id='word_1_21' title='bbox 1388 159 1541 202; x_wconf 47' lang='lat'><strong>*285</strong></span> 
     </span>
    </p>
   </div>
   <div class='ocr_carea' id='block_1_4' title="bbox 142 337 1603 893">
    <p class='ocr_par' dir='ltr' id='par_1_4' title="bbox 142 337 1603 878">
     <span class='ocr_line' id='line_1_4' title="bbox 149 337 1542 398; baseline -0.002 -13"><span class='ocrx_word' id='word_1_22' title='bbox 149 345 216 398; x_wconf 79' lang='grc' dir='ltr'><em>ρῷ</em></span> <span class='ocrx_word' id='word_1_23' title='bbox 246 339 479 396; x_wconf 79' lang='grc' dir='ltr'><strong><em>τεταγμένη</em></strong></span> <span class='ocrx_word' id='word_1_24' title='bbox 510 341 715 396; x_wconf 76' lang='grc' dir='ltr'><em>αἴσθησις</em></span> <span class='ocrx_word' id='word_1_25' title='bbox 743 337 1017 396; x_wconf 79' lang='grc' dir='ltr'><em>ἠνάγκασται</em></span> <span class='ocrx_word' id='word_1_26' title='bbox 1052 340 1128 384; x_wconf 84' lang='grc' dir='ltr'><strong>καὶ</strong></span> <span class='ocrx_word' id='word_1_27' title='bbox 1169 340 1248 383; x_wconf 70' lang='grc' dir='ltr'><strong>ἐπὶ</strong></span> <span class='ocrx_word' id='word_1_28' title='bbox 1265 343 1328 398; x_wconf 74' lang='grc' dir='ltr'><em>τῷ</em></span> <span class='ocrx_word' id='word_1_29' title='bbox 1357 342 1542 398; x_wconf 76' lang='grc' dir='ltr'><em>μαλακῷ</em></span> 
     </span>
     <span class='ocr_line' id='line_1_5' title="bbox 150 406 1542 470; baseline -0.002 -17"><span class='ocrx_word' id='word_1_30' title='bbox 150 407 359 470; x_wconf 73' lang='grc' dir='ltr'><em>τετρῖχθαι</em></span> <span class='ocrx_word' id='word_1_31' title='bbox 396 408 472 453; x_wconf 80' lang='grc' dir='ltr'><strong>καὶ</strong></span> <span class='ocrx_word' id='word_1_32' title='bbox 509 407 798 466; x_wconf 75' lang='grc' dir='ltr'><strong><em>παραγγέλλει</em></strong></span> <span class='ocrx_word' id='word_1_33' title='bbox 827 413 881 466; x_wconf 85' lang='grc' dir='ltr'><em>τῇ</em></span> <span class='ocrx_word' id='word_1_34' title='bbox 910 411 1029 464; x_wconf 84' lang='grc' dir='ltr'><strong><em>ψυχῇ</em></strong></span> <span class='ocrx_word' id='word_1_35' title='bbox 1059 406 1120 460; x_wconf 78' lang='grc' dir='ltr'><strong>ὥς</strong></span> <span class='ocrx_word' id='word_1_36' title='bbox 1149 406 1318 452; x_wconf 78' lang='grc' dir='ltr'><em>ταύτὸν</em></span> <span class='ocrx_word' id='word_1_37' title='bbox 1348 406 1542 463; x_wconf 86' lang='grc' dir='ltr'><em>σκληρόν</em></span> 
     </span>
     <span class='ocr_line' id='line_1_6' title="bbox 147 475 1541 534; baseline -0.001 -13"><span class='ocrx_word' id='word_1_38' title='bbox 147 494 193 521; x_wconf 86' lang='grc' dir='ltr'><strong>τε</strong></span> <span class='ocrx_word' id='word_1_39' title='bbox 233 477 308 522; x_wconf 85' lang='grc' dir='ltr'><strong>καὶ</strong></span> <span class='ocrx_word' id='word_1_40' title='bbox 344 475 547 534; x_wconf 79' lang='grc' dir='ltr'><em>μαλακόν</em></span> <span class='ocrx_word' id='word_1_41' title='bbox 587 477 913 533; x_wconf 74' lang='grc' dir='ltr'><strong><em>αἰσθανομένης</em></strong></span> <span class='ocrx_word' id='word_1_42' title='bbox 961 475 1137 529; x_wconf 80' lang='grc' dir='ltr'><em>Οὕτως,</em></span> <span class='ocrx_word' id='word_1_43' title='bbox 1188 476 1284 533; x_wconf 75' lang='grc' dir='ltr'><em>ἔφη.</em></span> <span class='ocrx_word' id='word_1_44' title='bbox 1347 475 1541 527; x_wconf 81' lang='grc' dir='ltr'><em>Οὐκοῦν,</em></span> 
     </span>
     <span class='ocr_line' id='line_1_7' title="bbox 142 539 1542 602; baseline -0.001 -14"><span class='ocrx_word' id='word_1_45' title='bbox 142 541 203 602; x_wconf 68' lang='grc' dir='ltr'><em>ἦν</em></span> <span class='ocrx_word' id='word_1_46' title='bbox 239 543 284 589; x_wconf 84' lang='grc' dir='ltr'><strong>δ’</strong></span> <span class='ocrx_word' id='word_1_47' title='bbox 314 544 424 602; x_wconf 70' lang='grc' dir='ltr'><strong>ἐγώ,</strong></span> <span class='ocrx_word' id='word_1_48' title='bbox 455 542 700 600; x_wconf 74' lang='grc' dir='ltr'><em>ἀναγκαῖον</em></span> <span class='ocrx_word' id='word_1_49' title='bbox 732 546 780 589; x_wconf 77' lang='grc' dir='ltr'><em>ἐν</em></span> <span class='ocrx_word' id='word_1_50' title='bbox 819 550 912 596; x_wconf 84' lang='grc' dir='ltr'><em>τοῖς</em></span> <span class='ocrx_word' id='word_1_51' title='bbox 943 544 1166 596; x_wconf 80' lang='grc' dir='ltr'><em>τοιούτοις</em></span> <span class='ocrx_word' id='word_1_52' title='bbox 1197 539 1255 589; x_wconf 80' lang='grc' dir='ltr'><strong>αὖ</strong></span> <span class='ocrx_word' id='word_1_53' title='bbox 1285 543 1366 600; x_wconf 84' lang='grc' dir='ltr'><strong>τὴν</strong></span> <span class='ocrx_word' id='word_1_54' title='bbox 1394 542 1542 599; x_wconf 76' lang='grc' dir='ltr'><em>ψυχήν</em></span> 
     </span>
     <span class='ocr_line' id='line_1_8' title="bbox 145 611 1541 671; baseline -0.004 -13"><span class='ocrx_word' id='word_1_55' title='bbox 145 613 353 669; x_wconf 73' lang='grc' dir='ltr'><em>ἀπορεῖν,</em></span> <span class='ocrx_word' id='word_1_56' title='bbox 381 615 425 657; x_wconf 90' lang='grc' dir='ltr'><em>τί</em></span> <span class='ocrx_word' id='word_1_57' title='bbox 452 630 558 658; x_wconf 87' lang='grc' dir='ltr'><em>ποτε</em></span> <span class='ocrx_word' id='word_1_58' title='bbox 590 615 791 671; x_wconf 74' lang='grc' dir='ltr'><strong>σημαίνει</strong></span> <span class='ocrx_word' id='word_1_59' title='bbox 822 612 933 669; x_wconf 80' lang='grc' dir='ltr'><em>αὕτη</em></span> <span class='ocrx_word' id='word_1_60' title='bbox 961 612 988 670; x_wconf 88' lang='grc' dir='ltr'><strong><em>ἡ</em></strong></span> <span class='ocrx_word' id='word_1_61' title='bbox 1023 616 1225 670; x_wconf 82' lang='grc' dir='ltr'><em>αἴσθησις</em></span> <span class='ocrx_word' id='word_1_62' title='bbox 1255 611 1302 655; x_wconf 82' lang='grc' dir='ltr'><em>τό</em></span> <span class='ocrx_word' id='word_1_63' title='bbox 1335 612 1541 671; x_wconf 73' lang='grc' dir='ltr'><em>σκληρὸν,</em></span> 
     </span>
     <span class='ocr_line' id='line_1_9' title="bbox 146 679 1542 739; baseline -0.004 -12"><span class='ocrx_word' id='word_1_64' title='bbox 146 685 266 739; x_wconf 80' lang='grc' dir='ltr'><em>εἴπερ</em></span> <span class='ocrx_word' id='word_1_65' title='bbox 304 682 355 725; x_wconf 83' lang='grc' dir='ltr'><em>τὸ</em></span> <span class='ocrx_word' id='word_1_66' title='bbox 395 679 504 726; x_wconf 84' lang='grc' dir='ltr'><em>αὐτὸ</em></span> <span class='ocrx_word' id='word_1_67' title='bbox 544 682 617 726; x_wconf 83' lang='grc' dir='ltr'><strong>καὶ</strong></span> <span class='ocrx_word' id='word_1_68' title='bbox 656 680 856 738; x_wconf 85' lang='grc' dir='ltr'><em>μαλακὸν</em></span> <span class='ocrx_word' id='word_1_69' title='bbox 899 682 1038 737; x_wconf 80' lang='grc' dir='ltr'><em>λέγει,</em></span> <span class='ocrx_word' id='word_1_70' title='bbox 1078 683 1153 726; x_wconf 81' lang='grc' dir='ltr'><strong>καὶ</strong></span> <span class='ocrx_word' id='word_1_71' title='bbox 1181 680 1210 738; x_wconf 80' lang='grc' dir='ltr'><strong><em>ἡ</em></strong></span> <span class='ocrx_word' id='word_1_72' title='bbox 1239 683 1323 724; x_wconf 81' lang='grc' dir='ltr'><em>τοῦ</em></span> <span class='ocrx_word' id='word_1_73' title='bbox 1360 679 1542 736; x_wconf 84' lang='grc' dir='ltr'><em>κούφου</em></span> 
     </span>
     <span class='ocr_line' id='line_1_10' title="bbox 145 748 1538 808; baseline -0.004 -11"><span class='ocrx_word' id='word_1_74' title='bbox 145 755 219 797; x_wconf 82' lang='grc' dir='ltr'><strong>καὶ</strong></span> <span class='ocrx_word' id='word_1_75' title='bbox 247 750 275 808; x_wconf 83' lang='grc' dir='ltr'><em>ἡ</em></span> <span class='ocrx_word' id='word_1_76' title='bbox 306 754 387 795; x_wconf 83' lang='grc' dir='ltr'><em>τοῦ</em></span> <span class='ocrx_word' id='word_1_77' title='bbox 427 749 614 807; x_wconf 82' lang='grc' dir='ltr'><em>βαρέος,</em></span> <span class='ocrx_word' id='word_1_78' title='bbox 662 752 703 794; x_wconf 86' lang='grc' dir='ltr'><em>τί</em></span> <span class='ocrx_word' id='word_1_79' title='bbox 733 748 781 793; x_wconf 88' lang='grc' dir='ltr'><em>τὸ</em></span> <span class='ocrx_word' id='word_1_80' title='bbox 824 753 1002 804; x_wconf 81' lang='grc' dir='ltr'><em>κοῦφον</em></span> <span class='ocrx_word' id='word_1_81' title='bbox 1042 751 1116 794; x_wconf 82' lang='grc' dir='ltr'><strong>καὶ</strong></span> <span class='ocrx_word' id='word_1_82' title='bbox 1146 748 1287 807; x_wconf 80' lang='grc' dir='ltr'><em>βαρύ,</em></span> <span class='ocrx_word' id='word_1_83' title='bbox 1329 750 1366 792; x_wconf 79' lang='grc' dir='ltr'><strong>εἰ</strong></span> <span class='ocrx_word' id='word_1_84' title='bbox 1404 749 1453 793; x_wconf 88' lang='grc' dir='ltr'><em>τό</em></span> <span class='ocrx_word' id='word_1_85' title='bbox 1492 764 1538 792; x_wconf 89' lang='grc' dir='ltr'><strong>τε</strong></span> 
     </span>
     <span class='ocr_line' id='line_1_11' title="bbox 145 817 1603 893; baseline -0.003 -28"><span class='ocrx_word' id='word_1_86' title='bbox 145 818 263 878; x_wconf 71' lang='grc' dir='ltr'><em>βαρύ</em></span> <span class='ocrx_word' id='word_1_87' title='bbox 292 824 472 875; x_wconf 79' lang='grc' dir='ltr'><em>κοῦφον</em></span> <span class='ocrx_word' id='word_1_88' title='bbox 501 819 574 863; x_wconf 82' lang='grc' dir='ltr'><strong>καὶ</strong></span> <span class='ocrx_word' id='word_1_89' title='bbox 612 818 662 864; x_wconf 85' lang='grc' dir='ltr'><em>τὸ</em></span> <span class='ocrx_word' id='word_1_90' title='bbox 692 822 868 874; x_wconf 83' lang='grc' dir='ltr'><em>κοῦφον</em></span> <span class='ocrx_word' id='word_1_91' title='bbox 897 817 1016 893; x_wconf 73' lang='grc' dir='ltr'><em>βαρύ</em></span> <span class='ocrx_word' id='word_1_92' title='bbox 1048 819 1270 874; x_wconf 71' lang='grc' dir='ltr'><em>σημαίνεις</em></span> <span class='ocrx_word' id='word_1_93' title='bbox 1314 818 1404 861; x_wconf 90' lang='grc' dir='ltr'><strong>Καὶ</strong></span> <span class='ocrx_word' id='word_1_94' title='bbox 1435 817 1535 878; x_wconf 74' lang='grc' dir='ltr'><strong>γὰρ,</strong></span> <span class='ocrx_word' id='word_1_95' title='bbox 1567 819 1603 860; x_wconf 84' lang='grc' dir='ltr'><strong><em>Β</em></strong></span> 
     </span>
    </p>
   </div>
   <div class='ocr_carea' id='block_1_5' title="bbox 143 943 816 2875">
    <p class='ocr_par' dir='ltr' id='par_1_5' title="bbox 143 943 816 2875">
     <span class='ocr_line' id='line_1_12' title="bbox 145 943 814 991; baseline 0.001 -12"><span class='ocrx_word' id='word_1_96' title='bbox 145 946 190 980; x_wconf 93' lang='lat' dir='ltr'><strong>F.</strong></span> <span class='ocrx_word' id='word_1_97' title='bbox 225 944 463 987; x_wconf 85' lang='lat' dir='ltr'><strong>„Crediderim</strong></span> <span class='ocrx_word' id='word_1_98' title='bbox 483 943 724 991; x_wconf 80' lang='grc' dir='ltr'><em>παραγγέλλει</em></span> <span class='ocrx_word' id='word_1_99' title='bbox 739 958 814 980; x_wconf 73' lang='grc'>11111-</span> 
     </span>
     <span class='ocr_line' id='line_1_13' title="bbox 146 991 812 1038; baseline 0.002 -13"><span class='ocrx_word' id='word_1_100' title='bbox 146 991 308 1026; x_wconf 86' lang='lat' dir='ltr'><strong>tandum</strong></span> <span class='ocrx_word' id='word_1_101' title='bbox 318 1003 393 1025; x_wconf 88' lang='lat' dir='ltr'><strong>esse</strong></span> <span class='ocrx_word' id='word_1_102' title='bbox 432 993 467 1025; x_wconf 91' lang='lat' dir='ltr'><strong>in</strong></span> <span class='ocrx_word' id='word_1_103' title='bbox 505 991 776 1038; x_wconf 41' lang='grc' dir='ltr'><em>προσαγγέλλωει</em></span> <span class='ocrx_word' id='word_1_104' title='bbox 788 994 812 1012; x_wconf 85' lang='grc'><strong>“</strong></span> 
     </span>
     <span class='ocr_line' id='line_1_14' title="bbox 147 1038 813 1084; baseline 0.005 -13"><span class='ocrx_word' id='word_1_105' title='bbox 147 1038 266 1083; x_wconf 88' lang='lat' dir='ltr'><strong>Steph.</strong></span> <span class='ocrx_word' id='word_1_106' title='bbox 301 1042 417 1072; x_wconf 80' lang='lat' dir='ltr'><strong>annot.</strong></span> <span class='ocrx_word' id='word_1_107' title='bbox 450 1050 529 1084; x_wconf 79' lang='lat' dir='ltr'><strong>pag.</strong></span> <span class='ocrx_word' id='word_1_108' title='bbox 554 1041 611 1074; x_wconf 76' lang='lat'>25.</span> <span class='ocrx_word' id='word_1_109' title='bbox 669 1039 813 1074; x_wconf 78' lang='lat' dir='ltr'>Scilicet</span> 
     </span>
     <span class='ocr_line' id='line_1_15' title="bbox 146 1082 811 1130; baseline 0.003 -13"><span class='ocrx_word' id='word_1_110' title='bbox 146 1082 409 1128; x_wconf 78' lang='grc' dir='ltr'><strong>παραγγέλλειν</strong></span> <span class='ocrx_word' id='word_1_111' title='bbox 440 1085 541 1130; x_wconf 81' lang='lat' dir='ltr'><strong>vulgo</strong></span> <span class='ocrx_word' id='word_1_112' title='bbox 573 1098 639 1119; x_wconf 93' lang='lat' dir='ltr'><strong>non</strong></span> <span class='ocrx_word' id='word_1_113' title='bbox 671 1087 811 1128; x_wconf 73' lang='lat' dir='ltr'><strong>factum,</strong></span> 
     </span>
     <span class='ocr_line' id='line_1_16' title="bbox 147 1130 811 1174; baseline 0 -10"><span class='ocrx_word' id='word_1_114' title='bbox 147 1131 208 1164; x_wconf 89' lang='lat' dir='ltr'><strong>sed</strong></span> <span class='ocrx_word' id='word_1_115' title='bbox 238 1130 430 1164; x_wconf 86' lang='lat' dir='ltr'><strong>faciendum</strong></span> <span class='ocrx_word' id='word_1_116' title='bbox 469 1131 691 1174; x_wconf 88' lang='lat' dir='ltr'><strong>denuntiare,</strong></span> <span class='ocrx_word' id='word_1_117' title='bbox 730 1132 811 1165; x_wconf 91' lang='lat' dir='ltr'><strong>hor-</strong></span> 
     </span>
     <span class='ocr_line' id='line_1_17' title="bbox 145 1176 810 1221; baseline 0.005 -12"><span class='ocrx_word' id='word_1_118' title='bbox 145 1176 234 1219; x_wconf 81' lang='lat' dir='ltr'><strong>tari,</strong></span> <span class='ocrx_word' id='word_1_119' title='bbox 265 1176 438 1221; x_wconf 85' lang='lat' dir='ltr'><strong>imperare</strong></span> <span class='ocrx_word' id='word_1_120' title='bbox 473 1178 671 1221; x_wconf 82' lang='lat' dir='ltr'><strong>significat,</strong></span> <span class='ocrx_word' id='word_1_121' title='bbox 704 1181 740 1211; x_wconf 87' lang='lat' dir='ltr'><strong>et</strong></span> <span class='ocrx_word' id='word_1_122' title='bbox 761 1178 810 1212; x_wconf 84' lang='lat' dir='ltr'><strong>ita</strong></span> 
     </span>
     <span class='ocr_line' id='line_1_18' title="bbox 145 1222 806 1268; baseline 0 -11"><span class='ocrx_word' id='word_1_123' title='bbox 145 1222 246 1257; x_wconf 76' lang='lat' dir='ltr'><strong>Plato</strong></span> <span class='ocrx_word' id='word_1_124' title='bbox 267 1222 402 1268; x_wconf 83' lang='lat' dir='ltr'>Criton.</span> <span class='ocrx_word' id='word_1_125' title='bbox 427 1234 461 1268; x_wconf 90' lang='lat' dir='ltr'><strong>p.</strong></span> <span class='ocrx_word' id='word_1_126' title='bbox 486 1225 543 1259; x_wconf 82' lang='lat'><strong>50.</strong></span> <span class='ocrx_word' id='word_1_127' title='bbox 554 1224 610 1258; x_wconf 83' lang='lat' dir='ltr'>·D.</span> <span class='ocrx_word' id='word_1_128' title='bbox 634 1224 806 1258; x_wconf 82' lang='lat' dir='ltr'><strong>Phaedon.</strong></span> 
     </span>
     <span class='ocr_line' id='line_1_19' title="bbox 146 1268 810 1316; baseline -0.002 -13"><span class='ocrx_word' id='word_1_129' title='bbox 146 1269 203 1303; x_wconf 87' lang='lat'>59.</span> <span class='ocrx_word' id='word_1_130' title='bbox 228 1269 374 1316; x_wconf 28' lang='lat' dir='ltr'>E.f116.</span> <span class='ocrx_word' id='word_1_131' title='bbox 402 1269 442 1302; x_wconf 88' lang='lat' dir='ltr'><strong>C.</strong></span> <span class='ocrx_word' id='word_1_132' title='bbox 468 1274 504 1302; x_wconf 87' lang='lat' dir='ltr'><strong>et</strong></span> <span class='ocrx_word' id='word_1_133' title='bbox 528 1268 665 1304; x_wconf 80' lang='lat' dir='ltr'><strong>alibieo</strong></span> <span class='ocrx_word' id='word_1_134' title='bbox 689 1270 810 1304; x_wconf 81' lang='lat' dir='ltr'><strong>utitur.</strong></span> 
     </span>
     <span class='ocr_line' id='line_1_20' title="bbox 145 1315 813 1361; baseline 0 -12"><span class='ocrx_word' id='word_1_135' title='bbox 145 1315 218 1349; x_wconf 88' lang='lat' dir='ltr'><strong>Sed</strong></span> <span class='ocrx_word' id='word_1_136' title='bbox 241 1326 284 1349; x_wconf 86' lang='lat' dir='ltr'><strong>ea</strong></span> <span class='ocrx_word' id='word_1_137' title='bbox 307 1326 465 1361; x_wconf 86' lang='lat' dir='ltr'><strong>quoque,</strong></span> <span class='ocrx_word' id='word_1_138' title='bbox 489 1327 577 1361; x_wconf 89' lang='lat' dir='ltr'><strong>quae</strong></span> <span class='ocrx_word' id='word_1_139' title='bbox 601 1316 656 1360; x_wconf 82' lang='lat' dir='ltr'><strong>agi</strong></span> <span class='ocrx_word' id='word_1_140' title='bbox 681 1325 716 1350; x_wconf 87' lang='lat' dir='ltr'><strong>et</strong></span> <span class='ocrx_word' id='word_1_141' title='bbox 736 1316 813 1349; x_wconf 82' lang='lat' dir='ltr'><strong>fieri</strong></span> 
     </span>
     <span class='ocr_line' id='line_1_21' title="bbox 145 1361 811 1406; baseline 0 -11"><span class='ocrx_word' id='word_1_142' title='bbox 145 1372 213 1395; x_wconf 91' lang='lat' dir='ltr'><strong>non</strong></span> <span class='ocrx_word' id='word_1_143' title='bbox 243 1366 405 1406; x_wconf 76' lang='lat' dir='ltr'><strong>possunt,</strong></span> <span class='ocrx_word' id='word_1_144' title='bbox 438 1361 500 1396; x_wconf 85' lang='lat' dir='ltr'><strong>sed</strong></span> <span class='ocrx_word' id='word_1_145' title='bbox 533 1362 625 1396; x_wconf 87' lang='lat' dir='ltr'><strong>credi</strong></span> <span class='ocrx_word' id='word_1_146' title='bbox 660 1367 696 1396; x_wconf 85' lang='lat' dir='ltr'><strong>et</strong></span> <span class='ocrx_word' id='word_1_147' title='bbox 728 1374 811 1396; x_wconf 77' lang='lat' dir='ltr'><strong>vera</strong></span> 
     </span>
     <span class='ocr_line' id='line_1_22' title="bbox 144 1407 811 1453; baseline 0.001 -12"><span class='ocrx_word' id='word_1_148' title='bbox 144 1407 265 1441; x_wconf 82' lang='lat' dir='ltr'><strong>haberi</strong></span> <span class='ocrx_word' id='word_1_149' title='bbox 290 1412 348 1449; x_wconf 86' lang='lat' dir='ltr'><strong>et,</strong></span> <span class='ocrx_word' id='word_1_150' title='bbox 383 1408 412 1442; x_wconf 90' lang='lat' dir='ltr'><strong>si</strong></span> <span class='ocrx_word' id='word_1_151' title='bbox 437 1419 492 1442; x_wconf 81' lang='lat' dir='ltr'><strong>res</strong></span> <span class='ocrx_word' id='word_1_152' title='bbox 525 1408 576 1442; x_wconf 86' lang='lat' dir='ltr'><strong>ita</strong></span> <span class='ocrx_word' id='word_1_153' title='bbox 598 1409 714 1451; x_wconf 89' lang='lat' dir='ltr'><strong>ferat,</strong></span> <span class='ocrx_word' id='word_1_154' title='bbox 747 1420 811 1453; x_wconf 86' lang='lat' dir='ltr'><strong>pro</strong></span> 
     </span>
     <span class='ocr_line' id='line_1_23' title="bbox 145 1453 810 1497; baseline 0 -10"><span class='ocrx_word' id='word_1_155' title='bbox 145 1464 264 1488; x_wconf 83' lang='lat' dir='ltr'><strong>norma</strong></span> <span class='ocrx_word' id='word_1_156' title='bbox 287 1453 411 1497; x_wconf 87' lang='lat' dir='ltr'><strong>agendi</strong></span> <span class='ocrx_word' id='word_1_157' title='bbox 443 1454 620 1488; x_wconf 84' lang='lat' dir='ltr'><strong>observari</strong></span> <span class='ocrx_word' id='word_1_158' title='bbox 641 1455 810 1496; x_wconf 81' lang='lat' dir='ltr'><strong>iubentur,</strong></span> 
     </span>
     <span class='ocr_line' id='line_1_24' title="bbox 143 1498 812 1545; baseline 0.003 -12"><span class='ocrx_word' id='word_1_159' title='bbox 143 1498 464 1544; x_wconf 83' lang='grc' dir='ltr'><em>παραγγέλλεσθαι</em></span> <span class='ocrx_word' id='word_1_160' title='bbox 487 1499 580 1534; x_wconf 89' lang='lat' dir='ltr'><strong>dicit.</strong></span> <span class='ocrx_word' id='word_1_161' title='bbox 623 1500 684 1534; x_wconf 90' lang='lat' dir='ltr'><strong>Sic</strong></span> <span class='ocrx_word' id='word_1_162' title='bbox 708 1512 812 1545; x_wconf 83' lang='lat' dir='ltr'><strong>supra</strong></span> 
     </span>
     <span class='ocr_line' id='line_1_25' title="bbox 144 1545 813 1591; baseline 0 -11"><span class='ocrx_word' id='word_1_163' title='bbox 144 1546 184 1580; x_wconf 91' lang='lat' dir='ltr'><strong>L.</strong></span> <span class='ocrx_word' id='word_1_164' title='bbox 209 1546 291 1580; x_wconf 81' lang='lat'>1111.</span> <span class='ocrx_word' id='word_1_165' title='bbox 317 1558 350 1591; x_wconf 88' lang='lat' dir='ltr'><strong>p.</strong></span> <span class='ocrx_word' id='word_1_166' title='bbox 376 1545 458 1581; x_wconf 73' lang='lat'>429.</span> <span class='ocrx_word' id='word_1_167' title='bbox 485 1546 526 1582; x_wconf 88' lang='lat' dir='ltr'><strong>C.</strong></span> <span class='ocrx_word' id='word_1_168' title='bbox 549 1546 608 1580; x_wconf 88' lang='lat' dir='ltr'><strong>ubi</strong></span> <span class='ocrx_word' id='word_1_169' title='bbox 639 1547 813 1581; x_wconf 80' lang='lat' dir='ltr'><strong>fmtitudi-</strong></span> 
     </span>
     <span class='ocr_line' id='line_1_26' title="bbox 144 1589 810 1647; baseline 0.002 -21"><span class='ocrx_word' id='word_1_170' title='bbox 144 1604 222 1626; x_wconf 88' lang='lat' dir='ltr'><strong>nem</strong></span> <span class='ocrx_word' id='word_1_171' title='bbox 245 1599 319 1626; x_wconf 78' lang='lat' dir='ltr'><strong>eam</strong></span> <span class='ocrx_word' id='word_1_172' title='bbox 343 1592 411 1626; x_wconf 85' lang='lat' dir='ltr'><strong>vim</strong></span> <span class='ocrx_word' id='word_1_173' title='bbox 434 1603 511 1626; x_wconf 87' lang='lat' dir='ltr'><strong>esse</strong></span> <span class='ocrx_word' id='word_1_174' title='bbox 534 1593 761 1647; x_wconf 85' lang='lat' dir='ltr'><strong>demonstrat,</strong></span> <span class='ocrx_word' id='word_1_175' title='bbox 785 1589 810 1636; x_wconf 85' lang='grc' dir='ltr'><em>ἣ</em></span> 
     </span>
     <span class='ocr_line' id='line_1_27' title="bbox 143 1635 811 1684; baseline 0 -12"><span class='ocrx_word' id='word_1_176' title='bbox 143 1636 210 1672; x_wconf 80' lang='grc' dir='ltr'><strong>διὰ</strong></span> <span class='ocrx_word' id='word_1_177' title='bbox 231 1636 375 1677; x_wconf 87' lang='grc' dir='ltr'><em>παντὸς</em></span> <span class='ocrx_word' id='word_1_178' title='bbox 395 1635 505 1672; x_wconf 75' lang='grc' dir='ltr'><em>σώσει</em></span> <span class='ocrx_word' id='word_1_179' title='bbox 532 1635 604 1682; x_wconf 73' lang='grc' dir='ltr'><strong>την</strong></span> <span class='ocrx_word' id='word_1_180' title='bbox 627 1652 672 1673; x_wconf 65' lang='grc' dir='ltr'><strong>πε</strong></span> <span class='ocrx_word' id='word_1_181' title='bbox 657 1638 712 1684; x_wconf 82' lang='grc' dir='ltr'><strong>ερὶ</strong></span> <span class='ocrx_word' id='word_1_182' title='bbox 735 1639 811 1673; x_wconf 79' lang='grc' dir='ltr'><strong>τῶν</strong></span> 
     </span>
     <span class='ocr_line' id='line_1_28' title="bbox 146 1683 808 1727; baseline 0.003 -9"><span class='ocrx_word' id='word_1_183' title='bbox 146 1684 282 1719; x_wconf 81' lang='grc' dir='ltr'><em>δεινῶν</em></span> <span class='ocrx_word' id='word_1_184' title='bbox 307 1683 446 1727; x_wconf 81' lang='grc' dir='ltr'><em>δόξαν,</em></span> <span class='ocrx_word' id='word_1_185' title='bbox 485 1683 608 1719; x_wconf 78' lang='grc' dir='ltr'><em>ταῦτά</em></span> <span class='ocrx_word' id='word_1_186' title='bbox 638 1697 678 1720; x_wconf 89' lang='grc' dir='ltr'><strong>τε</strong></span> <span class='ocrx_word' id='word_1_187' title='bbox 709 1683 808 1720; x_wconf 76' lang='grc' dir='ltr'><em>αὐτὰ</em></span> 
     </span>
     <span class='ocr_line' id='line_1_29' title="bbox 144 1726 811 1774; baseline 0 -10"><span class='ocrx_word' id='word_1_188' title='bbox 144 1727 243 1765; x_wconf 79' lang='grc' dir='ltr'><em>εἶναι</em></span> <span class='ocrx_word' id='word_1_189' title='bbox 263 1729 326 1764; x_wconf 82' lang='grc' dir='ltr'><strong>καὶ</strong></span> <span class='ocrx_word' id='word_1_190' title='bbox 352 1730 532 1774; x_wconf 84' lang='grc' dir='ltr'><em>τοιαῦτα,</em></span> <span class='ocrx_word' id='word_1_191' title='bbox 559 1726 586 1765; x_wconf 77' lang='grc' dir='ltr'>ἅ</span> <span class='ocrx_word' id='word_1_192' title='bbox 606 1742 646 1765; x_wconf 86' lang='grc' dir='ltr'><strong>τε</strong></span> <span class='ocrx_word' id='word_1_193' title='bbox 664 1731 728 1766; x_wconf 82' lang='grc' dir='ltr'><strong>καὶ</strong></span> <span class='ocrx_word' id='word_1_194' title='bbox 747 1729 811 1766; x_wconf 82' lang='grc' dir='ltr'><strong>οἶα</strong></span> 
     </span>
     <span class='ocr_line' id='line_1_30' title="bbox 144 1773 809 1834; baseline -0.002 -22"><span class='ocrx_word' id='word_1_195' title='bbox 144 1774 169 1812; x_wconf 80' lang='grc' dir='ltr'>ὁ</span> <span class='ocrx_word' id='word_1_196' title='bbox 189 1773 401 1834; x_wconf 81' lang='grc' dir='ltr'><em>νομοθέτης</em></span> <span class='ocrx_word' id='word_1_197' title='bbox 431 1775 671 1822; x_wconf 79' lang='grc' dir='ltr'><em>παρήγγειλεν</em></span> <span class='ocrx_word' id='word_1_198' title='bbox 695 1775 734 1812; x_wconf 84' lang='grc' dir='ltr'><em>ἐν</em></span> <span class='ocrx_word' id='word_1_199' title='bbox 764 1778 809 1823; x_wconf 88' lang='grc' dir='ltr'><em>τῇ</em></span> 
     </span>
     <span class='ocr_line' id='line_1_31' title="bbox 145 1809 810 1870; baseline 0 -13"><span class='ocrx_word' id='word_1_200' title='bbox 145 1823 312 1870; x_wconf 79' lang='grc' dir='ltr'><em>παιδείᾳ.</em></span> <span class='ocrx_word' id='word_1_201' title='bbox 332 1809 379 1857; x_wconf 89' lang='lat' dir='ltr'><strong>et</strong></span> <span class='ocrx_word' id='word_1_202' title='bbox 402 1824 481 1858; x_wconf 73' lang='grc'><em>442.</em></span> <span class='ocrx_word' id='word_1_203' title='bbox 507 1824 548 1856; x_wconf 89' lang='lat' dir='ltr'><strong>C.</strong></span> <span class='ocrx_word' id='word_1_204' title='bbox 582 1830 655 1857; x_wconf 86' lang='lat' dir='ltr'><strong>tum</strong></span> <span class='ocrx_word' id='word_1_205' title='bbox 685 1825 810 1858; x_wconf 87' lang='lat' dir='ltr'><strong>fortem</strong></span> 
     </span>
     <span class='ocr_line' id='line_1_32' title="bbox 143 1858 810 1926; baseline 0.002 -23"><span class='ocrx_word' id='word_1_206' title='bbox 143 1858 294 1926; x_wconf 71' lang='lat' dir='ltr'><strong>aliquem</strong></span> <span class='ocrx_word' id='word_1_207' title='bbox 317 1869 542 1924; x_wconf 77' lang='lat' dir='ltr'><strong>praedicans,</strong></span> <span class='ocrx_word' id='word_1_208' title='bbox 567 1865 662 1904; x_wconf 79' lang='grc' dir='ltr'><em>ὅταν</em></span> <span class='ocrx_word' id='word_1_209' title='bbox 686 1867 810 1904; x_wconf 76' lang='grc' dir='ltr'><em>αὐτοῦ</em></span> 
     </span>
     <span class='ocr_line' id='line_1_33' title="bbox 146 1912 810 1973; baseline 0 -23"><span class='ocrx_word' id='word_1_210' title='bbox 146 1912 192 1950; x_wconf 76' lang='grc' dir='ltr'><em>τὸ</em></span> <span class='ocrx_word' id='word_1_211' title='bbox 192 1913 410 1973; x_wconf 42' lang='lat' dir='ltr'><strong>uaeffvfaeoadeg</strong></span> <span class='ocrx_word' id='word_1_212' title='bbox 433 1913 639 1972; x_wconf 71' lang='grc' dir='ltr'><em>διασώζη</em></span> <span class='ocrx_word' id='word_1_213' title='bbox 612 1914 675 1950; x_wconf 78' lang='grc' dir='ltr'><strong>διά</strong></span> <span class='ocrx_word' id='word_1_214' title='bbox 692 1927 733 1950; x_wconf 85' lang='grc' dir='ltr'><strong>τε</strong></span> <span class='ocrx_word' id='word_1_215' title='bbox 749 1918 810 1950; x_wconf 85' lang='grc' dir='ltr'><strong>λυ-</strong></span> 
     </span>
     <span class='ocr_line' id='line_1_34' title="bbox 145 1959 810 2006; baseline 0.002 -10"><span class='ocrx_word' id='word_1_216' title='bbox 145 1973 233 1996; x_wconf 85' lang='grc' dir='ltr'><em>πων</em></span> <span class='ocrx_word' id='word_1_217' title='bbox 257 1961 321 1996; x_wconf 82' lang='grc' dir='ltr'><strong>καὶ</strong></span> <span class='ocrx_word' id='word_1_218' title='bbox 338 1959 490 2006; x_wconf 78' lang='grc' dir='ltr'><em>ἡδονῶν</em></span> <span class='ocrx_word' id='word_1_219' title='bbox 508 1974 552 1996; x_wconf 91' lang='grc' dir='ltr'><em>το</em></span> <span class='ocrx_word' id='word_1_220' title='bbox 568 1961 644 1997; x_wconf 83' lang='grc' dir='ltr'><strong>υπὸ</strong></span> <span class='ocrx_word' id='word_1_221' title='bbox 659 1963 735 1997; x_wconf 77' lang='grc' dir='ltr'><em>τοῦ</em></span> <span class='ocrx_word' id='word_1_222' title='bbox 750 1960 810 1997; x_wconf 89' lang='grc' dir='ltr'><strong>λό-</strong></span> 
     </span>
     <span class='ocr_line' id='line_1_35' title="bbox 147 2006 810 2063; baseline 0.002 -21"><span class='ocrx_word' id='word_1_223' title='bbox 147 2020 217 2063; x_wconf 84' lang='grc' dir='ltr'><em>γον</em></span> <span class='ocrx_word' id='word_1_224' title='bbox 241 2007 497 2052; x_wconf 84' lang='grc' dir='ltr'><em>παραγγελθεν</em></span> <span class='ocrx_word' id='word_1_225' title='bbox 524 2006 648 2043; x_wconf 86' lang='grc' dir='ltr'><em>δεινόν</em></span> <span class='ocrx_word' id='word_1_226' title='bbox 678 2020 719 2043; x_wconf 85' lang='grc' dir='ltr'><strong>τε</strong></span> <span class='ocrx_word' id='word_1_227' title='bbox 747 2007 810 2043; x_wconf 80' lang='grc' dir='ltr'><strong>καὶ</strong></span> 
     </span>
     <span class='ocr_line' id='line_1_36' title="bbox 144 2052 807 2110; baseline 0 -22"><span class='ocrx_word' id='word_1_228' title='bbox 144 2052 226 2099; x_wconf 89' lang='grc' dir='ltr'><strong>μή.</strong></span> <span class='ocrx_word' id='word_1_229' title='bbox 248 2059 286 2089; x_wconf 85' lang='lat' dir='ltr'><strong>et</strong></span> <span class='ocrx_word' id='word_1_230' title='bbox 315 2054 520 2110; x_wconf 78' lang='lat' dir='ltr'><strong>sapientiam</strong></span> <span class='ocrx_word' id='word_1_231' title='bbox 549 2054 587 2088; x_wconf 87' lang='grc'><strong>111</strong></span> <span class='ocrx_word' id='word_1_232' title='bbox 619 2066 660 2089; x_wconf 80' lang='lat' dir='ltr'><strong>ea</strong></span> <span class='ocrx_word' id='word_1_233' title='bbox 704 2055 807 2089; x_wconf 87' lang='lat' dir='ltr'><strong>animi</strong></span> 
     </span>
     <span class='ocr_line' id='line_1_37' title="bbox 145 2095 810 2158; baseline -0.002 -22"><span class='ocrx_word' id='word_1_234' title='bbox 145 2104 247 2158; x_wconf 78' lang='lat' dir='ltr'><strong>parte</strong></span> <span class='ocrx_word' id='word_1_235' title='bbox 268 2112 417 2145; x_wconf 86' lang='lat' dir='ltr'><strong>ponens,</strong></span> <span class='ocrx_word' id='word_1_236' title='bbox 449 2095 471 2136; x_wconf 79' lang='grc' dir='ltr'><em>ὃ</em></span> <span class='ocrx_word' id='word_1_237' title='bbox 490 2098 580 2144; x_wconf 81' lang='grc' dir='ltr'><em>ἦρχέ</em></span> <span class='ocrx_word' id='word_1_238' title='bbox 597 2098 629 2134; x_wconf 85' lang='grc' dir='ltr'><em>τ’</em></span> <span class='ocrx_word' id='word_1_239' title='bbox 649 2098 690 2135; x_wconf 79' lang='grc' dir='ltr'><em>ἐν</em></span> <span class='ocrx_word' id='word_1_240' title='bbox 707 2098 810 2146; x_wconf 73' lang='grc' dir='ltr'><em>αὐτῷ</em></span> 
     </span>
     <span class='ocr_line' id='line_1_38' title="bbox 147 2144 813 2191; baseline 0.002 -11"><span class='ocrx_word' id='word_1_241' title='bbox 147 2145 212 2181; x_wconf 81' lang='grc' dir='ltr'><strong>καὶ</strong></span> <span class='ocrx_word' id='word_1_242' title='bbox 233 2147 355 2181; x_wconf 77' lang='grc' dir='ltr'><em>ταῦτα</em></span> <span class='ocrx_word' id='word_1_243' title='bbox 385 2144 641 2191; x_wconf 69' lang='grc' dir='ltr'><em>παρήγγελλεν.</em></span> <span class='ocrx_word' id='word_1_244' title='bbox 684 2148 813 2181; x_wconf 87' lang='lat' dir='ltr'>Confer</span> 
     </span>
     <span class='ocr_line' id='line_1_39' title="bbox 147 2193 812 2238; baseline -0.003 -8.78"><span class='ocrx_word' id='word_1_245' title='bbox 147 2193 311 2229; x_wconf 83' lang='lat' dir='ltr'>L..V111</span> <span class='ocrx_word' id='word_1_246' title='bbox 335 2205 368 2238; x_wconf 89' lang='lat' dir='ltr'>p.</span> <span class='ocrx_word' id='word_1_247' title='bbox 381 2194 460 2228; x_wconf 86' lang='lat'>556.</span> <span class='ocrx_word' id='word_1_248' title='bbox 486 2194 529 2228; x_wconf 92' lang='lat' dir='ltr'><strong>D.</strong></span> <span class='ocrx_word' id='word_1_249' title='bbox 575 2193 632 2227; x_wconf 86' lang='lat' dir='ltr'><strong>Ita</strong></span> <span class='ocrx_word' id='word_1_250' title='bbox 654 2194 710 2228; x_wconf 86' lang='lat' dir='ltr'><strong>hic</strong></span> <span class='ocrx_word' id='word_1_251' title='bbox 732 2205 812 2228; x_wconf 89' lang='lat' dir='ltr'><strong>sen-</strong></span> 
     </span>
     <span class='ocr_line' id='line_1_40' title="bbox 147 2239 812 2285; baseline 0 -12"><span class='ocrx_word' id='word_1_252' title='bbox 147 2250 221 2274; x_wconf 90' lang='lat' dir='ltr'><strong>sum</strong></span> <span class='ocrx_word' id='word_1_253' title='bbox 245 2239 415 2273; x_wconf 87' lang='lat' dir='ltr'><strong>contraria</strong></span> <span class='ocrx_word' id='word_1_254' title='bbox 436 2239 648 2274; x_wconf 86' lang='lat' dir='ltr'><strong>nuntiantem</strong></span> <span class='ocrx_word' id='word_1_255' title='bbox 665 2245 812 2285; x_wconf 85' lang='lat' dir='ltr'><strong>utraque</strong></span> 
     </span>
     <span class='ocr_line' id='line_1_41' title="bbox 148 2285 812 2331; baseline 0.002 -12"><span class='ocrx_word' id='word_1_256' title='bbox 148 2285 290 2320; x_wconf 82' lang='lat' dir='ltr'><strong>credere</strong></span> <span class='ocrx_word' id='word_1_257' title='bbox 319 2285 480 2319; x_wconf 65' lang='lat' dir='ltr'><strong>animum</strong></span> <span class='ocrx_word' id='word_1_258' title='bbox 533 2285 652 2320; x_wconf 85' lang='lat' dir='ltr'><strong>iubere</strong></span> <span class='ocrx_word' id='word_1_259' title='bbox 707 2289 812 2331; x_wconf 82' lang='lat' dir='ltr'><strong>atque</strong></span> 
     </span>
     <span class='ocr_line' id='line_1_42' title="bbox 146 2331 812 2377; baseline 0.003 -13"><span class='ocrx_word' id='word_1_260' title='bbox 146 2331 200 2365; x_wconf 88' lang='lat' dir='ltr'><strong>ita</strong></span> <span class='ocrx_word' id='word_1_261' title='bbox 232 2343 374 2376; x_wconf 83' lang='lat' dir='ltr'><strong>magna</strong></span> <span class='ocrx_word' id='word_1_262' title='bbox 385 2331 641 2376; x_wconf 74' lang='lat' dir='ltr'><strong>perturbatione</strong></span> <span class='ocrx_word' id='word_1_263' title='bbox 670 2331 812 2377; x_wconf 86' lang='lat' dir='ltr'><strong>implere</strong></span> 
     </span>
     <span class='ocr_line' id='line_1_43' title="bbox 146 2377 812 2422; baseline 0 -10"><span class='ocrx_word' id='word_1_264' title='bbox 146 2377 328 2422; x_wconf 83' lang='lat' dir='ltr'><strong>significat.</strong></span> <span class='ocrx_word' id='word_1_265' title='bbox 374 2377 485 2411; x_wconf 81' lang='lat' dir='ltr'><strong>Aliter</strong></span> <span class='ocrx_word' id='word_1_266' title='bbox 509 2389 565 2411; x_wconf 89' lang='lat' dir='ltr'><strong>res</strong></span> <span class='ocrx_word' id='word_1_267' title='bbox 600 2379 718 2412; x_wconf 87' lang='lat' dir='ltr'><strong>habet.</strong></span> <span class='ocrx_word' id='word_1_268' title='bbox 740 2378 812 2412; x_wconf 82' lang='lat' dir='ltr'><strong>Xe—</strong></span> 
     </span>
     <span class='ocr_line' id='line_1_44' title="bbox 149 2423 812 2477; baseline 0.002 -20"><span class='ocrx_word' id='word_1_269' title='bbox 149 2424 251 2468; x_wconf 90' lang='lat' dir='ltr'><strong>noph.</strong></span> <span class='ocrx_word' id='word_1_270' title='bbox 275 2423 384 2457; x_wconf 75' lang='lat' dir='ltr'><strong>Anab.</strong></span> <span class='ocrx_word' id='word_1_271' title='bbox 412 2423 472 2457; x_wconf 90' lang='lat' dir='ltr'><strong>VI.</strong></span> <span class='ocrx_word' id='word_1_272' title='bbox 495 2425 547 2477; x_wconf 50' lang='grc'>’3,</span> <span class='ocrx_word' id='word_1_273' title='bbox 572 2426 629 2459; x_wconf 77' lang='lat'>22.</span> <span class='ocrx_word' id='word_1_274' title='bbox 647 2436 714 2470; x_wconf 89' lang='lat' dir='ltr'><strong>quo</strong></span> <span class='ocrx_word' id='word_1_275' title='bbox 737 2424 812 2458; x_wconf 90' lang='lat' dir='ltr'><strong>loco</strong></span> 
     </span>
     <span class='ocr_line' id='line_1_45' title="bbox 147 2466 814 2523; baseline 0.001 -20"><span class='ocrx_word' id='word_1_276' title='bbox 147 2466 441 2523; x_wconf 80' lang='grc' dir='ltr'><em>παραγγέλλουσι</em></span> <span class='ocrx_word' id='word_1_277' title='bbox 493 2469 570 2504; x_wconf 77' lang='lat' dir='ltr'><strong>iuie</strong></span> <span class='ocrx_word' id='word_1_278' title='bbox 630 2470 814 2504; x_wconf 84' lang='lat' dir='ltr'><strong>secundum</strong></span> 
     </span>
     <span class='ocr_line' id='line_1_46' title="bbox 148 2513 816 2561; baseline 0.003 -12"><span class='ocrx_word' id='word_1_279' title='bbox 148 2515 295 2561; x_wconf 85' lang='lat' dir='ltr'><strong>optimos</strong></span> <span class='ocrx_word' id='word_1_280' title='bbox 335 2515 440 2550; x_wconf 86' lang='lat' dir='ltr'><strong>libros</strong></span> <span class='ocrx_word' id='word_1_281' title='bbox 472 2515 509 2550; x_wconf 88' lang='lat' dir='ltr'><strong>in</strong></span> <span class='ocrx_word' id='word_1_282' title='bbox 545 2513 816 2561; x_wconf 66' lang='grc' dir='ltr'><em>ἀπαγγέλλουσι</em></span> 
     </span>
     <span class='ocr_line' id='line_1_47' title="bbox 147 2564 397 2596; baseline 0 -1"><span class='ocrx_word' id='word_1_283' title='bbox 147 2565 311 2595; x_wconf 88' lang='lat' dir='ltr'><strong>mutatum</strong></span> <span class='ocrx_word' id='word_1_284' title='bbox 334 2564 397 2596; x_wconf 83' lang='lat' dir='ltr'><strong>est.</strong></span> 
     </span>
     <span class='ocr_line' id='line_1_48' title="bbox 168 2605 813 2652; baseline 0.003 -11"><span class='ocrx_word' id='word_1_285' title='bbox 168 2619 171 2622; x_wconf 92' lang='lat'>·</span> <span class='ocrx_word' id='word_1_286' title='bbox 197 2605 473 2652; x_wconf 80' lang='grc' dir='ltr'><em>αἰσθανομένη]</em></span> <span class='ocrx_word' id='word_1_287' title='bbox 505 2606 713 2652; x_wconf 82' lang='grc' dir='ltr'><em>αἰσθομένη</em></span> <span class='ocrx_word' id='word_1_288' title='bbox 737 2620 813 2643; x_wconf 83' lang='lat' dir='ltr'><strong>omn</strong></span> 
     </span>
     <span class='ocr_line' id='line_1_49' title="bbox 150 2654 811 2699; baseline 0.002 -12"><span class='ocrx_word' id='word_1_289' title='bbox 150 2665 220 2688; x_wconf 90' lang='grc' dir='ltr'><strong>ανο</strong></span> <span class='ocrx_word' id='word_1_290' title='bbox 252 2666 356 2699; x_wconf 88' lang='lat' dir='ltr'><strong>super</strong></span> <span class='ocrx_word' id='word_1_291' title='bbox 391 2665 410 2687; x_wconf 94' lang='grc' dir='ltr'><em>ο</em></span> <span class='ocrx_word' id='word_1_292' title='bbox 454 2654 538 2690; x_wconf 91' lang='lat' dir='ltr'><strong>Ven.</strong></span> <span class='ocrx_word' id='word_1_293' title='bbox 571 2655 612 2688; x_wconf 91' lang='grc' dir='ltr'><strong>Β.</strong></span> <span class='ocrx_word' id='word_1_294' title='bbox 652 2655 811 2699; x_wconf 85' lang='lat' dir='ltr'><strong>Signum</strong></span> 
     </span>
     <span class='ocr_line' id='line_1_50' title="bbox 149 2699 811 2746; baseline 0.002 -13"><span class='ocrx_word' id='word_1_295' title='bbox 149 2699 383 2744; x_wconf 84' lang='lat' dir='ltr'><strong>interrogandi</strong></span> <span class='ocrx_word' id='word_1_296' title='bbox 414 2712 488 2734; x_wconf 90' lang='lat' dir='ltr'><strong>cum</strong></span> <span class='ocrx_word' id='word_1_297' title='bbox 521 2701 614 2734; x_wconf 85' lang='lat' dir='ltr'><strong>Mon.</strong></span> <span class='ocrx_word' id='word_1_298' title='bbox 639 2701 678 2734; x_wconf 90' lang='lat' dir='ltr'><strong>B.</strong></span> <span class='ocrx_word' id='word_1_299' title='bbox 703 2713 811 2746; x_wconf 87' lang='lat' dir='ltr'><strong>appo-</strong></span> 
     </span>
     <span class='ocr_line' id='line_1_51' title="bbox 149 2742 810 2792; baseline 0.002 -12"><span class='ocrx_word' id='word_1_300' title='bbox 149 2746 204 2780; x_wconf 83' lang='lat' dir='ltr'><strong>sui</strong></span> <span class='ocrx_word' id='word_1_301' title='bbox 226 2752 368 2791; x_wconf 87' lang='lat' dir='ltr'><strong>propter</strong></span> <span class='ocrx_word' id='word_1_302' title='bbox 391 2758 537 2791; x_wconf 87' lang='lat' dir='ltr'><strong>sequens</strong></span> <span class='ocrx_word' id='word_1_303' title='bbox 561 2742 694 2789; x_wconf 86' lang='grc' dir='ltr'><em>ου’τως,</em></span> <span class='ocrx_word' id='word_1_304' title='bbox 719 2747 810 2792; x_wconf 91' lang='lat' dir='ltr'><strong>quod</strong></span> 
     </span>
     <span class='ocr_line' id='line_1_52' title="bbox 148 2792 810 2838; baseline 0.002 -12"><span class='ocrx_word' id='word_1_305' title='bbox 148 2792 258 2836; x_wconf 84' lang='lat' dir='ltr'><strong>magis</strong></span> <span class='ocrx_word' id='word_1_306' title='bbox 281 2792 535 2837; x_wconf 85' lang='lat' dir='ltr'><strong>respondentis,</strong></span> <span class='ocrx_word' id='word_1_307' title='bbox 567 2804 668 2838; x_wconf 83' lang='lat' dir='ltr'><strong>quam</strong></span> <span class='ocrx_word' id='word_1_308' title='bbox 691 2804 810 2827; x_wconf 87' lang='lat' dir='ltr'><strong>assen-</strong></span> 
     </span>
     <span class='ocr_line' id='line_1_53' title="bbox 149 2838 808 2875; baseline 0.002 -2"><span class='ocrx_word' id='word_1_309' title='bbox 149 2838 265 2874; x_wconf 83' lang='lat' dir='ltr'><strong>tientis</strong></span> <span class='ocrx_word' id='word_1_310' title='bbox 287 2839 472 2875; x_wconf 76' lang='lat' dir='ltr'><strong>videretur.</strong></span> <span class='ocrx_word' id='word_1_311' title='bbox 518 2839 612 2874; x_wconf 85' lang='lat' dir='ltr'><strong>Idem</strong></span> <span class='ocrx_word' id='word_1_312' title='bbox 633 2839 750 2875; x_wconf 78' lang='lat' dir='ltr'><strong>Astius</strong></span> <span class='ocrx_word' id='word_1_313' title='bbox 771 2839 808 2874; x_wconf 88' lang='lat' dir='ltr'><strong>in</strong></span> 
     </span>
    </p>
   </div>
   <div class='ocr_carea' id='block_1_6' title="bbox 866 943 1537 1590">
    <p class='ocr_par' dir='ltr' id='par_1_6' title="bbox 870 943 1537 1035">
     <span class='ocr_line' id='line_1_54' title="bbox 871 943 1537 980; baseline -0.006 0"><span class='ocrx_word' id='word_1_314' title='bbox 871 949 950 980; x_wconf 73' lang='lat' dir='ltr'><strong>tert.</strong></span> <span class='ocrx_word' id='word_1_315' title='bbox 976 950 1013 980; x_wconf 84' lang='lat' dir='ltr'><strong>et</strong></span> <span class='ocrx_word' id='word_1_316' title='bbox 1032 943 1305 978; x_wconf 82' lang='lat' dir='ltr'><strong>Stallbaumius</strong></span> <span class='ocrx_word' id='word_1_317' title='bbox 1295 956 1330 978; x_wconf 91' lang='grc'><strong>111</strong></span> <span class='ocrx_word' id='word_1_318' title='bbox 1352 955 1421 978; x_wconf 88' lang='lat' dir='ltr'><strong>sec.</strong></span> <span class='ocrx_word' id='word_1_319' title='bbox 1446 943 1537 977; x_wconf 85' lang='lat' dir='ltr'><strong>sece-</strong></span> 
     </span>
     <span class='ocr_line' id='line_1_55' title="bbox 870 989 1537 1035; baseline -0.006 -9"><span class='ocrx_word' id='word_1_320' title='bbox 870 995 960 1028; x_wconf 89' lang='lat' dir='ltr'><strong>runt.</strong></span> <span class='ocrx_word' id='word_1_321' title='bbox 1007 991 1188 1024; x_wconf 82' lang='lat' dir='ltr'><strong>Bekkerus</strong></span> <span class='ocrx_word' id='word_1_322' title='bbox 1221 994 1382 1035; x_wconf 87' lang='lat' dir='ltr'><strong>punctum</strong></span> <span class='ocrx_word' id='word_1_323' title='bbox 1414 989 1537 1025; x_wconf 88' lang='lat' dir='ltr'><strong>tenuit.</strong></span> 
     </span>
    </p>

    <p class='ocr_par' dir='ltr' id='par_1_7' title="bbox 868 1035 1535 1119">
     <span class='ocr_line' id='line_1_56' title="bbox 916 1035 1535 1082; baseline -0.005 -10"><span class='ocrx_word' id='word_1_324' title='bbox 916 1036 979 1082; x_wconf 80' lang='grc' dir='ltr'><em>ἐν]</em></span> <span class='ocrx_word' id='word_1_325' title='bbox 1028 1035 1135 1081; x_wconf 88' lang='grc' dir='ltr'><em>ε’νγε</em></span> <span class='ocrx_word' id='word_1_326' title='bbox 1170 1037 1269 1072; x_wconf 77' lang='lat' dir='ltr'><strong>Vind.</strong></span> <span class='ocrx_word' id='word_1_327' title='bbox 1300 1037 1339 1070; x_wconf 89' lang='lat' dir='ltr'><strong>F.</strong></span> <span class='ocrx_word' id='word_1_328' title='bbox 1380 1039 1470 1080; x_wconf 84' lang='lat' dir='ltr'><strong>Ang.</strong></span> <span class='ocrx_word' id='word_1_329' title='bbox 1493 1036 1535 1069; x_wconf 92' lang='lat' dir='ltr'><strong>B.</strong></span> 
     </span>
     <span class='ocr_line' id='line_1_57' title="bbox 868 1085 1029 1130; baseline 0 -12"><span class='ocrx_word' id='word_1_330' title='bbox 868 1085 966 1130; x_wconf 64' lang='lat' dir='ltr'><strong>Flor²</strong></span> <span class='ocrx_word' id='word_1_331' title='bbox 986 1086 1029 1118; x_wconf 88' lang='lat' dir='ltr'><strong>R.</strong></span> 
     </span>
    </p>

    <p class='ocr_par' dir='ltr' id='par_1_8' title="bbox 866 1125 1537 1590">
     <span class='ocr_line' id='line_1_58' title="bbox 915 1125 1534 1174; baseline -0.007 -9"><span class='ocrx_word' id='word_1_332' title='bbox 915 1130 963 1164; x_wconf 82' lang='grc' dir='ltr'><strong>αὐ</strong></span> <span class='ocrx_word' id='word_1_333' title='bbox 985 1128 1078 1174; x_wconf 88' lang='grc' dir='ltr'><em>τὴν]</em></span> <span class='ocrx_word' id='word_1_334' title='bbox 1099 1125 1221 1172; x_wconf 70' lang='grc' dir='ltr'><em>αὐτὴν</em></span> <span class='ocrx_word' id='word_1_335' title='bbox 1245 1128 1324 1163; x_wconf 86' lang='lat' dir='ltr'><strong>Bas.</strong></span> <span class='ocrx_word' id='word_1_336' title='bbox 1348 1128 1384 1162; x_wconf 86' lang='lat' dir='ltr'><strong>b.</strong></span> <span class='ocrx_word' id='word_1_337' title='bbox 1410 1140 1458 1162; x_wconf 77' lang='lat' dir='ltr'><strong>ccv</strong></span> <span class='ocrx_word' id='word_1_338' title='bbox 1470 1127 1534 1161; x_wconf 86' lang='lat' dir='ltr'><strong>di</strong></span> 
     </span>
     <span class='ocr_line' id='line_1_59' title="bbox 867 1174 1537 1220; baseline -0.004 -9"><span class='ocrx_word' id='word_1_339' title='bbox 867 1187 1002 1211; x_wconf 84' lang='lat' dir='ltr'><strong>versam</strong></span> <span class='ocrx_word' id='word_1_340' title='bbox 1041 1176 1159 1210; x_wconf 79' lang='lat' dir='ltr'><strong>harum</strong></span> <span class='ocrx_word' id='word_1_341' title='bbox 1200 1174 1456 1220; x_wconf 84' lang='lat' dir='ltr'><strong>perceptionum</strong></span> <span class='ocrx_word' id='word_1_342' title='bbox 1492 1175 1537 1208; x_wconf 86' lang='lat' dir='ltr'><strong>ab</strong></span> 
     </span>
     <span class='ocr_line' id='line_1_60' title="bbox 867 1221 1537 1268; baseline -0.003 -12"><span class='ocrx_word' id='word_1_343' title='bbox 867 1223 963 1265; x_wconf 88' lang='grc'>11115,</span> <span class='ocrx_word' id='word_1_344' title='bbox 998 1234 1084 1268; x_wconf 79' lang='lat' dir='ltr'><strong>quae</strong></span> <span class='ocrx_word' id='word_1_345' title='bbox 1119 1221 1263 1256; x_wconf 81' lang='lat' dir='ltr'><strong>animum</strong></span> <span class='ocrx_word' id='word_1_346' title='bbox 1298 1233 1433 1255; x_wconf 83' lang='lat' dir='ltr'><strong>movere</strong></span> <span class='ocrx_word' id='word_1_347' title='bbox 1470 1232 1537 1254; x_wconf 85' lang='grc'>11011</span> 
     </span>
     <span class='ocr_line' id='line_1_61' title="bbox 868 1267 1416 1323; baseline -0.006 -20"><span class='ocrx_word' id='word_1_348' title='bbox 868 1269 1002 1323; x_wconf 85' lang='lat' dir='ltr'><strong>solent,</strong></span> <span class='ocrx_word' id='word_1_349' title='bbox 1027 1268 1170 1301; x_wconf 83' lang='lat' dir='ltr'><strong>indolem</strong></span> <span class='ocrx_word' id='word_1_350' title='bbox 1193 1267 1416 1300; x_wconf 82' lang='lat' dir='ltr'><strong>demonstrat.</strong></span> 
     </span>
     <span class='ocr_line' id='line_1_62' title="bbox 869 1310 1534 1395; baseline -0.006 0"><span class='ocrx_word' id='word_1_351' title='bbox 869 1310 1466 1395; x_wconf 51' lang='grc' dir='ltr'>νιὲἶῖτ1111“’σῗῗέές]ο“ἃνῖῗῖ</span> <span class='ocrx_word' id='word_1_352' title='bbox 1491 1313 1534 1391; x_wconf 63' lang='grc' dir='ltr'>ἓ</span> 
     </span>
     <span class='ocr_line' id='line_1_63' title="bbox 866 1405 1536 1452; baseline -0.004 -11"><span class='ocrx_word' id='word_1_353' title='bbox 866 1409 953 1452; x_wconf 82' lang='lat' dir='ltr'><strong>Ang.</strong></span> <span class='ocrx_word' id='word_1_354' title='bbox 963 1409 1004 1441; x_wconf 89' lang='grc' dir='ltr'><em>Β.</em></span> <span class='ocrx_word' id='word_1_355' title='bbox 1028 1408 1106 1441; x_wconf 80' lang='lat' dir='ltr'><strong>Vat.</strong></span> <span class='ocrx_word' id='word_1_356' title='bbox 1116 1407 1160 1440; x_wconf 88' lang='lat' dir='ltr'>H.</span> <span class='ocrx_word' id='word_1_357' title='bbox 1180 1409 1215 1439; x_wconf 87' lang='lat' dir='ltr'><strong>et</strong></span> <span class='ocrx_word' id='word_1_358' title='bbox 1235 1405 1391 1439; x_wconf 87' lang='lat' dir='ltr'><strong>Ficinus·</strong></span> <span class='ocrx_word' id='word_1_359' title='bbox 1418 1406 1536 1450; x_wconf 79' lang='lat' dir='ltr'><strong>(duri)</strong></span> 
     </span>
     <span class='ocr_line' id='line_1_64' title="bbox 869 1447 1534 1507; baseline -0.005 -20"><span class='ocrx_word' id='word_1_360' title='bbox 869 1455 925 1488; x_wconf 78' lang='lat' dir='ltr'><strong>hic</strong></span> <span class='ocrx_word' id='word_1_361' title='bbox 947 1465 1073 1487; x_wconf 83' lang='lat' dir='ltr'><strong>sensus.</strong></span> <span class='ocrx_word' id='word_1_362' title='bbox 1108 1453 1175 1486; x_wconf 84' lang='lat' dir='ltr'><strong>Pro</strong></span> <span class='ocrx_word' id='word_1_363' title='bbox 1200 1447 1296 1507; x_wconf 71' lang='grc' dir='ltr'><em>αὕτη</em></span> <span class='ocrx_word' id='word_1_364' title='bbox 1320 1452 1356 1486; x_wconf 87' lang='grc'><strong>111</strong></span> <span class='ocrx_word' id='word_1_365' title='bbox 1379 1452 1472 1486; x_wconf 88' lang='grc' dir='ltr'><em>Μοιι.</em></span> <span class='ocrx_word' id='word_1_366' title='bbox 1492 1452 1534 1484; x_wconf 89' lang='grc' dir='ltr'><strong>Β.</strong></span> 
     </span>
     <span class='ocr_line' id='line_1_65' title="bbox 870 1495 1536 1543; baseline -0.005 -10"><span class='ocrx_word' id='word_1_367' title='bbox 870 1500 964 1535; x_wconf 86' lang='lat' dir='ltr'><strong>Flor.</strong></span> <span class='ocrx_word' id='word_1_368' title='bbox 988 1499 1128 1533; x_wconf 77' lang='lat' dir='ltr'>ACUV.</span> <span class='ocrx_word' id='word_1_369' title='bbox 1159 1495 1284 1542; x_wconf 75' lang='grc' dir='ltr'><em>αὕτη,</em></span> <span class='ocrx_word' id='word_1_370' title='bbox 1325 1498 1359 1531; x_wconf 87' lang='grc'><strong>111</strong></span> <span class='ocrx_word' id='word_1_371' title='bbox 1395 1497 1536 1543; x_wconf 83' lang='lat' dir='ltr'><strong>reliquis</strong></span> 
     </span>
     <span class='ocr_line' id='line_1_66' title="bbox 870 1523 1536 1590; baseline -0.005 -10"><span class='ocrx_word' id='word_1_372' title='bbox 870 1552 920 1580; x_wconf 87' lang='lat' dir='ltr'><strong>et</strong></span> <span class='ocrx_word' id='word_1_373' title='bbox 927 1545 1030 1590; x_wconf 80' lang='lat' dir='ltr'><strong>vulgo</strong></span> <span class='ocrx_word' id='word_1_374' title='bbox 1055 1541 1152 1590; x_wconf 77' lang='grc' dir='ltr'><em>αὐτῇ</em></span> <span class='ocrx_word' id='word_1_375' title='bbox 1177 1523 1323 1589; x_wconf 46' lang='lat' dir='ltr'><strong>legion,</strong></span> <span class='ocrx_word' id='word_1_376' title='bbox 1356 1544 1446 1589; x_wconf 85' lang='lat' dir='ltr'><strong>quod</strong></span> <span class='ocrx_word' id='word_1_377' title='bbox 1481 1544 1536 1577; x_wconf 89' lang='lat' dir='ltr'><strong>fa-</strong></span> 
     </span>
    </p>
   </div>
   <div class='ocr_carea' id='block_1_7' title="bbox 855 1570 1534 1645">
    <p class='ocr_par' dir='ltr' id='par_1_9' title="bbox 855 1570 1534 1645">
     <span class='ocr_line' id='line_1_67' title="bbox 855 1570 1534 1645; baseline -0.004 -19"><span class='ocrx_word' id='word_1_378' title='bbox 855 1592 985 1633; x_wconf 82' lang='lat' dir='ltr'><strong>cilius,</strong></span> <span class='ocrx_word' id='word_1_379' title='bbox 1021 1591 1050 1624; x_wconf 84' lang='grc'><strong>51</strong></span> <span class='ocrx_word' id='word_1_380' title='bbox 1073 1602 1158 1635; x_wconf 77' lang='lat' dir='ltr'><strong>opus</strong></span> <span class='ocrx_word' id='word_1_381' title='bbox 1181 1591 1248 1632; x_wconf 85' lang='lat' dir='ltr'><strong>sit,</strong></span> <span class='ocrx_word' id='word_1_382' title='bbox 1285 1570 1327 1624; x_wconf 81' lang='lat' dir='ltr'><strong>ad</strong></span> <span class='ocrx_word' id='word_1_383' title='bbox 1353 1590 1534 1645; x_wconf 75' lang='grc' dir='ltr'><strong>σημαίνειἓ</strong></span> 
     </span>
    </p>
   </div>
   <div class='ocr_carea' id='block_1_8' title="bbox 865 1633 1537 2884">
    <p class='ocr_par' dir='ltr' id='par_1_10' title="bbox 866 1633 1537 2053">
     <span class='ocr_line' id='line_1_68' title="bbox 868 1633 1532 1683; baseline -0.005 -11"><span class='ocrx_word' id='word_1_384' title='bbox 868 1650 969 1683; x_wconf 86' lang='lat' dir='ltr'><strong>quam</strong></span> <span class='ocrx_word' id='word_1_385' title='bbox 995 1633 1090 1681; x_wconf 71' lang='grc' dir='ltr'><em>αὕτη</em></span> <span class='ocrx_word' id='word_1_386' title='bbox 1105 1662 1115 1680; x_wconf 87' lang='grc'>,</span> <span class='ocrx_word' id='word_1_387' title='bbox 1140 1648 1208 1681; x_wconf 92' lang='lat' dir='ltr'><strong>quo</strong></span> <span class='ocrx_word' id='word_1_388' title='bbox 1232 1648 1317 1681; x_wconf 86' lang='lat' dir='ltr'><strong>opus</strong></span> <span class='ocrx_word' id='word_1_389' title='bbox 1341 1642 1417 1679; x_wconf 84' lang='lat' dir='ltr'><strong>est,</strong></span> <span class='ocrx_word' id='word_1_390' title='bbox 1441 1636 1484 1670; x_wconf 87' lang='lat' dir='ltr'><strong>ad</strong></span> <span class='ocrx_word' id='word_1_391' title='bbox 1508 1648 1532 1680; x_wconf 89' lang='grc' dir='ltr'><em>η</em></span> 
     </span>
     <span class='ocr_line' id='line_1_69' title="bbox 868 1683 1536 1728; baseline -0.004 -10"><span class='ocrx_word' id='word_1_392' title='bbox 868 1684 1044 1728; x_wconf 82' lang='grc' dir='ltr'><em>αἴσθησις</em></span> <span class='ocrx_word' id='word_1_393' title='bbox 1077 1683 1258 1727; x_wconf 84' lang='lat' dir='ltr'><strong>cogitando</strong></span> <span class='ocrx_word' id='word_1_394' title='bbox 1290 1683 1409 1717; x_wconf 87' lang='lat' dir='ltr'><strong>addas.</strong></span> <span class='ocrx_word' id='word_1_395' title='bbox 1455 1683 1536 1716; x_wconf 87' lang='lat' dir='ltr'><strong>Non</strong></span> 
     </span>
     <span class='ocr_line' id='line_1_70' title="bbox 869 1728 1534 1765; baseline -0.005 -1"><span class='ocrx_word' id='word_1_396' title='bbox 869 1731 955 1765; x_wconf 89' lang='lat' dir='ltr'><strong>enim</strong></span> <span class='ocrx_word' id='word_1_397' title='bbox 978 1730 1177 1764; x_wconf 80' lang='lat' dir='ltr'><strong>facultatem</strong></span> <span class='ocrx_word' id='word_1_398' title='bbox 1196 1732 1255 1762; x_wconf 85' lang='lat' dir='ltr'><strong>aut</strong></span> <span class='ocrx_word' id='word_1_399' title='bbox 1275 1728 1534 1763; x_wconf 85' lang='lat' dir='ltr'><strong>instrumentum</strong></span> 
     </span>
     <span class='ocr_line' id='line_1_71' title="bbox 866 1775 1537 1823; baseline -0.003 -13"><span class='ocrx_word' id='word_1_400' title='bbox 866 1776 1096 1823; x_wconf 84' lang='lat' dir='ltr'><strong>percipiendi,</strong></span> <span class='ocrx_word' id='word_1_401' title='bbox 1128 1775 1218 1809; x_wconf 91' lang='lat' dir='ltr'><strong>sed</strong></span> <span class='ocrx_word' id='word_1_402' title='bbox 1208 1786 1317 1819; x_wconf 77' lang='lat' dir='ltr'><strong>lpsam</strong></span> <span class='ocrx_word' id='word_1_403' title='bbox 1342 1775 1537 1820; x_wconf 86' lang='lat' dir='ltr'><strong>perceptio—</strong></span> 
     </span>
     <span class='ocr_line' id='line_1_72' title="bbox 867 1821 1537 1875; baseline -0.003 -19"><span class='ocrx_word' id='word_1_404' title='bbox 867 1834 943 1856; x_wconf 88' lang='lat' dir='ltr'><strong>nem</strong></span> <span class='ocrx_word' id='word_1_405' title='bbox 966 1823 1000 1857; x_wconf 90' lang='lat' dir='ltr'><strong>h.</strong></span> <span class='ocrx_word' id='word_1_406' title='bbox 1033 1822 1056 1856; x_wconf 95' lang='lat' dir='ltr'>l.</span> <span class='ocrx_word' id='word_1_407' title='bbox 1088 1821 1341 1875; x_wconf 86' lang='lat' dir='ltr'><strong>intelligendam</strong></span> <span class='ocrx_word' id='word_1_408' title='bbox 1374 1833 1449 1855; x_wconf 84' lang='lat' dir='ltr'><strong>esse</strong></span> <span class='ocrx_word' id='word_1_409' title='bbox 1481 1833 1537 1854; x_wconf 89' lang='lat' dir='ltr'><strong>se-</strong></span> 
     </span>
     <span class='ocr_line' id='line_1_73' title="bbox 866 1864 1534 1923; baseline -0.003 -21"><span class='ocrx_word' id='word_1_410' title='bbox 866 1869 1005 1923; x_wconf 86' lang='lat' dir='ltr'><strong>quentia</strong></span> <span class='ocrx_word' id='word_1_411' title='bbox 1026 1865 1050 1913; x_wconf 86' lang='grc' dir='ltr'><em>ἡ</em></span> <span class='ocrx_word' id='word_1_412' title='bbox 1073 1868 1142 1902; x_wconf 89' lang='grc' dir='ltr'><em>τοῦ</em></span> <span class='ocrx_word' id='word_1_413' title='bbox 1161 1865 1310 1911; x_wconf 80' lang='grc' dir='ltr'><em>κούφου</em></span> <span class='ocrx_word' id='word_1_414' title='bbox 1330 1867 1394 1901; x_wconf 85' lang='grc' dir='ltr'><strong>καὶ</strong></span> <span class='ocrx_word' id='word_1_415' title='bbox 1412 1864 1442 1922; x_wconf 72' lang='grc' dir='ltr'><em>ᾖ</em></span> <span class='ocrx_word' id='word_1_416' title='bbox 1464 1879 1534 1901; x_wconf 86' lang='grc' dir='ltr'><em>του</em></span> 
     </span>
     <span class='ocr_line' id='line_1_74' title="bbox 867 1910 1534 2004; baseline -0.003 -9"><span class='ocrx_word' id='word_1_417' title='bbox 867 1912 1160 2004; x_wconf 55' lang='grc' dir='ltr'><em>εἵέἑὲῗῖιςάοεξὲἒ</em></span> <span class='ocrx_word' id='word_1_418' title='bbox 1177 1910 1534 2004; x_wconf 48' lang='grc' dir='ltr'><em>ἒεὲυῆἒιῗτοῖύέζιιληή</em></span> 
     </span>
     <span class='ocr_line' id='line_1_75' title="bbox 866 1984 1534 2062; baseline -0.005 -20"><span class='ocrx_word' id='word_1_419' title='bbox 866 2008 938 2053; x_wconf 81' lang='grc' dir='ltr'><em>ροῦ</em></span> <span class='ocrx_word' id='word_1_420' title='bbox 967 1984 1161 2062; x_wconf 59' lang='grc' dir='ltr'><em>αἴσθησις,</em></span> <span class='ocrx_word' id='word_1_421' title='bbox 1187 2007 1314 2061; x_wconf 87' lang='lat' dir='ltr'><strong>optime</strong></span> <span class='ocrx_word' id='word_1_422' title='bbox 1337 2006 1534 2051; x_wconf 88' lang='lat' dir='ltr'><strong>respondet.</strong></span> 
     </span>
    </p>

    <p class='ocr_par' dir='ltr' id='par_1_11' title="bbox 865 2049 1535 2227">
     <span class='ocr_line' id='line_1_76' title="bbox 913 2049 1534 2098; baseline -0.002 -11"><span class='ocrx_word' id='word_1_423' title='bbox 913 2050 1084 2098; x_wconf 77' lang='grc' dir='ltr'><em>σκληρὸν]</em></span> <span class='ocrx_word' id='word_1_424' title='bbox 1110 2049 1272 2096; x_wconf 71' lang='grc' dir='ltr'><em>σκληραν</em></span> <span class='ocrx_word' id='word_1_425' title='bbox 1294 2053 1378 2086; x_wconf 85' lang='lat' dir='ltr'><strong>Bas.</strong></span> <span class='ocrx_word' id='word_1_426' title='bbox 1402 2065 1433 2086; x_wconf 88' lang='lat' dir='ltr'><strong>a.</strong></span> <span class='ocrx_word' id='word_1_427' title='bbox 1460 2053 1534 2086; x_wconf 87' lang='lat' dir='ltr'><strong>Ge-</strong></span> 
     </span>
     <span class='ocr_line' id='line_1_77' title="bbox 866 2098 1533 2153; baseline -0.003 -20"><span class='ocrx_word' id='word_1_428' title='bbox 866 2099 1031 2141; x_wconf 74' lang='grc' dir='ltr'>111ῐί111111,</span> <span class='ocrx_word' id='word_1_429' title='bbox 1056 2111 1167 2153; x_wconf 91' lang='lat' dir='ltr'><strong>quem</strong></span> <span class='ocrx_word' id='word_1_430' title='bbox 1178 2098 1297 2132; x_wconf 87' lang='lat' dir='ltr'><strong>Astius</strong></span> <span class='ocrx_word' id='word_1_431' title='bbox 1321 2099 1355 2132; x_wconf 91' lang='lat' dir='ltr'><strong>in</strong></span> <span class='ocrx_word' id='word_1_432' title='bbox 1379 2102 1459 2132; x_wconf 84' lang='lat' dir='ltr'><strong>tert.</strong></span> <span class='ocrx_word' id='word_1_433' title='bbox 1476 2110 1533 2132; x_wconf 83' lang='lat' dir='ltr'><strong>re-</strong></span> 
     </span>
     <span class='ocr_line' id='line_1_78' title="bbox 867 2141 1535 2199; baseline -0.003 -19"><span class='ocrx_word' id='word_1_434' title='bbox 867 2147 985 2199; x_wconf 87' lang='lat' dir='ltr'><strong>quirit,</strong></span> <span class='ocrx_word' id='word_1_435' title='bbox 1009 2149 1090 2191; x_wconf 87' lang='lat' dir='ltr'><strong>post</strong></span> <span class='ocrx_word' id='word_1_436' title='bbox 1113 2141 1211 2189; x_wconf 77' lang='grc' dir='ltr'><em>αὕτη</em></span> <span class='ocrx_word' id='word_1_437' title='bbox 1237 2156 1334 2179; x_wconf 86' lang='lat' dir='ltr'><strong>nemo</strong></span> <span class='ocrx_word' id='word_1_438' title='bbox 1359 2145 1535 2179; x_wconf 81' lang='lat' dir='ltr'><strong>desidera-</strong></span> 
     </span>
     <span class='ocr_line' id='line_1_79' title="bbox 865 2192 966 2227; baseline -0.022 0"><span class='ocrx_word' id='word_1_439' title='bbox 865 2192 966 2227; x_wconf 84' lang='lat' dir='ltr'><strong>verit.</strong></span> 
     </span>
    </p>

    <p class='ocr_par' dir='ltr' id='par_1_12' title="bbox 911 2237 1263 2282">
     <span class='ocr_line' id='line_1_80' title="bbox 911 2237 1263 2282; baseline 0.003 -10"><span class='ocrx_word' id='word_1_440' title='bbox 911 2237 997 2282; x_wconf 79' lang='grc' dir='ltr'><em>καὶ]</em></span> <span class='ocrx_word' id='word_1_441' title='bbox 1023 2251 1088 2273; x_wconf 81' lang='grc' dir='ltr'><em>σπι.</em></span> <span class='ocrx_word' id='word_1_442' title='bbox 1112 2239 1193 2273; x_wconf 82' lang='lat' dir='ltr'><strong>Vat.</strong></span> <span class='ocrx_word' id='word_1_443' title='bbox 1218 2238 1263 2273; x_wconf 89' lang='lat' dir='ltr'>H.</span> 
     </span>
    </p>

    <p class='ocr_par' dir='ltr' id='par_1_13' title="bbox 867 2282 1533 2422">
     <span class='ocr_line' id='line_1_81' title="bbox 913 2282 1533 2329; baseline -0.003 -11"><span class='ocrx_word' id='word_1_444' title='bbox 913 2282 1028 2329; x_wconf 85' lang='grc' dir='ltr'><em>λέγει]</em></span> <span class='ocrx_word' id='word_1_445' title='bbox 1065 2282 1125 2329; x_wconf 86' lang='grc' dir='ltr'><strong>λὲγ</strong></span> <span class='ocrx_word' id='word_1_446' title='bbox 1128 2297 1166 2319; x_wconf 90' lang='grc' dir='ltr'><strong>οι</strong></span> <span class='ocrx_word' id='word_1_447' title='bbox 1188 2284 1288 2320; x_wconf 85' lang='lat' dir='ltr'><strong>Vind.</strong></span> <span class='ocrx_word' id='word_1_448' title='bbox 1311 2284 1355 2318; x_wconf 82' lang='lat' dir='ltr'><strong>E.</strong></span> <span class='ocrx_word' id='word_1_449' title='bbox 1381 2283 1466 2317; x_wconf 88' lang='lat' dir='ltr'><strong>Ven.</strong></span> <span class='ocrx_word' id='word_1_450' title='bbox 1490 2283 1533 2318; x_wconf 89' lang='lat' dir='ltr'><strong>B.</strong></span> 
     </span>
     <span class='ocr_line' id='line_1_82' title="bbox 867 2330 1532 2367; baseline -0.002 -3"><span class='ocrx_word' id='word_1_451' title='bbox 867 2331 948 2364; x_wconf 82' lang='lat' dir='ltr'><strong>Vat.</strong></span> <span class='ocrx_word' id='word_1_452' title='bbox 972 2332 1016 2366; x_wconf 93' lang='lat' dir='ltr'>H.</span> <span class='ocrx_word' id='word_1_453' title='bbox 1050 2332 1146 2367; x_wconf 89' lang='lat' dir='ltr'><strong>Flor.</strong></span> <span class='ocrx_word' id='word_1_454' title='bbox 1170 2332 1243 2365; x_wconf 85' lang='lat' dir='ltr'><strong>Ac.</strong></span> <span class='ocrx_word' id='word_1_455' title='bbox 1291 2331 1331 2363; x_wconf 93' lang='lat' dir='ltr'><strong>In</strong></span> <span class='ocrx_word' id='word_1_456' title='bbox 1364 2330 1443 2363; x_wconf 82' lang='lat' dir='ltr'><strong>Bas.</strong></span> <span class='ocrx_word' id='word_1_457' title='bbox 1477 2330 1532 2364; x_wconf 86' lang='lat' dir='ltr'><strong>ab.</strong></span> 
     </span>
     <span class='ocr_line' id='line_1_83' title="bbox 867 2376 1458 2432; baseline -0.005 -21"><span class='ocrx_word' id='word_1_458' title='bbox 867 2377 1000 2432; x_wconf 81' lang='lat' dir='ltr'><strong>signum</strong></span> <span class='ocrx_word' id='word_1_459' title='bbox 1025 2377 1259 2420; x_wconf 78' lang='lat' dir='ltr'><strong>interrogandi</strong></span> <span class='ocrx_word' id='word_1_460' title='bbox 1276 2376 1458 2411; x_wconf 81' lang='lat' dir='ltr'><strong>adiectum.</strong></span> 
     </span>
    </p>

    <p class='ocr_par' dir='ltr' id='par_1_14' title="bbox 868 2419 1534 2562">
     <span class='ocr_line' id='line_1_84' title="bbox 914 2419 1534 2479; baseline -0.003 -22"><span class='ocrx_word' id='word_1_461' title='bbox 914 2435 937 2467; x_wconf 93' lang='grc' dir='ltr'><em>η</em></span> <span class='ocrx_word' id='word_1_462' title='bbox 972 2424 1040 2457; x_wconf 82' lang='grc' dir='ltr'><em>τοῦ</em></span> <span class='ocrx_word' id='word_1_463' title='bbox 1074 2422 1237 2479; x_wconf 85' lang='grc' dir='ltr'><em>βαρέος]</em></span> <span class='ocrx_word' id='word_1_464' title='bbox 1288 2419 1424 2468; x_wconf 80' lang='grc' dir='ltr'><em>βαρέος</em></span> <span class='ocrx_word' id='word_1_465' title='bbox 1445 2422 1534 2457; x_wconf 89' lang='lat' dir='ltr'><strong>Lob.</strong></span> 
     </span>
     <span class='ocr_line' id='line_1_85' title="bbox 869 2467 1534 2525; baseline -0.002 -21"><span class='ocrx_word' id='word_1_466' title='bbox 869 2470 948 2505; x_wconf 79' lang='lat' dir='ltr'><strong>vat.</strong></span> <span class='ocrx_word' id='word_1_467' title='bbox 974 2470 1022 2504; x_wconf 91' lang='lat' dir='ltr'><strong>M.</strong></span> <span class='ocrx_word' id='word_1_468' title='bbox 1046 2470 1114 2504; x_wconf 87' lang='grc' dir='ltr'><em>τοῦ</em></span> <span class='ocrx_word' id='word_1_469' title='bbox 1135 2467 1272 2525; x_wconf 80' lang='grc' dir='ltr'><em>βαρέος</em></span> <span class='ocrx_word' id='word_1_470' title='bbox 1296 2469 1376 2503; x_wconf 86' lang='lat' dir='ltr'><strong>Vat.</strong></span> <span class='ocrx_word' id='word_1_471' title='bbox 1398 2468 1437 2502; x_wconf 90' lang='lat' dir='ltr'><strong>B.</strong></span> <span class='ocrx_word' id='word_1_472' title='bbox 1463 2468 1534 2503; x_wconf 80' lang='lat' dir='ltr'><strong>Ast.</strong></span> 
     </span>
     <span class='ocr_line' id='line_1_86' title="bbox 868 2512 1512 2572; baseline -0.003 -22"><span class='ocrx_word' id='word_1_473' title='bbox 868 2527 922 2562; x_wconf 89' lang='lat' dir='ltr'><strong>pr.</strong></span> <span class='ocrx_word' id='word_1_474' title='bbox 945 2527 1014 2551; x_wconf 88' lang='lat' dir='ltr'><strong>sec.</strong></span> <span class='ocrx_word' id='word_1_475' title='bbox 1037 2512 1061 2561; x_wconf 83' lang='grc' dir='ltr'><em>ἡ</em></span> <span class='ocrx_word' id='word_1_476' title='bbox 1082 2515 1152 2550; x_wconf 77' lang='grc' dir='ltr'><em>τοῦ</em></span> <span class='ocrx_word' id='word_1_477' title='bbox 1174 2513 1319 2572; x_wconf 82' lang='grc' dir='ltr'><em>βαρέως</em></span> <span class='ocrx_word' id='word_1_478' title='bbox 1341 2514 1442 2549; x_wconf 87' lang='lat' dir='ltr'><strong>Vind.</strong></span> <span class='ocrx_word' id='word_1_479' title='bbox 1465 2515 1512 2549; x_wconf 89' lang='lat' dir='ltr'>F.</span> 
     </span>
    </p>

    <p class='ocr_par' dir='ltr' id='par_1_15' title="bbox 865 2558 1534 2838">
     <span class='ocr_line' id='line_1_87' title="bbox 915 2558 1534 2615; baseline -0.002 -19"><span class='ocrx_word' id='word_1_480' title='bbox 915 2559 961 2596; x_wconf 90' lang='grc' dir='ltr'><em>τό</em></span> <span class='ocrx_word' id='word_1_481' title='bbox 984 2564 1044 2606; x_wconf 84' lang='grc' dir='ltr'><strong>τε]</strong></span> <span class='ocrx_word' id='word_1_482' title='bbox 1085 2573 1125 2596; x_wconf 90' lang='grc' dir='ltr'><strong>τε</strong></span> <span class='ocrx_word' id='word_1_483' title='bbox 1150 2560 1194 2596; x_wconf 86' lang='grc' dir='ltr'><em>τὸ</em></span> <span class='ocrx_word' id='word_1_484' title='bbox 1229 2561 1330 2598; x_wconf 88' lang='lat' dir='ltr'><strong>Vind.</strong></span> <span class='ocrx_word' id='word_1_485' title='bbox 1362 2561 1407 2615; x_wconf 90' lang='lat' dir='ltr'><strong>F.</strong></span> <span class='ocrx_word' id='word_1_486' title='bbox 1446 2558 1534 2595; x_wconf 83' lang='grc' dir='ltr'><em>τότε</em></span> 
     </span>
     <span class='ocr_line' id='line_1_88' title="bbox 867 2603 1532 2651; baseline -0.003 -9"><span class='ocrx_word' id='word_1_487' title='bbox 867 2608 943 2642; x_wconf 91' lang='lat' dir='ltr'><strong>Ald.</strong></span> <span class='ocrx_word' id='word_1_488' title='bbox 968 2609 1049 2642; x_wconf 89' lang='lat' dir='ltr'><strong>Bas.</strong></span> <span class='ocrx_word' id='word_1_489' title='bbox 1074 2609 1130 2643; x_wconf 90' lang='lat' dir='ltr'><strong>ab.</strong></span> <span class='ocrx_word' id='word_1_490' title='bbox 1169 2619 1230 2651; x_wconf 85' lang='grc' dir='ltr'><strong>,τε</strong></span> <span class='ocrx_word' id='word_1_491' title='bbox 1249 2604 1309 2651; x_wconf 80' lang='grc' dir='ltr'><em>τό]</em></span> <span class='ocrx_word' id='word_1_492' title='bbox 1336 2603 1422 2641; x_wconf 86' lang='grc' dir='ltr'><em>τότε</em></span> <span class='ocrx_word' id='word_1_493' title='bbox 1444 2608 1532 2651; x_wconf 86' lang='lat' dir='ltr'><strong>Ang.</strong></span> 
     </span>
     <span class='ocr_line' id='line_1_89' title="bbox 867 2653 1531 2688; baseline -0.003 0"><span class='ocrx_word' id='word_1_494' title='bbox 867 2654 935 2688; x_wconf 88' lang='lat' dir='ltr'>B.“</span> <span class='ocrx_word' id='word_1_495' title='bbox 965 2655 1144 2688; x_wconf 88' lang='lat' dir='ltr'><strong>Bekkerus</strong></span> <span class='ocrx_word' id='word_1_496' title='bbox 1177 2654 1221 2688; x_wconf 87' lang='lat' dir='ltr'><strong>ad</strong></span> <span class='ocrx_word' id='word_1_497' title='bbox 1256 2654 1290 2686; x_wconf 88' lang='lat' dir='ltr'><strong>h.</strong></span> <span class='ocrx_word' id='word_1_498' title='bbox 1314 2653 1337 2688; x_wconf 93' lang='grc'><strong>1.</strong></span> <span class='ocrx_word' id='word_1_499' title='bbox 1367 2653 1531 2687; x_wconf 87' lang='lat' dir='ltr'><strong>adnotans</strong></span> 
     </span>
     <span class='ocr_line' id='line_1_90' title="bbox 867 2699 1530 2744; baseline -0.003 -9"><span class='ocrx_word' id='word_1_500' title='bbox 867 2711 946 2741; x_wconf 78' lang='lat' dir='ltr'><strong>cum</strong></span> <span class='ocrx_word' id='word_1_501' title='bbox 966 2701 1066 2735; x_wconf 77' lang='lat' dir='ltr'><strong>vind.</strong></span> <span class='ocrx_word' id='word_1_502' title='bbox 1089 2701 1132 2735; x_wconf 90' lang='lat' dir='ltr'><strong>F.</strong></span> <span class='ocrx_word' id='word_1_503' title='bbox 1161 2699 1301 2744; x_wconf 86' lang='lat' dir='ltr'><strong>potius,</strong></span> <span class='ocrx_word' id='word_1_504' title='bbox 1331 2710 1433 2744; x_wconf 87' lang='lat' dir='ltr'><strong>quam</strong></span> <span class='ocrx_word' id='word_1_505' title='bbox 1457 2711 1530 2733; x_wconf 90' lang='lat' dir='ltr'><strong>cum</strong></span> 
     </span>
     <span class='ocr_line' id='line_1_91' title="bbox 865 2745 1528 2789; baseline -0.003 -9"><span class='ocrx_word' id='word_1_506' title='bbox 865 2747 942 2781; x_wconf 90' lang='lat' dir='ltr'><strong>Ald.</strong></span> <span class='ocrx_word' id='word_1_507' title='bbox 967 2746 1233 2780; x_wconf 81' lang='lat' dir='ltr'><strong>consentientem</strong></span> <span class='ocrx_word' id='word_1_508' title='bbox 1254 2745 1449 2789; x_wconf 80' lang='lat' dir='ltr'><strong>significaie</strong></span> <span class='ocrx_word' id='word_1_509' title='bbox 1472 2757 1528 2778; x_wconf 89' lang='lat' dir='ltr'><strong>co·</strong></span> 
     </span>
     <span class='ocr_line' id='line_1_92' title="bbox 866 2791 1528 2838; baseline -0.006 -11"><span class='ocrx_word' id='word_1_510' title='bbox 866 2793 974 2827; x_wconf 85' lang='lat' dir='ltr'><strong>dicem</strong></span> <span class='ocrx_word' id='word_1_511' title='bbox 990 2792 1187 2838; x_wconf 84' lang='lat' dir='ltr'><strong>Angelicum</strong></span> <span class='ocrx_word' id='word_1_512' title='bbox 1212 2791 1364 2825; x_wconf 85' lang='lat' dir='ltr'><strong>voluisse</strong></span> <span class='ocrx_word' id='word_1_513' title='bbox 1383 2791 1528 2825; x_wconf 78' lang='lat' dir='ltr'><strong>videtur.</strong></span> 
     </span>
    </p>

    <p class='ocr_par' dir='ltr' id='par_1_16' title="bbox 911 2837 1528 2884">
     <span class='ocr_line' id='line_1_93' title="bbox 911 2837 1528 2884; baseline -0.007 -9"><span class='ocrx_word' id='word_1_514' title='bbox 911 2839 1114 2884; x_wconf 67' lang='grc' dir='ltr'><em>σημαίνεις]</em></span> <span class='ocrx_word' id='word_1_515' title='bbox 1129 2837 1308 2884; x_wconf 87' lang='grc' dir='ltr'><em>σημαίνει.</em></span> <span class='ocrx_word' id='word_1_516' title='bbox 1315 2837 1393 2873; x_wconf 83' lang='grc' dir='ltr'>Α111.</span> <span class='ocrx_word' id='word_1_517' title='bbox 1404 2837 1528 2884; x_wconf 85' lang='lat' dir='ltr'><strong>Steph.</strong></span> 
     </span>
    </p>
   </div>
  </div>
 </body>
</html>
