1807 3219
244 94 327 134 344

705 93 1181 138 PLATONIS

176 209 215 251 D
245 202 342 257 γάρ.
405 199 585 245 Οὐκοῦν
622 203 694 246 καὶ
733 203 843 248 ἄλλα
881 205 1059 250 ἐναντία
1093 205 1265 250 τούτων
1308 206 1624 263 ἐπιτηδεύματα

243 269 409 326 ἡδονὰς
439 270 591 326 ἔχοντα
611 305 622 323 ,
672 271 700 315 ἃ
729 274 959 318 κολακεύει
988 275 1068 330 μὲν
1106 272 1233 331 ἡμῶν
1271 274 1350 331 τήν
1376 275 1522 332 ψυχήν
1551 278 1625 321 καὶ

244 338 359 382 ἕλκει
388 335 454 395 ἐφ’
487 338 625 392 αὐτοὶ,
655 342 798 386 πείθει
816 339 862 385 δ’
885 341 941 386 οὕ
960 342 1064 395 τοὺς
1093 346 1166 387 καὶ
1197 341 1370 400 όπηοῦν
1399 346 1624 399 μετρίους·

243 406 342 452 ἀλλ’
375 409 518 452 ἐκεῖνα
555 412 712 463 τιμῶσι
753 408 805 452 τά
839 410 1001 466 πάτρια
1039 411 1112 455 καὶ
1152 411 1334 463 ἐκείνοις
1362 417 1630 468 πειθαρχοῦ-

183 912 222 954 D

246 487 329 520 σιν.
375 476 496 520 ’Ἐστι
526 480 674 520 ταῦτα.

729 480 781 521 Τί
812 473 918 529 miv,-
949 474 1006 536 ἦν
1037 478 1077 524 δ’
1109 478 1215 536 ἐγώ·
1246 478 1352 523 ὅταν
1381 479 1460 523 τὸν
1491 480 1632 532 οὕτως

245 545 400 601 ἔχοντα
430 543 563 589 ἐλθόν
596 544 796 602 ἐρώτημα
842 546 1011 603 ἔρηται.
1055 549 1097 591 τί
1128 549 1216 592 ἐστι
1255 547 1306 593 vo*
1348 547 1513 600 καλὸν,
1556 550 1632 592 καὶ

245 612 602 669 ἀποκριναμένου
644 612 670 656 ὃ
707 617 788 657 τοῦ
827 615 1077 672 νομοθέτου
1117 614 1281 672 ἤκουεν
1304 652 1314 668 ,
1375 617 1564 675 ἐξελέγχῃ
1604 634 1629 661 o

1616 615 1629 631 Ρ

245 681 375 738 λόγος
405 683 479 726 καὶ
507 681 718 732 πολλάκις
754 684 828 726 καὶ
867 688 1060 741 πολλαχῆ
1090 684 1274 740 ἐλέγχων
1304 686 1363 736 εἷς
1393 684 1526 737 δόξαν
1553 701 1631 729 κοι-

186 752 221 793 Ε
244 750 436 808 ταβαλη,
469 750 527 802 ὠς
556 767 688 794 τουτο
721 753 852 796 οὐδὲν
885 757 1052 808 μᾶλλον
1081 751 1242 806 καλὸν,
1273 751 1302 808 ἦ
1333 753 1525 808 αἰσχρὸν,
1556 753 1631 797 καὶ

246 819 346 873 πεοὶ
381 821 557 863 δικαίου
588 818 799 872 ωσαύτως
837 821 909 865 καὶ
944 821 1119 878 ἀγαθοῦ
1149 821 1224 864 καὶ
1255 819 1282 864 ἃ
1312 820 1498 877 μάλιστα
1527 816 1631 878 ἦγεν

291 918 407 979 ἄλλοι]
435 919 553 963 ἄλλως
577 924 657 959 vat.
684 925 723 957 B.

292 966 462 1025 ἐναντία]
491 967 645 1003 ἐναντίω
670 970 770 1004 vind.
796 970 840 1004 Ε.

290 1012 435 1059 ἡδονὰς
454 1013 612 1060 ἔχοντα]
649 1013 698 1060 ἕχ.
718 1014 802 1061 ήδη

245 1061 269 1106 β
295 1062 515 1103 α,Μι)11.(3

290 1106 495 1153 κολακεύει]
522 1105 738 1142 κολακεύειν
759 1109 789 1145 i
792 1109 859 1144 ind.
869 1109 910 1145 F.

278 1160 325 1189 at.
349 1155 395 1189 H.

246 1155 277 1226 Y
275 1197 421 1245 ἡμῶν]
456 1197 547 1244 ἡμῖν
568 1199 666 1234 Vind.
691 1200 731 1235 F.
755 1202 842 1246 Ang.
867 1202 910 1236 Β.

302 1247 427 1281 ..Mon
454 1247 494 1280 (3.
520 1243 648 1280 αὐτῶν
672 1248 752 1280 Bas.
777 1249 811 1282 b.
855 1248 910 1283 Cf.

246 1293 290 1327 ad
313 1305 347 1337 p.
373 1294 451 1327 518.
489 1293 528 1326 C.
560 1293 753 1337 adscripta,
787 1294 912 1338 quibus

245 1339 332 1373 addo
356 1339 397 1373 L.
415 1338 480 1372 III.
507 1351 540 1384 p.
563 1339 643 1374 411.
662 1339 716 1372 D:
744 1339 781 1373 δι’
794 1352 828 1373 τι
847 1339 911 1375 καὶ

246 1383 333 1429 ἐνῆν
352 1382 474 1419 αὐτοῦ
498 1382 706 1429 φιλομαθὲς
727 1382 765 1420 ἐν
779 1386 824 1432 τῇ
837 1393 909 1431 ψυ-

245 1432 350 1520 χῇέφ’
372 1473 494 1520 αὐτοι]
532 1476 587 1510 Ita
620 1477 699 1511 Par
733 1481 774 1512 A.
807 1479 909 1514 Vind.

246 1524 320 1557 ΒΕ.
362 1523 455 1557 Mon.
480 1523 521 1558 C.
569 1524 653 1580 ’Vem
678 1524 719 1559 Β.
759 1525 837 1558 vat.
863 1526 909 1560 H.

245 1569 512 1604 Ε101·.ΑΟΚΤ.
562 1567 709 1613 ἔφαυτα
741 1571 840 1605 Vind.
864 1572 909 1605 F.

247 1613 305 1659 ἐφ’
337 1612 452 1649 ἑαυτὰ
496 1615 580 1661 reliq
583 1616 617 1649 ui
662 1617 806 1652 codices.
868 1617 910 1651 Id

246 1662 443 1696 Bekkeium
463 1673 530 1696 una
554 1674 629 1696 cum
652 1663 777 1697 ceteris
801 1663 910 1697 edito-

246 1709 342 1742 ribus
383 1708 532 1742 tenuisse
576 1711 612 1742 et
645 1709 769 1754 optimo
801 1710 908 1744 codici

246 1756 458 1808 refragatum
484 1766 560 1789 esse
592 1767 633 1788 eo
663 1755 770 1800 magis
795 1756 908 1798 miror,

246 1813 317 1882 2¹52
347 1802 910 1891 {Zipssffucssmhazfflnssg‘³53¹'sz

246 1893 459 1938 trisyllabum
480 1894 650 1938 recepisse
667 1894 777 1935 video,
802 1894 909 1928 veluti

245 1940 336 1974 infra
358 1940 399 1973 L.
425 1940 518 1974 VIII
542 1952 588 1996 p.
597 1941 674 1975 550.
699 1941 740 1973 Β.
766 1946 801 1974 et
817 1941 907 1974 Tim.

247 1986 304 2022 34.
329 1987 371 2021 A.
405 1987 463 2021 69.
490 1986 538 2020 C:
571 1983 610 2019 ἓν
635 1984 768 2033 ἑαυτῷ.
815 1986 907 2020 Tim.

249 2044 283 2077 p.
312 2035 369 2068 29.
399 2033 448 2066 Ε.
497 2043 551 2066 πα
554 2021 740 2086 ραπλήσια
774 2029 907 2079 ἑαυτῷ.

835 1027 910 1062 sup.

233 2079 304 2114 ¹44.
328 2079 379 2112 B:
403 2076 473 2124 τὴν
494 2076 648 2114 ἑαυτῶν.
695 2079 752 2114 49.
776 2079 827 2112 D.
852 2091 908 2119 τις

247 2122 395 2160 ἑαυτόν.
459 2127 515 2160 81.
556 2125 602 2159 C:
650 2125 726 2159 τῶν
761 2122 906 2181 εαυτῆς.

246 2171 334 2216 Leg.
357 2171 425 2204 ΙΙΙ.
443 2173 522 2206 687.
541 2171 589 2205 D.
615 2168 748 2205 ἐκεῖνοι
764 2168 908 2205 ἑαυτοῖ-

249 2227 317 2252 σιν.
366 2217 408 2251 V.
444 2219 522 2252 731.
562 2217 617 2251 D.

246 2264 370 2309 quibus
385 2264 537 2298 omnibus
558 2264 640 2298 locis
655 2264 814 2309 scriptori
832 2264 908 2309 qui-

249 2311 343 2350 dem,
378 2310 407 2344 si
429 2310 458 2343 is
489 2310 702 2353 trisyllabum
733 2310 907 2363 praetulit,

248 2367 387 2390 caussas
412 2357 574 2400 quasdam
594 2356 810 2401 praeferendi
824 2355 908 2390 fuis-

247 2414 286 2436 se
310 2413 436 2446 easque
459 2402 494 2436 in
525 2414 664 2436 numeio
696 2402 908 2448 potissimum

248 2451 284 2482 et
307 2447 340 2481 in
365 2459 447 2482 sono
484 2449 695 2494 quaerendas
727 2460 803 2482 esse
827 2460 908 2482 con-

248 2494 354 2535 cedo,
385 2494 483 2528 nobis
517 2507 599 2529 vero
623 2507 683 2529 eas
705 2495 831 2540 ubique
853 2495 908 2528 111-

247 2540 364 2574 venire
386 2540 600 2586 inventisque
632 2553 693 2586 pro
717 2553 834 2575 norma
857 2541 909 2575 uti

249 2592 309 2620 aut
331 2586 459 2620 aurium
477 2593 668 2621 nostrarum
678 2586 801 2621 iudicio
820 2588 909 2631 plus,

247 2644 349 2678 quam
373 2633 526 2666 codicum
545 2633 740 2668 auctoritati
758 2633 910 2667 tribuere

247 2679 352 2712 licere
376 2690 473 2722 nego.
505 2680 595 2714 Nam
618 2681 653 2715 id
676 2679 795 2724 ipsum,
818 2679 908 2724 quod

249 2725 456 2759 numerosius
489 2726 612 2760 cadere
643 2726 823 2760 suaviusve
854 2737 910 2760 so—

249 2782 332 2805 nare
376 2771 575 2806 eruditiores
615 2784 729 2807 omnes
769 2783 907 2807 consen-

665 2218 742 2257 πᾶς
774 2215 909 2263 ἑαυτῷ.
921 2237 927 2240 -

968 924 1075 968 tiant,
1100 936 1336 970 nonnunquam
1360 929 1398 958 ut
1422 925 1520 958 nimis
1545 925 1628 958 arti-

967 972 1120 1005 ficiosum
1166 971 1347 1015 improbari
1396 983 1416 1004 a
1462 971 1630 1016 scriptore

967 1018 1088 1062 potuit.
1135 1017 1260 1062 Itaque
1294 1017 1503 1061 singulorum
1535 1019 1628 1050 loco-

968 1075 1041 1096 rum
1075 1063 1246 1109 scriptura
1277 1063 1460 1097 secundum
1494 1060 1628 1097 codices

967 1109 1176 1143 instituenda
1199 1116 1277 1151 est,
1320 1121 1396 1154 quoi
1391 1121 1461 1142 :um
1491 1121 1533 1142 ex
1567 1110 1629 1142 ob-

967 1156 1160 1189 servatione
1183 1156 1268 1189 haec
1292 1155 1430 1199 collegi,
1454 1155 1628 1189 Platonem

967 1203 1003 1235 in
1026 1202 1229 1235 dictionibus
1260 1214 1279 1235 e
1303 1201 1465 1235 refiexivo
1490 1208 1524 1234 et
1549 1213 1629 1246 per-

968 1248 1076 1281 sonali
1109 1249 1308 1301 pronomine
1349 1247 1542 1292 compositis
1575 1248 1628 1281 bi-

968 1294 1131 1338 s)llabum
1162 1295 1301 1339 potius,
1346 1305 1454 1349 quam
1477 1293 1629 1337 trisylla-

967 1341 1048 1373 bum
1054 1340 1308 1396 usurpavisse
1307 1343 1341 1373 et
1361 1336 1477 1379 αυτὸς
1495 1351 1630 1384 avt-ov,

969 1383 1085 1426 αυτὸς
1104 1384 1193 1420 καθ’
1214 1383 1333 1421 αυτὸν
1358 1390 1392 1419 et
1417 1386 1537 1419 similia
1560 1387 1629 1419 fre-

967 1433 1142 1478 quentius,
1167 1445 1268 1477 quam
1293 1431 1368 1466 ἑαυ
1395 1432 1541 1473 dixisse,
1567 1433 1630 1466 hoc

966 1484 1101 1520 tamen,
1150 1479 1210 1512 ubi
1257 1478 1547 1513 homoeoteleuton
1595 1481 1630 1511 et

967 1525 1091 1558 nullum
1108 1525 1308 1559 vocabulum
1326 1524 1563 1579 interpositum
1577 1536 1632 1557 es-

966 1577 1041 1612 set,
1066 1571 1269 1627 praetulisse
1302 1574 1338 1604 et
1369 1568 1464 1604 αυτὸ
1503 1567 1630 1615 ἑαυτὸ,

968 1629 1108 1657 αυτους
1132 1614 1288 1656 {am-ovs
1309 1622 1375 1650 ete.
1403 1619 1441 1650 ut
1456 1616 1630 1650 Phaedon.

967 1665 1022 1698 61.
1048 1664 1091 1697 Ε.
1117 1665 1171 1698 62.
1199 1665 1237 1697 A.
1267 1663 1307 1696 C.
1332 1674 1411 1696 raro
1437 1659 1531 1696 αντὸ
1564 1675 1631 1696 αυ-

964 1708 1007 1744 τό
1036 1715 1102 1745 ete.
1136 1715 1176 1743 ut
1205 1710 1350 1743 Phaedr.
1375 1709 1454 1743 246.
1479 1709 1521 1742 D.
1547 1708 1632 1743 scri-

952 1756 1095 1800 psisse,
1119 1767 1243 1801 porro,
1268 1767 1368 1802 quum
1392 1755 1445 1789 bis
1468 1755 1630 1800 deinceps

964 1802 1129 1836 reflexivo
1152 1782 1312 1836 uten’dum
1336 1804 1446 1843 esset,
1479 1801 1629 1846 plerum—

965 1860 1031 1893 que
1055 1853 1090 1882 et
1123 1853 1237 1885 tamen
1270 1860 1336 1882 non
1373 1858 1508 1892 semper
1542 1847 1628 1892 (vid.

964 1895 1005 1929 L.
1030 1895 1127 1929 VIII.
1188 1895 1300 1930 ..553
1326 1895 1385 1938 Β.)
1423 1893 1540 1927 eodem
1573 1894 1628 1927 vel

964 1941 1130 1984 bisyllabo
1154 1907 1209 1975 gel
1243 1941 1422 1983 tr1s3llabo
1446 1940 1629 1996 utrobique

964 1999 1061 2020 usum
1093 1999 1190 2030 esse,
1222 1993 1261 2021 ut
1294 1987 1384 2020 Tim.
1419 1987 1476 2021 33.
1508 1986 1549 2020 (3.
1588 1983 1628 2020 ἐν

965 2030 1088 2087 ἑαυτῷ
1114 2033 1177 2067 καὶ
1203 2031 1269 2089 ‘vap'
1296 2030 1445 2066 ἑαυτοῦ.
1493 2033 1550 2067 32.
1573 2033 1626 2066 Β.

963 2077 1012 2113 τά
1045 2091 1085 2113 τε
1113 2076 1198 2123 μεθ’
1227 2077 1364 2122 ἑαυτῆς
1394 2078 1540 2120 ξυνδεῖν
1563 2076 1628 2112 καὶ

965 2123 1117 2182 ἑαυτήν.
1140 2126 1250 2160 Critia
1267 2127 1345 2160 120.
1364 2126 1413 2159 B:
1441 2122 1544 2172 αυτῷ
1562 2123 1628 2159 καὶ

963 2185 1014 2218 τῳ
1051 2168 1117 2216 αφ’
1147 2169 1280 2206 αὑτοῦ.
1322 2172 1358 2205 111
1391 2159 1529 2205 ceteris
1544 2182 1627 2205 vero

964 2207 1168 2253 dictionibus
1187 2244 1197 2260 ,
1245 2218 1357 2263 qualis
1389 2218 1477 2252 haec
1510 2221 1629 2252 nostra

965 2270 1039 2306 est,
1071 2265 1197 2298 nullam
1230 2264 1341 2309 legem
1364 2269 1460 2298 certa
1482 2264 1627 2298 formula

963 2311 1309 2356 comprehendendam
1331 2311 1543 2352 observasse,
1566 2310 1626 2343 sed

963 2357 1114 2391 librariis
1139 2357 1352 2403 quibusdam,
1374 2359 1414 2390 ut
1438 2356 1523 2390 Lob.
1543 2357 1623 2391 Vat.

959 2403 1043 2437 ΒΜ.
1067 2403 1300 2447 trisyllabum,
1337 2401 1435 2444 aliis,
1460 2408 1499 2436 ut
1523 2402 1626 2436 Clar-

963 2449 1075 2491 kiano,
1099 2450 1300 2494 bisyllabum
1319 2449 1424 2493 magis
1442 2448 1623 2494 placuisse.

961 2494 1035 2529 Iam
1078 2507 1180 2540 quum
1218 2496 1295 2529 Par.
1330 2496 1370 2530 A.
1405 2506 1539 2540 quoque
1580 2495 1625 2528 ad

963 2542 1060 2586 prius
1082 2542 1244 2575 inclinare
1266 2541 1444 2582 videatur,
1483 2553 1522 2575 eo
1548 2553 1625 2574 cer-

964 2588 1033 2621 tior
1056 2599 1158 2632 quum
1183 2588 1263 2622 alibi
1286 2593 1358 2621 tum
1380 2587 1412 2620 h.
1437 2589 1460 2620 l.
1487 2600 1508 2621 a
1531 2587 1623 2621 nullo

964 2634 1170 2668 asseclarum
1194 2645 1331 2670 suorum
1354 2633 1537 2668 destitutus
1561 2634 1623 2667 du-

965 2692 1071 2724 osque
1095 2681 1250 2714 diversae
1266 2680 1415 2714 familiae
1431 2679 1624 2725 adscriptos

965 2727 1218 2760 consentientes
1241 2727 1369 2760 habens
1385 2725 1544 2771 bisyllabi
1562 2737 1622 2760 au-

966 2776 1040 2807 ctor
1065 2773 1306 2808 existimandus
1331 2777 1391 2807 est.
