1807 3219
479 119 820 165 CIVITAS
863 116 988 160 LIB.
1017 115 1092 158 VI.
1122 117 1190 155 497

1441 119 1524 160 191

135 235 246 280 ἄλλα
275 232 563 288 ἀνθρώπινα,
593 232 647 278 τά
678 248 725 276 τε
749 234 840 276 τῶν
868 228 1048 287 φύσεων
1075 227 1152 272 καὶ
1179 229 1268 271 τῶν
1296 226 1529 285 ἐπιτηδευ-

135 305 298 361 μάτων.

359 305 490 360 δῆλος
520 303 573 360 δή
613 296 698 346 οὖν
738 299 797 353 εἴ,
839 299 906 344 ὅτι
943 296 1050 356 μετα
1090 300 1222 340 τοῦτο
1255 294 1424 352 ἐρήσει,
1461 297 1528 348 τίς

77 420 80 423 ,
138 372 249 430 αὕτη
278 372 306 428 ἡ
334 372 541 415 πολιτεία.
587 367 681 414 Οὐκ
712 369 874 425 ἔγνως,
905 369 1025 424 ἐ’φη·“
1043 363 1098 410 οὐ
1126 364 1210 422 γὰρ
1241 370 1375 409 τοῦτο
1406 364 1528 420 ἔμελ-

135 445 242 494 λον,
284 438 382 483 ἄλλ’
421 441 459 483 εἰ
499 437 633 495 αὕτη,
670 436 728 494 ἢν
764 437 888 494 ἡμεῖς
936 433 1256 492 διεληλύθαμεν
1293 435 1530 488 οἰκίζοντες

136 510 216 567 τὴν
244 505 397 560 πόλιν,
436 507 466 564 ἢ
497 506 617 563 ἄλλη.
681 505 743 550 Τὰ
782 505 862 562 μὲν
903 505 1038 557 ἄλλοι,
1078 498 1132 561 ἦν
1172 500 1216 546 δ’
1247 502 1356 559 ἐγώ,
1395 501 1526 558 αὕτη·

135 581 267 622 τοῦτο
299 576 345 620 δὲ
379 575 488 620 αὐτὸ
523 574 690 632 ἐρῤήθη
718 574 798 630 μὲν
827 574 901 618 καὶ
929 572 1026 617 τότε
1045 605 1055 625 ,
1096 570 1165 616 ὅτι
1203 570 1353 627 δεήσοι
1388 587 1430 621 τι.
1459 568 1528 614 ἀεὶ

136 648 298 692 ἐνεῖναι
325 644 374 689 ἐν
403 648 458 703 τῇ
487 644 613 688 πόλει
637 641 774 699 λόγον
801 643 900 699 ἔχον
927 644 1003 699 τῆς
1030 640 1250 691 πολιτείας
1272 639 1352 683 τόν
1375 637 1526 691 αὐτὸν,
1550 644 1591 687 D

135 714 273 769 ὅνπερ
303 713 378 758 καὶ
408 711 483 762 σὺ,
513 711 538 757 ὁ
572 710 842 769 νομοθέτης,
883 709 994 767 ἔχων
1021 709 1125 762 τούς
1153 706 1320 765 νόμους
1350 708 1525 759 ἐτίθεις.

178 863 232 920 τῶ
254 858 357 908 οντι]
381 860 520 897 τωόντι
543 861 642 896 Vind.
668 861 712 896 Ε.

181 898 246 953 δε]
273 922 338 944 om.
361 909 459 943 idem.

179 955 244 991 καὶ
270 955 373 999 των]
416 953 480 989 καὶ
508 966 557 988 τα
584 954 662 988 τῶν
699 952 799 987 Vind.

133 1002 207 1037 BF.
237 1003 318 1036 Par.
341 1001 420 1036 DK.
450 1001 537 1046 Ang.
560 1001 601 1035 Β.
637 1000 730 1034 Flor.
754 1000 798 1034 R.

132 1049 208 1083 Ast.
231 1060 300 1082 sec.

180 1092 226 1139 δὴ
253 1087 347 1150 ουν]
378 1099 494 1129 autem
517 1092 590 1127 Fic-

132 1138 270 1222 Eget&
299 1139 438 1184 τοῦτο]
462 1138 671 1183 μετατοῦτο
696 1137 798 1172 Vind.

179 1230 322 1277 ἕρήσει]
345 1231 401 1266 Ita
423 1231 504 1265 Par.
525 1231 567 1265 A.
580 1231 678 1265 Ven.
699 1230 740 1265 C.
765 1233 801 1264 et

132 1291 154 1314 a
185 1291 229 1314 m.
260 1290 314 1324 pr.
349 1277 450 1312 Vind.
473 1277 518 1310 F.
566 1277 703 1322 Reliqui
735 1277 802 1310 mei

132 1326 187 1369 (et
210 1323 438 1369 Bekkeriani)
474 1334 550 1358 cum
584 1323 687 1358 editis
721 1326 801 1357 ante

131 1371 263 1406 Astium
287 1368 410 1417 ἐρήσῃ.

181 1436 265 1475 Ουκ
288 1437 424 1485 ἔγνως]
450 1436 522 1474 οὐκ
541 1437 657 1494 ἔγνω,
683 1437 801 1472 addita

126 1499 149 1522 a
172 1498 216 1521 m.
242 1497 270 1521 s.
305 1499 345 1529 ς,
377 1486 472 1521 Μοιι.
497 1486 537 1520 Β.
587 1481 656 1519 οὐκ
684 1481 800 1528 ἔγνων

127 1533 229 1567 Vind.
253 1533 296 1567 E.
326 1512 417 1567 Flor.
443 1532 550 1566 ACT.
587 1528 656 1565 οὐκ
677 1529 798 1575 ἔγωγε,

127 1580 164 1614 ἱιι
186 1591 230 1614 ιιι.
284 1575 426 1618 ἄλλως·
453 1575 522 1613 ov'n
544 1575 679 1634 ἔγνων,
705 1577 797 1611 F.¹or

126 1626 172 1660 R.
209 1621 324 1659 ἄλλον
355 1622 424 1659 ουίι
456 1623 570 1669 ἔγνων
599 1636 670 1659 ουκ
698 1620 799 1668 ἔγωγ’

127 1672 215 1716 Ang.
239 1672 282 1705 B.
331 1671 372 1704 In
406 1671 507 1705 Vind.
546 1672 587 1706 F.
626 1669 743 1714 ἔγνως
779 1681 801 1705 a

136 1730 182 1753 ιιι.
207 1729 238 1752 s.
261 1717 296 1751 in
321 1714 430 1774 ἔγωγε
453 1721 622 1751 mutatum
646 1721 719 1751 est.

179 1761 348 1820 ἔμελλον]
374 1761 549 1807 ἔμμελλον
572 1763 648 1798 Ald.

178 1806 281 1868 εἰ]ἢ
307 1810 408 1843 Vind.
433 1810 473 1843 Β.
501 1810 579 1844 vat.
606 1809 656 1843 Μ.

134 1901 178 1936 C.
181 1823 303 1946 agg-{h
327 1852 703 1947 Ξὲῗιᾳῗΐθᾶίῗίοηῖξέιᾷο
711 1855 800 1936 ξιῖἲο

132 1948 328 1983 Bekkerum
342 1973 353 1991 ,
376 1947 467 2005 quod
490 1949 596 1983 multo
623 1953 677 1982 est
701 1948 799 1982 dete-

66 2023 70 2025 .
131 1993 215 2029 rius.
273 1994 324 2029 Et
355 1991 453 2040 αὕτη
499 1994 535 2029 in
580 1994 801 2041 responsione

133 2045 199 2075 est.

175 2082 294 2167 {affigam
284 2098 350 2178 ]ν”
325 2086 427 2166 &1132
444 2132 521 2168 Ald.

177 2212 275 2246 αντη
294 2221 342 2227 -
359 2199 521 2245 ἓνεῖναι]
547 2214 613 2237 om.
637 2201 732 2236 Μοιι.
755 2201 797 2237 B.

131 2247 210 2281 Par.
244 2247 322 2284 DK.
363 2248 458 2282 Flor.
490 2248 536 2282 U.
600 2249 668 2284 Pro
701 2260 798 2293 αντη

130 2293 233 2328 Vind.
259 2294 303 2327 Ε.
330 2290 426 2338 αὐτὴ
452 2295 568 2329 habet.

177 2337 303 2384 αὐτὸ]
329 2352 394 2374 om.
419 2340 495 2375 Fic.

173 2405 285 2452 τότε]
318 2407 465 2445 Videtur
487 2408 529 2443 L.
554 2408 633 2443 1111.
658 2421 692 2455 p.
717 2408 798 2446 423.

127 2454 174 2490 Ε.
198 2454 335 2500 respici.

175 2521 242 2556 ‹52'
218 2525 324 2568 ησοι]
363 2523 418 2559 Ita
440 2524 519 2559 Par.
549 2525 591 2558 A.
624 2523 727 2558 Vind.
752 2524 796 2559 F.

128 2535 240 2603 Venj]
241 2569 282 2604 C.
317 2570 404 2615 Ang.
437 2571 479 2604 Β.
512 2571 607 2604 Flor.
631 2571 673 2604 R.
705 2571 799 2605 Bek-

128 2615 254 2658 kems,
288 2616 406 2650 Astius
436 2615 472 2650 in
504 2616 609 2651 tertia
633 2620 670 2650 et
692 2617 799 2650 Stall-

129 2661 314 2696 baumius
304 2674 340 2696 ιιι
371 2674 442 2697 sec.
467 2663 521 2698 ed.
570 2663 689 2697 Ceteri
712 2661 798 2708 δεή-

131 2715 371 2798 σξιέ·ν.τ.ἷναι]“
351 2751 395 2789 ἓν
416 2749 512 2789 εἶναι
535 2755 616 2790 Par.
630 2755 670 2790 A.
696 2755 797 2790 Vind.

133 2797 349 2845 F..Angss

905 857 988 904 ἔχον
1006 859 1088 916 τῆς]
1113 858 1245 903 ἔχοντα
1264 856 1331 901 τῆς
1354 857 1434 891 Par.
1449 855 1527 890 DK.

857 905 951 941 Mon.
975 907 1017 940 Β.
1048 904 1140 949 ἔχων
1159 905 1230 949 τῆς
1253 903 1355 937 Vind.
1381 903 1422 937 F.
1447 908 1528 937 ante

855 964 946 1034 {orn
983 950 1128 997 ἔχοντες
1152 950 1257 986 Vind.
1282 950 1326 984 Ε.
1350 949 1418 994 τῆς
1444 949 1523 983 Vat.

904 1085 1042 1135 ὅνπερ]
1075 1084 1201 1134 ὥσπερ
1234 1087 1334 1124 Vind.
1359 1087 1400 1122 F.
1435 1088 1521 1132 Ang.
1547 1084 1587 1125 D

904 1225 1067 1272 ἐτίθεις]
1106 1224 1236 1271 ἐτίθης
1258 1226 1340 1260 Par.
1363 1225 1409 1259 K.
1433 1224 1527 1261 Bek-

857 1275 961 1309 kerus
986 1279 1021 1309 et
1043 1273 1077 1307 in
1100 1278 1182 1307 tert.
1207 1272 1333 1307 Astius.
1372 1272 1529 1306 Eandem

856 1322 1000 1355 formam
1046 1319 1172 1365 optimo
1225 1319 1301 1353 iure
1346 1319 1529 1352 Bekkerus

858 1367 1077 1411 L.V11.p.
1114 1367 1193 1401 528.
1227 1366 1271 1399 D.
1305 1365 1459 1399 restituit
1492 1370 1529 1398 et

859 1414 969 1457 Gorg.
992 1424 1025 1458 p.
1054 1412 1132 1446 500.
1156 1412 1197 1446 Β.
1219 1412 1350 1456 vulgati
1375 1408 1529 1445 ἐτίθουν

856 1459 931 1493 loco
963 1458 1147 1493 secundum
1179 1458 1334 1492 meliores
1380 1457 1530 1514 epdices,

859 1506 983 1551 quibus
1007 1505 1093 1539 Lob.
1119 1504 1219 1539 Vind.
1247 1505 1294 1537 G.
1320 1507 1356 1538 et
1389 1500 1530 1537 ἐτίθειν

860 1552 1058 1585 exhibentes
1097 1551 1194 1584 Flor.
1230 1550 1302 1586 FP.
1349 1550 1530 1593 accedunt,

859 1595 990 1641 ἐτίθην
1038 1597 1190 1642 scripsit
1271 1596 1343 1630 Sed
1391 1597 1529 1631 Menex.

855 1656 890 1690 p.
915 1645 995 1678 236.
1022 1644 1063 1677 Β.
1091 1643 1278 1677 συνετίθει
1300 1654 1368 1677 non
1392 1643 1528 1677 videtur

857 1702 933 1724 cum
956 1689 1156 1733 συνετέθη,
1181 1689 1272 1735 quod
1295 1690 1375 1723 Par.
1393 1689 1470 1724 EF.
1493 1694 1529 1723 et

856 1748 878 1771 a
900 1748 945 1771 ιιι.
968 1748 1022 1781 pr.
1047 1736 1133 1769 Ven.
1153 1736 1192 1769 B.
1219 1736 1365 1777 habent,
1389 1746 1528 1791 permu-

855 1783 1017 1825 tandum,
1042 1782 1146 1816 multo
1170 1793 1254 1815 vero
1277 1782 1384 1815 minus
1409 1778 1529 1815 ἐτίθει

856 1830 943 1874 Leg.
968 1829 998 1863 Ι.
1031 1830 1109 1864 630.
1135 1828 1180 1862 Ε.
1205 1832 1240 1862 et
1273 1830 1354 1864 631.
1378 1829 1420 1862 A.
1445 1839 1529 1861 con-

855 1880 911 1910 tra
935 1886 1050 1909 omnes
1074 1874 1210 1909 codices
1228 1878 1434 1920 veteresque
1454 1873 1528 1908 edi—

854 1922 966 1956 tiones
1000 1921 1239 1965 corrigendum
1271 1921 1401 1962 fuisse,
1435 1920 1527 1965 quod

855 1968 1005 2002 Bekkeri
1038 1967 1192 2012 exemplo
1225 1967 1310 2001 fecit
1347 1967 1527 2000 Stallbau-

855 2014 954 2057 mins,
978 2012 1086 2058 ἐτίθη
1104 2014 1178 2048 sine
1196 2017 1279 2047 nota
1301 2013 1337 2047 in
1362 2016 1526 2046 contextu

856 2072 986 2107 ponens
1033 2065 1068 2094 et
1113 2064 1227 2093 tamen
1266 2060 1301 2093 in
1333 2060 1525 2093 Menexeno

856 2107 1041 2142 συνετίθει
1064 2106 1226 2140 retinens.
1273 2106 1404 2139 Eodem
1424 2106 1525 2140 modo

857 2154 1074 2187 statuendum
1097 2153 1139 2186 de
1163 2149 1270 2196 ἠφίει
1290 2152 1372 2196 Lys.
1393 2164 1426 2197 p.
1443 2153 1523 2187 222.

857 2200 897 2233 Β.
923 2211 985 2245 pro
1017 2211 1084 2244 quo
1118 2199 1299 2232 Bekkerus
1332 2210 1374 2232 ex
1412 2198 1529 2232 conie-

857 2251 954 2279 ctura
988 2245 1127 2291 scripsit
1150 2242 1272 2289 ηφίη,
1305 2249 1340 2278 et
1363 2244 1406 2278 de
1431 2242 1528 2287 ἐφίει

855 2292 962 2326 Lach.
988 2303 1021 2345 p.
1048 2293 1125 2326 183.
1151 2292 1195 2326 Ε.
1233 2290 1329 2324 cuius
1361 2291 1528 2324 termina-

856 2339 982 2372 tionem
1006 2337 1171 2371 intactam
1203 2337 1364 2382 reliquit,
1396 2337 1528 2370 initium

856 2385 1040 2420 secundum
1066 2384 1149 2417 Ven.
1175 2384 1216 2416 B.
1252 2384 1333 2417 Par.
1360 2384 1405 2417 G.
1431 2383 1529 2417 auxit

856 2436 892 2465 et
915 2429 1090 2474 κατηφίει
1115 2429 1231 2463 edidit.
1281 2429 1383 2470 Quod
1409 2434 1525 2463 autem

857 2477 901 2511 ad
925 2475 1054 2521 ἠφίειν
1079 2476 1222 2517 attinet,
1257 2476 1347 2520 quod
1372 2475 1527 2519 Euthyd.

855 2536 891 2578 p:
917 2526 995 2559 293.
1020 2523 1061 2556 A.
1086 2522 1184 2556 unius
1203 2501 1341 2579 ’Aug
1336 2521 1377 2555 C.
1403 2525 1527 2555 aucto-

856 2570 962 2604 litate
991 2569 1170 2602 Bekkeius
1201 2567 1236 2600 in
1268 2567 1388 2612 ηφίην
1412 2572 1526 2601 muta-

854 2616 917 2658 vit,
941 2615 1092 2649 rationes
1117 2615 1362 2648 aButtmanno
1379 2626 1519 2658 gramm.

856 2662 883 2696 I.
908 2674 941 2707 p.
967 2662 1047 2696 542.
1073 2661 1116 2695 ad
1139 2660 1313 2704 vulgatam
1338 2660 1524 2694 defenden-

855 2708 930 2742 dam
956 2708 1079 2741 allatas
1111 2707 1288 2762 probare
1293 2718 1360 2740 non
1385 2718 1523 2760 possum

855 2759 891 2788 et
925 2754 979 2788 vel
1011 2753 1084 2788 sine
1114 2752 1233 2787 codice
1263 2749 1382 2798 η’φίην
1415 2752 1523 2788 scribi

854 2800 1012 2836 debuisse
1036 2810 1170 2835 censeo.
