1807 3219
260 187 315 226 70

721 175 1197 221 I'LATONIS

198 298 233 340 E
262 290 568 342 ἀστασιάστοις
606 287 718 334 εἶναι
749 289 831 334 ὅσα
860 305 908 346 γε
948 287 1021 333 διοὲ
1048 285 1283 345 χρημάτων
1312 284 1341 341 ἢ
1370 282 1541 327 παίδων
1569 284 1644 328 καὶ

259 361 478 417 ξυγγενῶν
507 363 660 415 κτῆσιν
694 358 927 412 ἄνθρωποι
956 355 1256 411 στασιάζουσις
1284 352 1433 409 Πολλὴ
1463 351 1645 410 ἀνάγκη,

260 429 369 485 ἔφη,
401 427 692 484 ἀπηλλάχθαι.
732 427 822 471 Καὶ
850 426 937 483 μὴν
967 424 1070 469 οὐδὲ
1100 426 1258 482 βιαίων
1290 438 1338 504 γε
1368 419 1469 465 οὐδ’
1502 422 1645 472 αἰκίας

261 499 381 542 δίκαι
409 498 589 547 δικαίως
619 495 675 539 ἂν
705 493 791 539 εἶεν
819 494 867 538 ἐν
896 491 1061 545 αὐτοῖς.
1100 493 1215 551 ἥλιξι
1257 492 1335 549 μὲν
1370 488 1457 546 γὰρ
1499 487 1650 545 ἥλικας

261 565 510 622 ἀμύνεσθαι
548 564 685 609 καλὸν
722 564 796 608 καὶ
836 562 1008 608 δίκαιόν
1050 577 1139 605 που
1179 560 1403 617 φήσομεν,
1453 557 1651 614 ἀνάγκην

265 632 477 690 σωμάτων
525 632 742 689 ἐπιμελείᾳ
788 632 992 683 τιθέντες.

173 715 241 752 465
265 702 365 747 τόδε
396 701 536 758 ὀρθὸν
567 702 669 758 ἔχει,
700 697 756 759 ἦν
785 701 831 745 δ’
862 699 971 758 ἐγώ,
1007 692 1136 750 οὗτος
1167 696 1191 743 ὁ
1221 696 1382 753 νόμος·
1413 697 1454 740 εἴ
1471 695 1564 740 πού
1586 698 1652 748 τίς

310 870 607 918 ἀστασιάστοις]
680 869 928 907 ἀστασίαστον

264 920 363 953 Vind.
389 919 429 952 F.

310 962 406 1011 ὅσα]
433 960 531 1000 ὅσων
554 963 654 998 Vind.
679 964 722 999 E.
748 960 825 1001 ὅσω
849 964 929 999 Vat.

263 1012 374 1102 Ηγε]
399 1067 439 1101 γε
462 1055 508 1100 δὴ
534 1056 633 1090 Vind.
657 1057 697 1090 F.
723 1057 809 1101 Ang.
835 1056 875 1090 B.

311 1103 387 1148 καὶ]
412 1104 467 1137 Ita
489 1104 568 1137 Par.
591 1104 632 1137 A.
660 1103 758 1137 Vind.
772 1104 815 1137 F.
841 1104 927 1159 Ang.

261 1151 361 1242 ijlssquiV
363 1149 534 1236 acbdges?
535 1145 847 1237 ΙὲξοῐῡέῗιξέΤὲδίᾱῆ
851 1160 930 1228 axli‘tze

265 1242 457 1276 Bekkerum
481 1248 516 1275 et
539 1241 689 1275 Ficinus.

311 1288 653 1389 Ξξέζῖἶῗέἐθῗίισὶτζο
658 1285 930 1377 ιδίεῖἄῗοισιν)

266 1380 366 1415 idem.
399 1378 524 1425 κτήσει
548 1378 627 1413 vat.
652 1379 696 1414 H.

310 1444 535 1529 ἔνθρωποι]
578 1444 798 1493 ἀνθρώποις
833 1447 932 1482 Stob.

267 1507 307 1530 co
335 1520 342 1528 .
366 1496 409 1529 A.

313 1538 594 1585 στασιάζουσις]
627 1540 682 1574 Ita
714 1539 800 1574 Lob.
833 1539 933 1573 Vind.

266 1588 308 1621 B.
335 1591 372 1621 et
395 1591 474 1622 ante
498 1598 588 1621 corr.
609 1586 702 1621 Mon.
714 1586 755 1620 Β.
782 1583 930 1620 στασιά-

269 1635 384 1676 ζουσι.
417 1633 536 1678 reliqui
571 1644 646 1667 cum
671 1632 766 1666 Mon.
788 1633 830 1666 Β.
855 1643 933 1665 cor-

268 1685 364 1714 recto
396 1679 565 1724 editisque
600 1684 681 1712 ante
724 1678 934 1721 Bekkerum,

268 1725 328 1771 qui
353 1737 414 1760 suo
437 1736 529 1759 more
552 1736 574 1759 ν
597 1724 747 1766 addidit,
785 1724 876 1769 quod
900 1724 934 1757 h.

270 1772 296 1806 1.
321 1772 413 1806 Mon.
435 1772 478 1805 Β.
502 1771 591 1805 linea
613 1776 814 1805 transversa
831 1780 934 1815 super

272 1830 286 1852 ι
307 1817 536 1864 significatum
560 1818 674 1853 habet.

318 1882 487 1930 ἀνάγκη]
531 1882 618 1930 post
651 1883 722 1929 ἔφη
757 1884 856 1919 Vind.
893 1884 936 1920 F.

272 1934 358 1989 Ang-
381 1933 423 1967 B.
447 1931 542 1965 Flor.
569 1932 610 1965 R.
625 1928 738 1965 Stob.

318 1990 373 2012 απ
375 1975 569 2033 ηλλοὶἱιθαι.
582 1975 672 2032 Καὶ]
684 1974 908 2021 εἷπηλλάχθα
910 1988 935 2020 ι,

271 2023 336 2059 καὶ
351 2024 427 2060 Ald.
452 2021 698 2081 απηλλαχθειι.
727 2022 790 2057 καὶ
814 2024 935 2068 steph.

271 2071 357 2113 (non
367 2071 476 2115 Lugd.
480 2071 497 2114 )
519 2068 596 2104 Καὶ
609 2088 655 2094 -
666 2066 835 2112 ατιμάσει
856 2068 936 2104 465.

272 2119 313 2152 Α.
339 2129 404 2151 om.
428 2117 527 2151 Stob.
551 2115 626 2149 cod.
651 2116 691 2149 A.

320 2182 402 2221 οὐδ’
428 2184 567 2229 αἰκίας]
592 2197 658 2220 om.
680 2183 754 2218 Fic.
778 2179 867 2217 οὐδὲ
885 2181 938 2218 αι’.

273 2232 372 2266 Stob.
418 2231 584 2265 Timaeus
615 2232 681 2264 lex.
722 2241 756 2275 p.
783 2231 846 2265 15:
881 2228 938 2263 αἱ

274 2277 375 2318 niag-
406 2273 552 2322 ὕβρεως
580 2276 674 2321 δίκη.
707 2287 796 2321 quae
827 2275 939 2319 glossa

275 2325 377 2358 etiam
412 2324 455 2357 ad
489 2323 529 2357 L.
552 2323 634 2356 1111.
665 2334 700 2368 p.
723 2323 803 2357 425.
828 2322 870 2355 D.
903 2326 940 2355 et

275 2369 450 2404 nonnullos
473 2369 558 2403 alios
581 2381 602 2403 a
625 2368 827 2402 Ruhnkenio
849 2367 939 2401 indi-

276 2420 374 2450 catos
397 2416 491 2450 locos
514 2415 674 2460 pertinet.
707 2414 817 2449 Aliter
839 2415 939 2448 scho-

276 2461 394 2496 liastes
419 2462 461 2496 ad
485 2460 569 2495 h.1.

323 2508 449 2553 δίκαι]
474 2519 539 2543 om.
566 2506 667 2541 Vind.
690 2505 733 2540 D.

323 2575 499 2625 δικαίως]
525 2575 646 2620 δικαίς
667 2574 768 2609 Vind.
794 2574 835 2609 E.

325 2623 418 2668 εὶεν]
453 2635 518 2657 om.
555 2622 641 2657 Lob.
677 2620 775 2655 Vind.
797 2621 838 2654 B.
863 2620 940 2654 Vat.

280 2669 386 2767 ΒἛν]
411 2710 467 2747 ἐπ’
493 2712 583 2749 Flor.
608 2714 653 2749 T.

328 2756 560 2805 ἀμύνεσθαι]
606 2758 828 2810 οῗιιύνασθαι
859 2757 942 2791 Ven.

282 2809 323 2841 B.
348 2806 439 2840 F.lor
465 2806 584 2840 C.1n
609 2787 708 2840 wind
734 2806 776 2839 D.
802 2804 944 2838 ve=bum

282 2858 359 2900 post
382 2851 497 2886 καλὸν
530 2852 696 2898 positum,
729 2851 789 2886 sed
823 2850 945 2884 insu-i-

1047 629 1243 686 Ὀρθῶς,
1284 628 1382 684 ἔφη.
1441 627 1531 670 Καὶ
1565 626 1650 682 γάρ

985 870 1054 916 ptis
1089 868 1213 903 litteris
1251 866 1275 913 β
1310 879 1335 901 α
1376 868 1535 912 vulgatus
1568 866 1652 901 ordo

985 916 1165 951 restitutus
1189 919 1253 948 est.

1031 961 1220 1007 φήσομεν]
1245 956 1412 1003 θήσομεν
1436 958 1534 992 Stob.

1033 1027 1222 1074 ανάγκην]
1271 1029 1327 1062 Ita
1368 1028 1447 1062 Par.
1471 1028 1511 1060 A
1547 1026 1648 1060 Vind.

986 1078 1060 1111 EF.
1085 1082 1120 1110 et
1143 1077 1205 1109 int.
1230 1086 1319 1107 vers.
1340 1073 1382 1108 D.
1411 1076 1494 1117 Ang.
1504 1073 1544 1106 Β.
1569 1073 1649 1106 Vat.

985 1124 1031 1157 H.
1055 1123 1148 1156 Flor.
1163 1120 1368 1155 ACRTUV.
1383 1120 1483 1154 Stob.
1508 1116 1650 1164 ανάγκῃ

985 1168 1105 1214 reliqui
1141 1167 1273 1201 cedices
1307 1166 1538 1210 editionesque
1571 1171 1651 1199 ante

986 1216 1075 1250 Astii
1098 1226 1167 1248 sec.
1193 1209 1355 1257 (ἀνάγκη
1383 1212 1468 1246 Lob.
1495 1212 1589 1246 Mon.
1606 1213 1648 1246 B.

987 1262 1060 1296 Ald.
1087 1262 1166 1295 Bas.
1191 1259 1266 1302 ab.)

1035 1326 1245 1374 ἐπιμελείᾳ]
1270 1326 1343 1368 Ita,
1366 1325 1421 1360 vel
1445 1325 1619 1382 adscripto
1639 1338 1654 1359 ι

987 1373 1225 1420 (ἐπιμελείαι)
1258 1373 1313 1406 vel
1345 1373 1469 1406 omisso
1503 1368 1652 1415 (ἐπιμε-

989 1422 1088 1465 λεία)
1115 1421 1193 1455 Par.
1220 1422 1262 1453 A.
1295 1419 1381 1452 Ven.
1408 1419 1449 1451 C.
1484 1418 1585 1451 Vind.
1610 1418 1653 1452 F.

990 1473 1028 1503 et
1049 1468 1113 1503 int.
1136 1477 1226 1500 vexus
1252 1466 1293 1499 D.
1321 1468 1404 1508 Ang.
1429 1464 1470 1498 B.
1505 1465 1582 1497 Vat.
1607 1465 1652 1498 H.

990 1511 1177 1557 ἐπιμέλεια
1222 1511 1320 1546 Vind.
1359 1511 1403 1544 E.
1452 1507 1659 1553 ἐπιμελείας

990 1561 1083 1595 Mon.
1109 1560 1149 1593 B.
1184 1559 1263 1591 Par.
1290 1557 1366 1591 DK.
1406 1557 1659 1590 Stob.Sta11-

988 1606 1142 1640 baumius
1174 1605 1210 1638 in
1243 1616 1313 1637 sec.
1351 1603 1404 1638 ed.
1451 1599 1660 1645 ἐπιμέλεῖαν

989 1653 1089 1686 Vind.
1113 1652 1155 1685 D.
1193 1662 1268 1684 cum
1300 1648 1440 1694 reliquis
1475 1649 1659 1689 codicibus.

990 1699 1064 1733 Ald.
1088 1699 1169 1732 Bas.
1185 1697 1239 1730 ab.
1267 1696 1388 1741 steph.
1417 1696 1491 1728 Ast.
1523 1694 1661 1728 Lectio—

990 1757 1065 1779 nem
1090 1749 1240 1777 nostram
1278 1742 1487 1785 eandemque
1511 1740 1661 1774 Bekkeri

991 1796 1028 1825 et
1059 1791 1096 1824 in
1126 1789 1235 1834 prima
1273 1788 1326 1823 ed.
1355 1787 1571 1821 Stassbaumii
1593 1798 1660 1820 non

990 1837 1079 1872 male
1121 1836 1370 1880 interpretatus
1405 1838 1458 1867 est
1497 1832 1659 1866 Ficinus.

991 1883 1150 1918 tutandis
1193 1882 1390 1926 corporibus
1420 1881 1660 1914 necessitatem

993 1931 1205 1974 imponentes
1234 1928 1268 1962 h.
1294 1939 1323 1960 e.
1358 1926 1502 1959 tutelam
1535 1936 1656 1970 corpo-

992 1986 1068 2008 rum
1092 1974 1318 2007 necessariam
1338 1983 1414 2006 esse
1433 1971 1658 2005 declarantes.

994 2021 1096 2061 Quod
1121 2019 1187 2065 ipsi
1217 2019 1348 2053 tute'ae
1370 2017 1555 2051 necessitas
1579 2017 1658 2061 poni

994 2067 1138 2107 dicitur,
1171 2076 1260 2110 quae
1291 2076 1330 2098 re
1360 2075 1444 2098 vera
1473 2063 1658 2106 iniungitur

993 2111 1208 2152 hominibus,
1243 2110 1301 2155 qui
1326 2121 1402 2143 sese
1427 2109 1516 2142 tueri
1537 2110 1657 2142 iuben—

992 2164 1068 2200 tur,
1091 2157 1290 2190 insolentius
1311 2155 1487 2195 fmtassss,
1513 2155 1573 2189 sed
1591 2167 1660 2189 non

992 2183 1068 2239 tale'
1089 2204 1245 2244 videtur,
1277 2206 1315 2235 ut
1340 2199 1525 2247 ἐπιμελείοι
1549 2201 1659 2234 teneri

992 2253 1151 2295 nequeat.
1197 2249 1343 2282 Admota
1367 2248 1409 2281 ad
1433 2248 1575 2280 tutelam
1598 2259 1660 2280 ne-

994 2297 1156 2330 cessitate
1179 2295 1241 2337 fit,
1271 2297 1310 2327 ut
1343 2306 1409 2327 non
1433 2293 1577 2337 amplius
1601 2303 1660 2327 ar-

993 2342 1098 2377 bitrio
1146 2341 1354 2397 singulorum
1400 2339 1553 2380 1elicta,
1600 2338 1661 2373 sed

994 2389 1148 2422 omnibus
1171 2384 1211 2421 ἐν
1236 2383 1309 2420 ἄντί
1298 2399 1377 2431 ιγκῃ
1402 2385 1465 2428 sit,
1497 2397 1564 2430 quo
1589 2397 1662 2418 mo-

995 2435 1038 2468 do
1062 2435 1196 2467 locutus
1234 2439 1286 2466 est
1318 2432 1440 2474 Lysias
1471 2431 1507 2464 in
1532 2432 1661 2465 Andoc.

996 2491 1031 2526 p.
1056 2482 1136 2515 207.
1163 2481 1196 2535 §k
1221 2481 1254 2514 8.
1280 2479 1389 2512 Bekk.
1427 2477 1498 2511 νῦν
1524 2473 1660 2511 ου’νὺ-

996 2528 1060 2570 μῖν
1090 2523 1130 2560 ἐν
1165 2523 1251 2558 <ivd
1245 2537 1308 2581 κῃ
1327 2522 1416 2578 *ἐστὶ
1458 2520 1660 2569 βουλεύσοι-

999 2574 1091 2607 σθαι
1113 2571 1198 2616 περὶ
1223 2570 1356 2606 αὐτοῦ.

1045 2638 1235 2684 τιθέντες]
1273 2636 1406 2679 θέντες
1439 2637 1524 2672 Lob.
1557 2636 1657 2672 Vind.

1000 2686 1071 2721 BE.
1096 2687 1175 2721 Vat.
1200 2686 1280 2720 ΒΜ.
1304 2685 1390 2718 Ven.
1416 2684 1455 2718 B.

1001 2752 1282 2835 ν·ἒ’Ξ>η]Βέ..ἱ,
1318 2760 1397 2835 Ἑιέ
1438 2764 1528 2787 corr.
1571 2751 1662 2807 ἔχει,

1001 2813 1120 2893 δὲὲρὶι.
1146 2812 1306 2893 pimctuIin
1329 2810 1661 2892 minhschgssnoagfflga·
