1807 3219
414 159 756 205 CIVITAS
795 157 920 202 LIB.
950 157 1006 199 V.
1035 157 1103 196 474

1387 160 1471 201 113

79 270 373 328 ἐκφεύξεσθαι
403 270 483 324 οὓς
511 272 674 328 λέγεις,
717 271 1001 326 διορίσασθαι
1031 267 1142 323 πρὸς
1171 265 1336 319 αὐτούς
1364 269 1471 322 τούς

78 338 359 396 φιλοσόφους
387 341 509 391 τίνας
538 340 737 396 λέγοντες
766 343 993 396 τολμῶμεν
1023 335 1166 394 φάναι
1189 337 1283 379 δεῖν
1304 336 1468 393 ἄρχειν,

78 409 155 453 ἵνα
184 408 407 466 διαδήλων
435 409 683 465 γενομένων
723 408 908 464 δύνηταί
946 423 1012 458 τις
1052 403 1301 460 ἀμύνεσθαι
1330 405 1467 450 ἐνδει-

78 477 319 532 κνύμενος,
378 475 446 521 ὅτι
491 481 585 528 τοῖς
625 477 705 533 μὲν
743 474 956 532 προσήκει
992 472 1125 530 φύσει
1164 471 1381 517 ἅπτεσθαί
1421 490 1467 518 τε

78 547 345 602 φιλοσοφίας
375 543 659 602 ἡγεμονεύειν
687 542 722 589 τ’
754 544 802 589 ἐν
819 543 964 594 πόλει,
996 546 1089 594 τοῖς
1118 539 1164 585 δ’
1192 539 1341 593 ἄλλοις
1363 541 1469 598 μήτε
1495 545 1528 588 C

78 613 295 658 ἅπτεσθαι
337 611 607 659 ἀκολουθεῖν
647 631 692 658 τε
727 617 789 671 τῷ
828 611 1074 670 ἡγουμένῳ.

507 681 596 726 Ἴθι
633 679 712 740 δὴ,
755 678 1069 736 ἀκολούθησόν
1107 694 1185 734 μοι
1222 679 1347 736 τῇδε,
1389 678 1469 723 ἐὰν

77 681 163 739 ἔφη
173 713 185 734 ,
226 679 458 735 ὁρίζεσθαι.

1120 608 1243 664 ’Ώρα
1290 609 1347 652 ἂν
1388 612 1468 668 εἴη,

81 749 191 795 αὐτὸ
223 749 421 808 ἁμηγέπη
451 752 613 803 ἱκανῶς
653 750 973 808 ἐξηγησώμεθα.
1023 745 1148 803 Ἄγε,
1187 746 1284 804 ἔφη.
1342 745 1467 792 Ἀνα-

74 865 111 909 p.
134 854 212 889 323.
239 853 281 888 C.
304 856 341 888 et
364 852 510 888 Phaedr.
534 865 569 900 p.
591 854 672 890 228.
699 854 741 892 C.

75 897 182 943 αμῶς
204 897 244 944 γέ
264 911 343 940 πως
367 900 516 953 scripsit,
539 905 575 935 et
597 900 630 934 in
648 912 740 934 com—

73 950 179 982 ment.
206 946 249 980 ad
265 947 364 982 Polit.
390 947 594 1001 scripturam
619 946 741 980 Veneti

73 993 115 1026 A.
153 995 189 1026 et
217 992 297 1026 Par.
331 992 436 1027 BCF.
472 989 662 1037 αμηγέπη,
696 992 741 1027 ad

73 1038 213 1082 Protag
241 1038 458 1080 Coisliniani‚
482 1040 561 1075 Vat.
586 1040 627 1074 Β.
652 1019 739 1075 'vem

71 1083 146 1118 BD.
171 1085 257 1129 Ang
285 1084 327 1120 C.
350 1084 425 1119 Pal.
449 1064 490 1118 Β.
516 1081 741 1129 ἇμωςγέπως

72 1133 253 1185 tamquam
268 1141 352 1165 suae
369 1131 624 1165 fundamentum
647 1142 739 1164 com-

70 1177 292 1219 memoravit,
329 1176 373 1210 ad
407 1177 602 1211 Phaedrum
625 1180 739 1211 autem

71 1221 311 1264 Clarkiamun,
336 1221 441 1257 Coisl.
474 1223 552 1258 vat.
578 1223 619 1256 A.
652 1223 738 1257 Ven.

69 1268 111 1302 A.
145 1268 226 1302 Par.
254 1268 436 1304 BcDFH.
469 1280 529 1313 asp
532 1280 647 1310 erum,
690 1268 738 1302 nil

69 1313 236 1359 amplius,
268 1315 402 1349 dedisse
434 1314 636 1356 adnotavit,
669 1326 737 1360 quo

67 1359 205 1404 quidem
227 1360 301 1395 loco
326 1360 530 1396 Clarkianus
553 1360 736 1394 secundum

68 1406 304 1441 Gaisfordium
337 1404 562 1452 αμωσγέπως
584 1407 736 1450 exhibet,

65 1451 115 1485 ita
138 1452 202 1486 hoc
224 1456 342 1487 nostro
365 1453 514 1498 reliquos
538 1453 614 1488 VII.
639 1452 735 1488 codi-

66 1509 124 1532 ces
147 1498 181 1532 in
214 1498 337 1544 spiritu
371 1510 488 1534 secum
517 1500 656 1542 facere,
691 1499 734 1533 de

64 1547 209 1578 accentu
233 1548 268 1578 et
300 1545 466 1580 divisione
495 1545 577 1579 nihil
600 1545 734 1591 signifi-

67 1601 147 1627 care
169 1591 288 1625 voluit.
335 1591 429 1632 Quid
452 1591 541 1637 quod
575 1591 661 1637 Leg.
690 1592 732 1627 V.

63 1636 144 1671 736.
169 1639 212 1673 A.
243 1638 435 1693 pag.388‚
462 1640 516 1673 17.
541 1637 577 1672 in
612 1649 732 1672 comm.

64 1682 241 1735 Stephano
275 1683 380 1726 αμῶς
418 1683 562 1726 tribuit,
609 1695 630 1718 a
664 1696 732 1729 quo

63 1727 140 1772 ipse
171 1729 355 1763 secundum
393 1730 477 1764 Ven.
504 1730 543 1763 Β.
577 1731 658 1765 Vat.
688 1730 730 1763 C.

63 1775 152 1828 Aug.
169 1775 209 1808 Β.
234 1775 412 1810 discedens
436 1772 540 1819 αμῶς
560 1773 618 1820 (γε’
633 1775 731 1819 πως)

65 1819 263 1901 ῗὲἓρεξῗὲ
274 1833 410 1922 ..fflj
439 1822 639 1922 ἶῖῗέἓὸἳὲδ
653 1822 731 1901 131¹?

67 1913 162 1956 quis,
195 1910 417 1957 οἰμωςγέπως
439 1913 473 1947 in
503 1925 606 1947 umun
629 1925 732 1947 voca-

67 1958 183 1992 bulum
199 1960 379 1993 coniuncta
397 1960 533 1994 habeat.
557 1960 631 1993 Iam
641 1958 731 2005 quod

65 2005 111 2040 ad
134 2005 289 2050 spiritum
312 2005 448 2048 attinet,
474 2005 612 2050 optimis
636 2006 732 2040 codi-

66 2051 162 2085 cibus
185 2051 398 2105 repugnandi
414 2063 570 2086 caussam
593 2063 660 2086 non
677 2052 731 2086 in-

59 2097 159 2139 veni,
206 2097 270 2132 etsi
301 2098 453 2131 Ionicum
483 2098 539 2132 vel
569 2098 731 2132 Doricum

60 2143 228 2187 ΑΜΟΣ,
263 2144 355 2189 quod
376 2143 582 2189 pronominis
606 2144 730 2178 indefi-

60 2185 125 2222 niti
156 2189 225 2223 vim
254 2156 384 2224 habere
417 2190 561 2232 dicitur,
606 2202 628 2225 a
662 2202 730 2235 quo

64 2234 285 2291 grammatici
319 2235 381 2270 illa
420 2239 611 2289 repetunt,
654 2237 730 2271 fere

30 2294 33 2295 ⁷
59 2280 187 2326 ubique
217 2278 314 2324 οἷμὸς
336 2281 440 2315 scribi
463 2283 560 2324 solet,
587 2285 621 2316 et
637 2278 729 2338 αμό-

59 2327 131 2360 θεν
145 2326 264 2381 vulgo
295 2326 435 2360 Homeri
460 2327 528 2361 Od.
551 2308 579 2361 ’1.
607 2329 661 2362 10.
686 2325 728 2361 οἷ-

59 2369 205 2417 μηγὲπη
239 2373 330 2417 apud
361 2372 549 2407 Lucianum
578 2373 725 2429 Lexiph.

57 2419 106 2453 T.
132 2419 173 2452 V.
199 2430 234 2463 p.
255 2421 335 2454 178.
360 2419 478 2453 Lehm.
504 2422 539 2453 et
563 2416 726 2465 ἀμωσγέ-

57 2475 138 2504 πως
162 2465 253 2509 apud
276 2464 447 2508 Lysiam
438 2477 472 2498 m
503 2465 609 2509 Agor.
633 2468 666 2509 ἓ.
690 2467 724 2502 7.

57 2513 94 2544 et
111 2511 285 2556 Aristoph.
297 2511 504 2556 Thesmoph.
521 2512 600 2548 429.
623 2512 727 2547 etiam

58 2567 80 2590 a
127 2557 286 2591 Bekkero
334 2557 463 2590 editum
508 2561 570 2592 est.
655 2559 726 2592 Sed

59 2602 205 2637 Acharn.
237 2604 316 2639 583.
347 2603 508 2637 Bekkero
540 2607 630 2637 teste
666 2616 723 2638 co-

59 2648 126 2682 dex
141 2649 323 2684 Ravennas
346 2660 504 2694 asperum
521 2649 638 2691 habet,
657 2661 723 2684 non

59 2694 190 2738 lenem,
224 2707 324 2740 quem
353 2695 583 2730 Invernizzius
605 2696 723 2740 (615.)

60 2739 164 2782 vidit,
180 2720 223 2774 'et
246 2741 337 2786 apud
364 2740 611 2775 Eustathium
602 2753 637 2775 ιιι
655 2742 723 2776 Od.

61 2785 137 2818 Vol.
158 2786 188 2819 Ι.
212 2799 249 2832 p.
273 2789 318 2831 8,
343 2788 400 2822 32.
424 2798 500 2840 sqq.
525 2787 621 2832 Lips.
643 2791 724 2833 post

62 2831 228 2876 simplicia
263 2844 338 2867 cum
366 2832 436 2867 leni
468 2833 598 2879 scripta
637 2833 723 2870 haec

136 2889 344 2934 Pna'roms
374 2891 532 2933 0211.

797 852 986 906 composita
997 862 1072 886 cum
1084 861 1205 895 aspero
1216 850 1420 894 scribuntur,
1431 855 1466 885 et

796 899 832 933 in
864 898 992 933 scholio
1026 898 1069 931 ad
1101 897 1187 941 Leg.
1213 897 1289 931 VII.
1317 899 1397 933 798.
1423 899 1464 933 Β.

798 946 888 991 quod
912 943 1135 979 Ruhnkenius
1165 942 1208 977 ad
1233 943 1325 977 Tim.
1348 955 1382 988 p.
1405 947 1464 980 26.

797 991 928 1033 edidit,
975 989 1088 1024 omnia
1131 1000 1291 1034 asperum
1325 990 1462 1024 habent.

797 1037 911 1079 Quem
933 1036 962 1070 si
976 1035 1071 1092 quis
1104 1035 1148 1070 ab
1173 1035 1280 1069 altero
1302 1037 1462 1080 ΑΜΟΣ,

796 1086 887 1129 quod
909 1079 1091 1127 ἡμέτερος
1115 1084 1190 1123 est,
1222 1093 1406 1127 perperam
1428 1083 1462 1118 in

794 1130 859 1164 hoc
882 1130 1084 1163 translatmn
1117 1106 1268 1170 statuat,
1300 1141 1367 1163 non
1397 1129 1461 1162 mi-

794 1187 857 1209 nus
879 1174 1106 1228 probabiliter
1122 1174 1242 1215 lenem,
1267 1186 1368 1219 quem
1379 1175 1460 1210 111ud

792 1221 828 1255 in
850 1220 1042 1255 Homericis
1073 1219 1277 1254 carminibus
1308 1233 1393 1265 prae
1422 1233 1462 1256 se

792 1270 994 1309 iert‚c1un
1015 1267 1080 1300 hoc
1104 1266 1381 1300 conununicattun
1404 1267 1461 1302 vel

793 1312 997 1347 discriminis
1043 1323 1166 1346 caussa
1219 1311 1394 1353 inventum
1439 1325 1461 1348 a

791 1358 1021 1404 grammaticis
1054 1357 1159 1392 statui
1197 1369 1300 1402 posse
1338 1371 1460 1394 conce-

791 1407 863 1440 dat.
910 1405 951 1439 In
974 1405 1038 1438 hoc
1060 1403 1165 1449 igitur
1187 1405 1382 1439 Bekkerum
1403 1406 1459 1440 vel

789 1452 904 1505 potius
928 1451 1060 1485 codices
1092 1462 1229 1495 sequor.
1278 1452 1348 1485 Sed
1372 1452 1457 1486 divi-

789 1497 877 1532 sioni
900 1498 1046 1552 prinuun
1064 1497 1199 1538 obstat,
1224 1498 1314 1542 quod
1339 1495 1457 1543 ἁμῶς,

792 1540 883 1588 αμῆ,
909 1540 1057 1587 αμόθεν
1075 1554 1202 1597 neque
1226 1544 1316 1588 apud
1340 1544 1458 1579 Plato-

790 1601 867 1624 nem
890 1601 1022 1634 neque,
1056 1588 1086 1623 si
1108 1589 1151 1624 ab
1180 1594 1330 1624 extremo
1353 1591 1457 1626 semel

789 1636 880 1681 apud
902 1636 1087 1669 Homerum
1111 1638 1268 1669 exstante
1291 1636 1456 1671 discesse-

789 1683 856 1724 ris,
890 1681 970 1715 alibi
1000 1693 1144 1727 usquam
1178 1693 1330 1716 seorsum
1364 1683 1457 1718 dicta

788 1728 1017 1763 inveniuntur.
1075 1727 1168 1761 Nam
1201 1729 1457 1773 grammaticos,

788 1774 1007 1808 Eustathium
1029 1773 1051 1807 l.
1078 1784 1108 1808 e.
1131 1773 1345 1818 Apollonimn
1363 1776 1457 1810 Bek-

788 1820 863 1854 keri
898 1820 1015 1854 anecd.
1051 1820 1141 1861 566,
1163 1821 1197 1855 3.
1223 1820 1255 1855 5.
1292 1821 1378 1857 alios
1411 1823 1456 1856 de

788 1866 918 1910 origine
949 1865 1213 1911 compositorrun
1241 1866 1456 1911 disputantes

787 1911 1000 1966 simplicibus
1018 1912 1069 1945 uti
1086 1923 1225 1946 necesse
1237 1920 1323 1947 er.at
1346 1914 1451 1948 Dein-

787 1961 829 1991 de
859 1959 895 1992 in
929 1958 994 1992 hac
1024 1962 1126 2003 parte
1149 1970 1259 2003 aeque
1291 1963 1395 2013 atque
1419 1961 1454 1997 in

785 2004 901 2059 priore
937 2004 1071 2039 codices
1110 2005 1316 2049 respiciendi
1357 2010 1455 2049 sunt3

786 2050 846 2096 qui
885 2050 952 2084 etsi
997 2062 1240 2105 nonnunquam
1285 2052 1454 2097 duplicem

785 2100 963 2131 accentum
995 2097 1189 2141 impositum
1231 2097 1378 2140 habent,
1413 2103 1454 2133 ut

788 2143 992 2176 Clarkianus
1036 2143 1176 2187 Protag.
1212 2144 1291 2179 331.
1332 2145 1375 2178 Ι).
1417 2146 1450 2180 8.

787 2186 1045 2233 (ᾰμῆιγέπηι)
1095 2192 1131 2223 et
1176 2191 1324 2224 fortasse
1371 2191 1452 2227 Par.

784 2235 898 2270 AFY.
934 2236 1012 2269 Vat.
1038 2234 1078 2270 Β.
1119 2235 1210 2269 Tim.
1235 2237 1291 2272 52.
1318 2236 1359 2270 C.
1392 2237 1451 2271 ubi

784 2280 818 2314 in
844 2281 969 2326 optimo
992 2281 1092 2316 Vind.
1118 2279 1223 2325 οἷμώσ
1243 2280 1284 2326 γε’
1302 2294 1381 2322 πως
1399 2285 1451 2318 le-

785 2326 898 2371 gitur,
940 2327 1142 2372 plermnque
1174 2328 1249 2372 ipso
1290 2329 1450 2364 Bekkero

783 2376 875 2407 teste
907 2385 1010 2407 unum
1041 2374 1211 2407 exhibent.
1267 2375 1326 2409 Sic
1351 2375 1449 2409 Clar-

782 2419 905 2454 kianus
945 2419 1095 2454 Phaedri
1129 2420 1150 2454 l.
1185 2432 1214 2453 c.
1264 2424 1300 2454 et
1340 2422 1446 2466 Soph.

781 2476 814 2510 p
839 2467 918 2501 259.
955 2465 998 2500 D.
1044 2466 1102 2500 ubi
1134 2466 1329 2511 Stephanus
1374 2479 1449 2502 cum

781 2511 868 2545 Aldo
894 2507 1085 2556 οἷμηγέπη,
1117 2511 1294 2546 Bekkerus
1318 2517 1448 2557 tacens,
1488 2552 1491 2555 χ

781 2560 821 2590 ut
846 2558 927 2602 Leg.
951 2560 995 2593 V.
1019 2538 1099 2594 739.
1113 2558 1153 2591 C.
1181 2561 1217 2591 et
1239 2559 1353 2612 paullo
1370 2564 1449 2604 post

780 2603 866 2638 haec
889 2608 1007 2639 nostra
1029 2604 1072 2638 D.
1102 2600 1179 2649 αμῇ
1208 2605 1247 2648 ιε’
1267 2616 1318 2650 πῃ
1343 2605 1446 2639 dedit.

780 2649 833 2683 De
865 2661 880 2683 ι
911 2662 977 2684 ιιοιι
1011 2651 1203 2695 subscripto
1236 2662 1269 2686 v.
1311 2652 1385 2687 Vol.
1416 2652 1443 2686 1.

779 2707 814 2741 p.
839 2695 933 2729 LXI.

779 2737 1111 2823 Εέξηγησιόμεθα]
1146 2738 1239 2775 αὐτὸ
1271 2737 1318 2784 ἐξ.
1344 2743 1445 2779 Vind.

779 2788 823 2823 Ε.
850 2784 1106 2844 ἐξηγησόμεθα
1126 2788 1224 2822 vind.
1249 2788 1295 2821 F.

817 2829 912 2879 Ἄγε]
937 2831 995 2878 ἄγ’
1015 2833 1117 2870 Vind.
1142 2834 1183 2869 F.
1209 2829 1275 2877 ἄγε
1296 2832 1343 2879 δὴ
1359 2836 1445 2870 Ven.

1217 2894 1258 2934 H
