1807 3219
477 64 818 110 CIVITAS
862 66 986 110 LIB.
1015 68 1070 111 V.
1101 69 1168 108 458

1476 70 1534 112 39

137 177 316 237 φύλαξι.
352 180 491 223 ταῦτα
534 174 799 234 πειράσομαί
834 189 906 224 σοι
949 178 1145 235 πρότερα
1193 179 1532 224 συνδιασκοπεῖ-

135 254 275 302 ῡθαι,
313 247 479 302 ὕστερα
506 243 546 291 δ’
578 245 742 297 ἐκεῖνα,
785 249 905 304 εἴπερ
937 250 1110 308 παρίης.

612 313 745 372 Οἶμαι
773 318 948 369 τοίνυν,
980 319 1036 374 ἡν
1058 315 1101 360 δ’
1127 315 1231 384 ἐγώ,
1261 318 1381 373 εἴπερ
1402 317 1530 361 ε’σον-

140 318 249 375 ἔφη,
277 317 352 362 καὶ
383 315 547 361 σκόπει.

1164 245 1297 292 ’Λλλα
1330 250 1530 304 παρίημι,

71 395 222 431 46οται
251 387 296 430 οἱ
324 384 530 441 ἄρχοντες
559 384 673 436 ἄξιοι
701 383 864 428 τούτου
893 389 974 428 τοῦ
1005 383 1221 441 ὀνόματος
1262 387 1388 431 οἵτε
1422 383 1528 430 τού-
1560 391 1591 434 C

138 473 230 508 τοις
254 455 486 507 ἐπίκουροι
516 453 628 497 κατὰ
655 451 817 504 ταῦτα,
869 452 975 504 τοὺς
1012 454 1092 510 μὲν
1133 452 1357 510 ἐθελήσειν
1384 459 1530 499 ποιεῖν

137 524 190 570 τὰ
221 522 551 577 ἐπιταττόμενα,
582 520 688 573 τούς
723 521 770 565 δὲ
800 520 1014 574 ἐπιτάξειν
1043 521 1096 565 τά
1123 538 1203 577 μεν
1235 521 1400 575 αὐτους
1429 539 1525 567 πει-

136 592 358 656 θομένους
387 595 477 642 τοῖς
505 588 659 645 νόμοις
677 622 689 641 ,
727 589 778 633 τοὶ
808 590 856 634 δὲ
887 590 962 634 καὶ
991 589 1313 646 μιμουμένους,
1357 590 1440 635 ὅσα
1471 591 1527 636 ἂν

135 661 319 712 ἐκείνοις
349 659 656 716 ἐπιτρέψωμεν.
714 657 873 713 Εἰκὸς,
905 659 1004 716 ε’φη.
1063 657 1134 702 Σὺ
1166 659 1246 714 μὲν
1273 661 1441 712 τοίνυν,
1470 654 1527 717 ἦν

135 727 178 774 δ’
210 729 314 786 ἐγώ,
352 728 376 772 ὁ
404 728 670 784 νομοθέτης,
714 726 885 779 αὐτοῖς,
930 725 1077 781 ω’σπερ
1106 727 1211 780 τοὺς
1241 726 1407 783 ἄνδρας
1437 727 1525 781 ἐξέ-

134 799 257 852 λεξας
277 830 290 850 ,
352 796 470 842 οὕτω
519 797 594 840 καὶ
638 794 718 848 τοὶς
765 802 979 853 γυναῖκας
1031 796 1202 849 ἐκλέξας
1249 794 1528 852 παραδώσεις

179 948 241 992 τε]
268 959 334 984 om.
356 947 435 982 Par.
461 947 502 981 A.
527 946 607 980 Vat.
632 946 677 980 H.
703 946 796 980 Flor.

132 993 211 1029 TV.
242 990 306 1038 δὲ,
331 1005 406 1039 sup.
431 1006 474 1037 τ,
500 994 579 1027 Vat.
605 993 646 1027 B.

179 1062 325 1106 ταυτα]
349 1063 390 1097 In
414 1063 490 1096 Ald.
516 1066 595 1096 ante
619 1062 683 1095 hoc
706 1062 799 1096 nulla

130 1109 318 1150 distinctio,
343 1114 422 1154 post
444 1109 480 1142 id
496 1120 639 1152 comma,
662 1109 696 1142 in
716 1110 796 1142 Bas.

130 1156 186 1190 ab.
230 1154 401 1209 utrimque
435 1160 597 1200 punctum
641 1155 799 1200 positum,

131 1202 255 1236 deinde
279 1198 432 1245 Πειρασ.
458 1201 633 1246 seriptum,
659 1201 692 1234 in
717 1202 799 1234 Ste-

129 1249 247 1294 phan..
267 1248 341 1291 Ast.
367 1259 420 1292 pr.
445 1259 512 1281 sec.
547 1252 626 1291 post
661 1245 799 1291 φύλαξι

131 1299 295 1328 commate
325 1293 467 1327 incisum
503 1300 567 1326 est.
618 1294 686 1327 Pro
719 1305 797 1327 πει-

130 1338 295 1384 ράσομαί
318 1340 451 1374 Ρ3τ..Κ
478 1352 548 1374 sec.
573 1339 654 1387 Bip.
680 1337 796 1413 περά-

128 1387 242 1430 σομαί
264 1387 381 1420 habet.

171 1452 370 1499 πρότερα]
415 1452 600 1500 πρότερον
646 1455 726 1493 Par.
750 1455 795 1490 K.

127 1502 222 1546 Ang.
243 1502 284 1535 B.
318 1501 412 1535 Flor.
437 1503 515 1536 RT.

170 1570 324 1616 παρίης]
348 1570 486 1616 παρίῃς
509 1570 630 1617 Steph.
650 1569 725 1605 Ast.
740 1581 794 1616 pr.

146 1639 217 1719 doi'
233 1641 295 1685 τε]
331 1639 370 1674 εἴ
396 1650 436 1674 τε
471 1639 692 1674 Stallbaumii
723 1650 793 1673 sec.

124 1698 144 1720 e
169 1711 267 1766 Ξκατὰ
291 1728 439 1775 ταῦτα]
463 1730 680 1766 καταταυτὰ
704 1732 791 1766 Lob.

124 1778 226 1813 vind.
250 1778 291 1812 F.
339 1778 380 1811 In
403 1778 483 1811 Bas.
514 1779 569 1812 ab.
603 1790 670 1812 non
702 1784 793 1832 post,

123 1824 184 1859 sed
209 1829 288 1858 ante
312 1825 397 1858 haec
422 1836 550 1858 comma
575 1825 735 1870 positum,
758 1824 793 1858 in

122 1871 199 1905 Ald.
221 1876 374 1917 utroque
396 1871 471 1904 loco
497 1871 666 1904 omissum.

168 1937 262 1979 τοὺς
286 1936 347 1983 δε]
369 1937 473 1978 τοὺς
497 1936 541 1973 δ’
567 1940 653 1973 Lob.
690 1939 790 1974 Vind.

123 1986 196 2021 BF.
222 1987 308 2030 Ang.
334 1986 374 2019 Β.
402 1987 481 2019 Vat.
506 1985 554 2020 M.
583 1986 676 2020 Flor.
700 1987 742 2020 R.

169 2051 312 2094 αὐτοὺς
345 2052 598 2098 πειθομένους
621 2057 702 2094 τοῖς
725 2051 788 2088 νό-

121 2103 230 2156 μοις]
264 2098 382 2140 αὐτὸς
415 2099 666 2157 πειθομένους
698 2099 789 2140 τούς

121 2144 261 2202 νόμους
284 2148 386 2181 Vind.
413 2147 453 2180 F.
498 2144 629 2187 αὐτοῖς
655 2149 787 2181 πειθο-

121 2190 257 2236 μένους
280 2196 361 2233 τοῖς
384 2191 514 2237 νόμοις
536 2194 616 2228 Ρ3ι·.
630 2194 673 2227 Κ.
694 2193 786 2239 quod

123 2239 236 2273 Astius
258 2244 445 2284 praeeunte
462 2240 579 2274 Ficino
604 2240 705 2283 (ipsis
722 2252 788 2284 pa-

120 2291 235 2319 rentes
263 2286 413 2330 legibus)
447 2285 483 2318 in
516 2297 582 2319 sec.
611 2287 662 2319 ed.
690 2297 786 2319 rece-

120 2331 194 2376 pit,
226 2343 292 2364 non
316 2331 532 2375 postulante,
565 2337 603 2365 ut
626 2332 700 2376 ipse
725 2332 785 2373 ait,

120 2377 181 2411 sed
204 2382 316 2410 tamen
333 2377 550 2421 permittente
571 2389 683 2419 sensu,
705 2379 787 2423 quia

118 2423 262 2457 imitatio
296 2423 338 2456 ad
372 2425 580 2457 voluntatem
616 2430 651 2458 et
675 2424 786 2458 consi-

117 2469 200 2504 lium
223 2469 439 2513 legislatoris,
464 2482 529 2503 non
554 2471 596 2503 ad
620 2470 713 2515 ipsas
734 2471 783 2504 le-

118 2527 180 2560 ges
224 2515 394 2570 dirigitur.
458 2518 505 2549 At
536 2508 638 2549 nihilo
675 2517 782 2551 minus

116 2573 234 2596 verum
258 2567 311 2595 est
336 2557 498 2605 αὐτοὺς,
533 2563 623 2607 quod
652 2563 686 2596 in
710 2568 783 2596 ter-

117 2608 168 2643 tia
199 2608 253 2641 ed.
287 2607 451 2641 restituit.
500 2608 670 2642 Nonnulla
694 2610 781 2643 enim

117 2654 167 2688 sic
188 2653 357 2699 imperant
378 2653 558 2696 custodes,
581 2659 622 2688 ut
642 2655 707 2700 ipsi
730 2655 780 2689 le-

116 2700 216 2745 gibus
243 2705 409 2746 pareant‚
437 2699 570 2736 scilicet
592 2712 634 2734 ea
657 2701 778 2744 omnia,

904 946 990 1001 και]
1036 941 1060 990 ἢ
1095 958 1169 981 cum
1201 947 1340 991 punctis
1379 958 1528 993 superne

855 991 1050 1074 ἰΙιἹιῗοοὲἰιίἷιί
1073 993 1173 1028 Vind.
1198 994 1240 1027 F.
1278 1006 1343 1029 om.
1369 994 1458 1039 Ang.
1485 995 1525 1028 B.

901 1106 1174 1153 μιμουμένους]
1218 1109 1274 1143 Ita
1307 1108 1401 1143 Mon.
1428 1110 1470 1144 B.
1505 1121 1527 1144 3

856 1165 898 1187 ιιι.
921 1167 971 1199 pr.
1015 1153 1062 1198 μὴ
1090 1153 1340 1198 πειθομένους
1372 1166 1393 1189 3
1424 1167 1469 1190 ιιι.
1496 1167 1524 1189 s.

857 1200 943 1234 Post
984 1200 1236 1245 μιμουμένους
1282 1208 1411 1235 comma
1445 1202 1526 1245 feci,

856 1246 938 1291 quia
971 1248 1150 1292 sequentia
1184 1260 1247 1292 per
1278 1248 1526 1293 appositionem

856 1293 972 1326 addita
996 1299 1095 1348 sunt,
1120 1300 1157 1328 ut
1182 1295 1222 1327 L.
1249 1295 1275 1327 I.
1301 1306 1334 1339 p.
1361 1295 1441 1330 334.
1467 1295 1524 1328 D:

856 1334 1008 1378 πολλοῖς
1026 1335 1114 1396 α’ρα,
1142 1340 1170 1374 ω’
1187 1338 1414 1384 Πολέμαρχε,
1437 1340 1524 1384 ξυμ-

854 1382 1021 1440 βήσεται,
1051 1384 1134 1421 ο’σοι
1158 1385 1429 1436 διημαρτήκασι
1448 1387 1526 1422 τῶν

856 1428 1096 1486 ανθρώπων,
1134 1433 1279 1467 δίκαιον
1314 1437 1410 1467 εἰναι
1433 1431 1526 1473 τούς

851 1489 920 1521 μεν
954 1478 1088 1533 φίλους
1120 1477 1319 1535 βλάπτειν·
1364 1479 1526 1536 πονηροὶ

852 1522 924 1579 γὰρ
936 1521 1068 1564 αυτοῖς
1089 1525 1178 1560 εἰσί
1197 1524 1289 1566 τοὺς
1308 1522 1340 1560 δ’
1361 1522 1526 1572 εχθροὺς

852 1567 1032 1615 ω’φελεῖν·
1062 1568 1205 1617 ἀγαθοὶ
1228 1585 1311 1617 γαρ.

898 1661 1166 1710 ἐπιτρέψωμεν]
1181 1661 1409 1707 ἐπιτάξωμεν
1421 1663 1521 1699 vind.

851 1710 894 1746 D.
923 1711 977 1744 Cf.
1004 1712 1044 1745 L.
1070 1711 1155 1745 IIII.
1178 1723 1213 1756 p.
1239 1711 1318 1746 425.
1344 1712 1384 1744 A.
1409 1722 1487 1757 sqq.

899 1778 1017 1819 Εἰκὸς
1044 1800 1092 1806 —-
1122 1777 1224 1814 λεών.
1261 1779 1331 1823 1).]
1380 1779 1521 1814 laudant

851 1826 1022 1860 Eusebius
1070 1839 1189 1872 praep.
1241 1838 1293 1860 ev.
1343 1825 1383 1859 L.
1418 1826 1516 1860 XIII.

849 1884 884 1914 p.
911 1872 990 1907 414.
1031 1878 1065 1907 et
1097 1873 1338 1907 Theodoretus
1363 1873 1515 1917 Therap.

850 1918 892 1951 L.
918 1919 1033 1952 v1111.
1068 1931 1099 1963 p.
1125 1921 1204 1954 939.
1260 1918 1330 1952 Sed
1362 1918 1416 1952 hic
1450 1918 1515 1952 duo

849 1964 959 2009 prima
995 1966 1120 1999 omittit
1153 1971 1190 1999 et
1217 1975 1281 2009 pro
1308 1962 1366 1998 Σὺ
1393 1976 1516 1998 secun-

849 2011 926 2044 dum
951 2012 1043 2045 Flor.
1072 2013 1111 2045 B.
1151 2011 1225 2046 cod.
1251 2011 1369 2044 Ursini
1402 2016 1437 2045 et
1460 2011 1512 2046 ed.

847 2057 943 2102 sylb.
970 2056 1039 2098 Εἷς
1061 2058 1158 2103 legit.

893 2145 938 2194 ο]
965 2162 1030 2186 om.
1054 2148 1186 2184 Theod.
1212 2148 1307 2192 Sylb.

888 2216 1122 2265 νομοθέτης]
1147 2217 1238 2251 Huic
1262 2229 1396 2262 quoque
1417 2229 1508 2252 com-

842 2277 918 2306 ma,
942 2267 1032 2309 quod
1057 2262 1163 2299 Aldus
1189 2269 1223 2297 et
1247 2264 1441 2308 Stephanus
1465 2277 1508 2298 ne

842 2311 997 2355 sequenti
1021 2312 1154 2356 quidem
1181 2306 1309 2349 αὐτοῖς
1340 2321 1509 2363 apposue-

842 2362 942 2398 runt,
986 2358 1226 2413 apponendum
1255 2356 1395 2399 putavi,
1441 2368 1508 2401 quo

842 2403 949 2446 magis
976 2401 1108 2443 αὐτοῖς
1142 2404 1184 2437 ad
1210 2400 1354 2444 ἐκλέξας
1379 2405 1417 2436 et
1436 2414 1507 2436 πα-

843 2447 1025 2494 ραδώσεις
1049 2450 1224 2495 peitinere
1247 2449 1505 2493 intelligeretur.

887 2538 1075 2589 ἐξέλεξας]
1103 2538 1247 2583 ἐκλέξας
1271 2541 1351 2574 Vat.
1370 2540 1411 2574 B.
1439 2552 1503 2574 om.

838 2586 923 2620 V.en
950 2589 989 2621 Β.
1016 2589 1144 2622 Euseb.
1170 2583 1502 2621 Theod.A1d.Bas.

838 2645 869 2667 3.
897 2634 1017 2678 Steph.
1043 2636 1118 2667 As.t
1144 2645 1210 2679 pr.

882 2686 1131 2748 παραδώσεις]
1142 2699 1356 2748 παραδώσει
1366 2701 1500 2737 Theod.

117 2757 207 2793 quae
230 2758 252 2781 a
271 2743 434 2791 legibus·
422 2757 594 2792 imperare
607 2747 777 2782 iubentur.
835 2748 974 2783 Schulz.
