1807 3219
477 115 818 160 CIVITAS
863 113 988 157 LIB.
1016 111 1091 156 VI.
1120 117 1191 152 500

132 232 376 289 φιλοσοφίᾳ
404 231 575 286 πρέπον
603 232 859 279 ποιοῦντας.

1441 116 1525 157 201

908 224 1035 270 Πολύ
1061 222 1118 281 γ’,
1153 224 1250 281 ἔφη·
1296 224 1411 270 Οὐδὲ
1440 225 1528 282 γάρ

132 318 247 354 που,
292 296 326 344 ὦ
355 299 625 354 Ἀδείμαντε,
661 296 795 353 σχολὴ
824 298 886 355 τῷ
915 311 963 351 γε
994 294 1054 346 ὥς
1084 293 1263 351 ἀληθῶς
1293 293 1405 351 πρὸς
1434 300 1530 346 τοῖς

136 365 238 414 οὖσι
284 368 364 426 τὴν
412 366 614 412 διάνοιαν
663 367 808 421 ἔχοντι
849 363 967 408 κάτω
1018 363 1194 418 βλέπειν
1237 365 1298 414 εἰς
1346 363 1529 420 ἀνθρώ-

134 455 232 483 πων
260 437 558 493 πραγματείας
587 435 660 479 καὶ
691 431 952 490 ’μαχόμενον
992 431 1142 483 αὐτοῖς
1173 430 1352 488 φθόνου
1382 449 1426 476 τε
1456 433 1531 477 καὶ

135 507 392 562 δυσμενείας
430 505 750 562 ἐμπίπλασθαι,
794 498 892 542 ἀλλ’
924 501 985 552 εἰς
1025 501 1263 556 τεταγμένα
1308 499 1414 544 ἄττα
1458 501 1533 544 καὶ

135 576 246 622 κατὰ
284 573 424 618 ταῦτοὶ
465 571 532 616 ἀεὶ
575 572 729 628 ἔχοντα
770 568 969 623 ὁρῶντας
1015 569 1089 612 καὶ
1139 568 1395 625 θεωμένους
1434 567 1529 613 οὔτ’

136 644 379 690 ἀδικοῦντα
433 638 531 685 οὔτ’
572 638 844 694 ἀδικούμενα
888 635 971 681 ὑπ’
1014 635 1240 695 ἀλλήλων,
1295 637 1446 698 κόσμῳ
1486 638 1533 682 δὲ

135 712 282 758 πάντα
309 711 385 756 καὶ
413 710 526 754 κατὰ
554 708 690 764 λόγον
717 708 892 764 ἔχοντα,
941 710 1080 749 ταῦτα
1120 708 1349 762 μιμεῖσθαί
1378 723 1422 750 τε
1455 707 1532 751 καὶ

137 781 205 825 ὅτι
234 780 423 838 μάλιστα
454 777 803 835 ἀφομοιοῦσθαι.
844 775 872 832 ἢ
903 774 987 818 οἴει
1025 774 1124 818 τινα
1165 776 1363 833 μηχανὴν
1403 774 1531 829 εἶναι,

137 849 225 908 ὅτῳ
254 866 319 902 τις
340 845 494 906 ’ὁμιλεῖ
521 845 760 904 ἀγάμενος,
789 843 848 901 μὴ
880 848 1111 900 μιμεῖσθαι
1143 843 1311 895 ἐκεῖνος
1342 842 1532 889 Ἀδύνα-

134 1001 278 1036 Ficinus
302 1000 457 1035 homines
483 998 646 1033 conviciis
673 999 805 1043 passim

136 1050 308 1083 lacessunt
345 1046 594 1090 interpretatus
625 1045 669 1078 ad
713 1043 804 1084 τοὺς

135 1091 320 1136 πολλοὺς,
357 1092 602 1126 Stallbaumius
627 1092 670 1125 ad
693 1092 804 1136 philo-

137 1141 261 1184 sophos
278 1139 388 1173 refert
409 1150 471 1183 per
483 1138 621 1181 synesin
639 1149 679 1171 ex
700 1149 804 1182 prae-

137 1186 274 1220 cedenti
339 1184 568 1241 φιλοσοφίαν
625 1186 805 1238 petendos.

135 1232 308 1268 Neutrum
330 1228 367 1265 iu
389 1231 474 1264 istos
492 1227 804 1273 ἐπεισκεκωμακό-

136 1291 226 1321 τας,
252 1277 371 1323 q'uales
395 1289 500 1322 supra
523 1289 556 1321 p.
575 1277 655 1311 495.
678 1277 719 1310 C.
745 1278 805 1309 de-

136 1324 260 1379 scripti
277 1327 368 1365 sunt,
392 1325 515 1357 cadere
532 1323 680 1364 videtur,
705 1323 807 1368 quip-

135 1381 182 1416 pe
204 1370 262 1416 qui
286 1373 322 1404 et
337 1349 439 1414 villgo
458 1369 596 1415 placere
615 1374 650 1403 et
667 1371 709 1403 ob
729 1370 807 1414 phi-

137 1417 338 1462 losophiam,
363 1427 464 1461 quam
488 1416 705 1470 profitentur,
734 1428 807 1449 ma-

138 1464 197 1509 gni
227 1463 304 1497 fieri
338 1463 488 1507 cupiant.
548 1462 699 1496 Invicem
724 1474 805 1496 vero

137 1512 354 1551 obtrectare,
380 1509 468 1543 alter
491 1508 591 1542 alteri
614 1508 807 1554 philosophi

137 1567 260 1591 nomen
291 1556 507 1590 tribuendum
549 1567 677 1599 negare
700 1581 711 1597 ,
756 1555 807 1588 ita

137 1602 373 1648 philosophiae
405 1601 471 1647 ipsi
518 1613 675 1646 magnam
720 1601 807 1634 invi

137 1649 230 1683 diam
253 1648 405 1682 conflare
426 1647 550 1682 solent.
588 1648 714 1693 Itaque
739 1643 810 1681 αὖ·

139 1698 220 1735 τοῖς
242 1695 377 1750 scripsi.

185 1738 457 1785 ποιουμένους,
473 1740 487 1786 ]
533 1737 807 1783 ποιονμένους;

140 1788 204 1823 Ste
230 1789 262 1822 h.

186 1800 359 1890 πῑρέπον]
394 1830 607 1876 πρέποντας
629 1832 708 1866 Par.
730 1832 808 1866 DK.

139 1878 337 1935 πρέποντα
359 1880 455 1914 Μοη.
465 1880 507 1914 Β.
525 1879 620 1913 Flor.
632 1879 677 1913 U.
701 1879 808 1914 Stall-

139 1926 309 1962 baumius.

187 1970 424 2015 ποιοῦντας]
447 1971 559 2016 Vulgo
580 1971 809 2013 ποιοῦνταςς

140 2018 199 2055 Ita
231 2019 363 2053 scilicet
393 2018 526 2052 initium
562 2018 694 2063 periodi
719 2030 810 2052 com-

140 2070 302 2120 paratum
325 2068 426 2106 erat,
449 2067 489 2097 ut
515 2075 591 2098 cum
615 2065 811 2109 interroga-

142 2112 235 2146 tione
282 2111 519 2145 terminatum
537 2110 581 2144 iri
622 2111 808 2145 videretur.

142 2157 215 2192 Sed
238 2157 438 2191 Adimantus
462 2157 507 2199 ei,
531 2157 623 2202 quod
647 2158 811 2191 Socrates

142 2204 180 2238 in
202 2203 271 2236 fine
295 2203 454 2245 dixerat,
493 2204 681 2237 assentiens
705 2203 811 2237 inter-

143 2250 353 2294 rogationem
386 2249 563 2293 paullatim
594 2249 629 2283 in
660 2250 812 2283 affirma-

143 2296 272 2330 tionem
295 2295 407 2329 abisse
440 2295 560 2337 docet,
594 2297 810 2340 quemadmo-

145 2341 225 2376 dum
255 2341 331 2378 Vol.
353 2341 383 2374 Ι.
415 2353 450 2386 Ρ.
474 2343 555 2375 228.
590 2342 626 2375 in
658 2343 811 2386 negatio·

144 2400 222 2422 nem
254 2398 452 2421 conversam
483 2387 642 2421 vidimus.
698 2390 813 2432 Atque

142 2435 224 2479 ipsa
245 2433 306 2467 illa
329 2430 471 2467 ου’κοῦν
497 2433 561 2468 καὶ
583 2431 676 2469 αὐτὸ
696 2435 811 2468 τοῦτο

145 2479 297 2533 ξυνοίει.
315 2480 366 2514 ita
396 2480 606 2524 pronuntiari
638 2484 812 2525 poterant,

145 2531 186 2560 ut
207 2526 316 2569 magis
341 2525 544 2580 affirmantis
561 2531 687 2567 essent,
711 2538 812 2570 quam

146 2572 355 2613 dubitantis;
380 2575 415 2604 et
433 2568 575 2606 οὐκοῦν
593 2585 613 2606 a
629 2573 813 2608 scholiaste

146 2630 210 2664 per
233 2618 437 2662 τοιγαροῦν
461 2618 662 2663 explicatm.

106 2667 139 2710 G
147 2663 467 2745 ΑΙΞίτραγματείας,
485 2665 498 2709 ]
546 2662 814 2709 πραγματειάς.

195 2754 373 2813 φθόνου]
399 2754 523 2800 φόνου
549 2758 629 2791 Vat.
655 2758 699 2790 H.

197 2803 489 2849 εμπίπλασθαι]
561 2800 817 2848 έμπιπλᾶσθαι

862 996 963 1030 Vind.
974 996 1015 1030 F.
1039 993 1115 1029 Ald.
1141 995 1221 1029 Bas.
1244 996 1299 1029 ab.
1327 991 1534 1039 {antunia-

863 1044 956 1078 σθαι
980 1044 1065 1078 Ven.
1090 1042 1130 1076 B.
1181 1042 1236 1075 Cf.
1262 1042 1336 1077 Vol.
1351 1044 1377 1076 I.
1403 1055 1440 1088 p.
1452 1044 1532 1078 233.

910 1089 986 1133 εἰς]
1015 1088 1050 1122 ει
1071 1088 1173 1122 Vind.
1199 1089 1239 1121 F.

907 1147 1059 1178 τεταγμ
1049 1132 1136 1179 ’να]
1162 1131 1350 1179 τεταγμέν’
1370 1135 1471 1170 Vind.
1488 1135 1532 1170 F.

860 1183 913 1217 An
976 1182 1016 1215 B.

911 1194 1031 1284 ἀπα]
1058 1223 1154 1261 α’ττα
1179 1227 1266 1261 Lob.

908 1271 1053 1330 ταῦτα]
1079 1274 1201 1308 ταῦτα
1226 1274 1327 1308 Vind.
1353 1274 1394 1308 F.

912 1318 1082 1365 ὁρῶντας
1103 1333 1167 1354 και
1189 1318 1428 1366 θεωμένους]
1455 1334 1536 1357 con-

862 1370 1053 1421 temptatur
1077 1367 1148 1400 Fic.

910 1411 1153 1457 ἀδικουμένα]
1183 1410 1431 1457 ἀδικούμενον
1455 1416 1535 1449 Par.

862 1461 937 1494 AK.
963 1461 1048 1493 Lob.
1077 1460 1176 1493 Vind.
1201 1461 1274 1494 BE.
1313 1461 1395 1495 Vat.
1419 1462 1537 1496 BHM.

865 1508 950 1543 Ven.
991 1506 1031 1539 C.
1080 1506 1184 1540 Flor.·
1223 1507 1361 1540 ACTV.
1421 1508 1537 1543 Etiam

863 1553 945 1587 Par.
972 1553 1014 1586 D.
1049 1553 1226 1597 vulgatam
1259 1566 1336 1586 cum
1371 1554 1477 1588 litura
1503 1559 1539 1588 et

866 1600 1005 1634 Ven.B.
1033 1610 1076 1633 ον
1101 1611 1205 1644 super
1228 1600 1344 1633 ultima
1368 1601 1441 1634 eius
1466 1601 1540 1644 syl-

864 1646 945 1680 laba
979 1646 1129 1679 exhibet.
1187 1646 1328 1680 Erroris
1371 1648 1538 1691 originem

865 1693 1077 1726 demonstrat
1126 1692 1264 1726 Bastius
1305 1704 1424 1726 comm.
1464 1695 1536 1739 p'al.

866 1751 1006 1829 Ρκαὶ]
1029 1796 1094 1818 om.
1119 1784 1200 1818 Vat.
1225 1784 1265 1818 B.
1293 1796 1380 1819 am.
1404 1796 1458 1830 pr.

866 1830 1110 1912 Bazstfug·?6ffi0{1t
1129 1831 1411 1911 gosuitghfilgilgffgi
1425 1832 1536 1923 egl?-

867 1924 994 1958 candos
1007 1927 1224 1980 zeugmate
1241 1935 1326 1968 opus
1352 1936 1416 1957 non
1441 1925 1538 1958 vide-

866 1974 943 2004 tur:
970 1968 1039 2005 οὐκ
1059 1968 1156 2003 ε’στιν
1175 1967 1307 2009 αὐτοῖς
1335 1968 1444 2014 σχολὴ
1468 1969 1536 2005 κά·

866 2029 918 2051 τω
945 2014 1113 2063 βλέπειν,
1141 2013 1234 2050 ἀλλα
1254 2018 1451 2060 μιμεῖσθαι
1472 2028 1536 2063 per

866 2075 905 2098 se
931 2065 1024 2097 clara
1047 2066 1138 2097 sunt.

916 2106 1056 2153 ὁμιλεῖ]
1085 2105 1202 2152 ὁμιλει
1225 2108 1327 2143 Vind.
1352 2109 1396 2144 E.

915 2154 1121 2213 ἀγάμενος]
1148 2156 1204 2189 Ita
1221 2155 1309 2189 Lob.
1335 2156 1394 2190 sed
1419 2168 1494 2190 cum
1514 2167 1536 2191 ο

867 2215 972 2247 super
997 2200 1033 2236 α’.
1085 2199 1267 2246 ἀγόμενος
1291 2202 1368 2235 Ald.
1393 2202 1473 2235 Bas.
1501 2214 1533 2236 a.

869 2261 936 2294 quo
968 2249 1165 2294 Stephanus
1199 2260 1235 2294 Ρ.
1259 2250 1316 2283 23.
1352 2245 1538 2292 ἀγάμενος

868 2299 1050 2341 postquam
1081 2295 1185 2328 multo
1225 2295 1337 2339 aptius
1370 2306 1445 2328 esse
1478 2296 1541 2329 do·

870 2342 965 2385 cuit,
992 2367 1013 2383 ,‚
1022 2341 1117 2384 ideo,
1150 2340 1283 2386 inquit,
1308 2341 1418 2375 veteri
1451 2341 1539 2375 libro

870 2388 914 2421 de
949 2400 989 2422 eo
1032 2387 1065 2420 in
1108 2391 1303 2421 contextum
1344 2387 1540 2440 recipiendo

869 2445 942 2468 sum
976 2445 1157 2476 assensus,
1190 2433 1402 2499 praesertim
1435 2444 1541 2478 quum

870 2484 906 2514 et
922 2480 998 2514 Fic.
1012 2483 1212 2524 agnoscatf‘
1240 2481 1313 2523 (cui
1329 2492 1404 2513 cum
1423 2491 1540 2514 amore

870 2528 1141 2561 admirabundus
1160 2526 1359 2582 adhaeret.)
1371 2521 1540 2569 α’γασθαι

868 2578 983 2627 tamen
1006 2570 1227 2616 ποιητικὸν,
1253 2573 1370 2606 saltem
1394 2583 1539 2616 ποιητι-

871 2616 1035 2664 κώτερον
1074 2621 1227 2660 fatetur3
1273 2619 1365 2664 quod
1403 2618 1542 2653 Platoni

871 2676 971 2700 secus
1004 2666 1123 2699 visum.
1173 2664 1228 2698 Cf.
1265 2665 1306 2699 L.
1331 2665 1361 2698 Ι.
1397 2676 1432 2710 Ρ.
1456 2666 1538 2700 329.

871 2712 914 2746 D.
939 2711 986 2745 ΙΙ.
1011 2713 1091 2747 367.
1117 2711 1161 2745 Ε.

872 2755 982 2838 Αἑνὶ]
1008 2771 1073 2793 om.
1098 2757 1199 2792 Vind.
1217 2757 1258 2791 F.
1286 2757 1366 2792 Vat.
1379 2756 1425 2791 H.
1445 2757 1538 2791 Flor.
