1807 3219
423 166 760 210 CIVITAS
804 168 926 211 LIB.
950 170 1007 211 V.
1036 171 1106 209 474

1390 171 1477 211 115

84 278 298 338 ἐρωτικὸν
335 278 534 337 ἁμηγέπη
573 278 788 325 δάκνουσί
815 297 858 325 τε
887 281 961 325 καὶ
996 283 1195 333 κινοῦσι,
1236 282 1475 332 δοκοῦντες

84 349 200 403 ἄξιοι
229 347 344 393 εἶναι
372 348 615 404 ἐπιμελείας
642 365 688 393 τε
716 349 790 394 καὶ
812 353 895 394 τοῦ
912 346 1209 404 ἀσπάζεσθαι.
1239 346 1269 406 ἢ
1287 346 1370 405 οὐχ
1390 346 1472 393 οὕ·-

85 435 146 463 τω
176 423 338 462 ποιεῖτε
366 416 478 473 πρὸς
504 416 611 470 τούς
637 417 819 469 καλούς·
851 415 875 462 ὁ
905 418 1011 474 μὲν,
1051 417 1121 462 ὅτι
1151 417 1294 475 σιμὸς,
1324 417 1473 474 ἐπίχα-

86 504 154 542 ρις
183 486 360 543 κληθεὶς
387 485 720 542 ἐπαινεθήσεται
748 483 825 541 ’ὑφ’
855 485 1006 541 ὑμῶν,
1035 490 1119 530 τοῦ
1146 485 1193 530 δὲ
1221 484 1273 529 τό
1297 484 1473 542 γρυπὸν

86 554 316 612 βασιλικόν
347 571 457 611 φατε
486 552 623 607 εἶναι,
662 554 741 598 τὸν
769 554 816 597 δὲ
847 554 900 610 δὴ
930 552 1003 598 διὰ
1030 553 1168 611 μέσου
1197 552 1370 597 τούτων
1395 554 1471 611 ἐμ-

84 623 327 682 μετρότατα
357 623 485 680 ἔχειν,
535 623 725 680 μέλανας
761 622 807 666 δὲ
837 621 1075 678 ἀνδρικοὺς
1112 623 1241 675 ἰδεῖν,
1284 622 1471 677 λευκοὺς
1497 628 1533 671 Ε

87 693 134 738 δὲ
163 697 283 737 θεῶν
311 691 637 744 παῖδας”εἷναι,·
667 690 961 748 μελιχλώρους
990 691 1036 734 δὲ
1064 691 1140 735 καὶ
1167 690 1366 748 τοῦνομα
1389 692 1474 738 οἴει

83 860 188 896 etiam
210 860 466 903 Aristaenetus,
499 861 558 907 qui
579 861 692 907 Epist.
717 861 745 894 Ι.

85 909 140 943 18.
163 919 198 953 p.
223 909 280 943 86.
303 908 415 943 Boiss.
440 887 529 942 h’unc
560 908 672 942 locum
697 907 749 941 ita

81 954 116 988 in
148 965 246 987 suum
277 966 376 987 usum
408 954 593 989 convertit:
635 953 698 988 καὶ
725 950 745 989 ὁ

80 997 149 1043 μέν
175 1012 230 1040 τις
258 1000 336 1034 τών
358 998 490 1056 νέων,
536 997 596 1035 ὅτι
627 997 746 1042 σιμὸς,

83 1044 250 1091 ἐπίχαρις
269 1044 374 1102 παρὰ
394 1045 454 1080 σοὶ
472 1046 624 1090 κληθεὶς
645 1044 747 1080 ἐπαι-

80 1094 218 1126 νεῖται·
243 1092 312 1126 τοῦ
334 1090 373 1127 δὲ
392 1091 435 1127 τὸ
452 1091 595 1137 γρυπὸν
610 1092 748 1148 βασιλι-

81 1136 151 1172 κὸν
181 1136 293 1194 ε’φης·
327 1137 398 1173 τὸν
432 1139 525 1183 (cod.
554 1139 654 1172 Vind.
681 1136 746 1182 τὸ)

82 1181 123 1219 δὲ
146 1183 209 1218 διὰ
231 1182 346 1228 μέσου
367 1185 435 1228 (ita
450 1185 523 1224 cod.
539 1183 652 1241 μέσον
671 1185 748 1220 edd.

78 1235 158 1264 ante
181 1231 365 1286 Abresch.)
389 1228 536 1265 τούτων
565 1227 660 1287 ἐρεῖς
689 1227 746 1274 ἐμ-

76 1274 289 1332 μετρότατα
325 1277 429 1322 (cod.
461 1281 497 1310 et
527 1277 604 1311 edd.
644 1273 746 1320 ε’μμε-

75 1321 266 1368 τρότητα,
302 1323 392 1369 quod
416 1323 525 1357 Boiss.
550 1335 592 1356 ex
616 1323 748 1356 Pauwii

76 1369 278 1403 coniectura
309 1370 488 1425 correxit.)
538 1367 652 1425 ἔχειν·
684 1367 747 1412 μέ-

74 1417 192 1455 λανας
221 1413 261 1450 δὲ
295 1412 498 1459 ἀνδρικοὺς
530 1413 747 1459 ὀνομαζεις·

73 1459 230 1502 λευκοὺς
251 1459 291 1496 δε
311 1462 417 1496 θεῶν
435 1462 577 1502 παῖδας
600 1461 748 1516 προσεί·

76 1520 202 1552 ρηκας.
225 1505 472 1565 μελιχρώτονς
496 1506 536 1542 δὲ
568 1507 640 1542 οιέι
660 1503 748 1541 τοῦ·

73 1566 173 1611 νομα
201 1554 304 1594 τίνος
329 1551 444 1589 αλλου
473 1555 629 1610 ποίημα
639 1551 746 1597 εἶναι,

72 1596 99 1645 ἢ
119 1600 188 1634 τοῦ
209 1597 361 1641 ἐνόντος
380 1611 439 1635 σοι
462 1599 592 1635 πόθου
606 1611 747 1635 υποκο·

75 1643 269 1702 ριζομένου
292 1657 332 1680 τε
356 1646 419 1681 καὶ
440 1645 623 1702 φέροντος
648 1643 746 1703 εὔχε-

77 1694 153 1747 ρῶς
173 1691 242 1737 τὴν
263 1689 477 1751 m'xoo'tqtoe,
499 1693 533 1727 εἰ
549 1691 677 1747 μόνον
687 1690 747 1726 ἐπὶ

79 1735 162 1786 ὥρᾳ
178 1739 324 1793 προσῇ;
348 1739 411 1773 καὶ
431 1737 485 1774 ἑνὶ
505 1737 600 1797 λόγῳ
622 1749 747 1778 πασας

78 1782 288 1841 προφάσεις
310 1786 521 1841 προφασίζῃ
541 1785 604 1819 καὶ
623 1782 746 1824 πάσας

79 1830 211 1876 φωνὰς
246 1828 471 1886 οἷναφθέγγῃ
488 1858 504 1888 ,
549 1827 644 1865 ώστε
681 1829 744 1865 διὰ

78 1878 338 1933 φιλεραστείας
377 1875 517 1934 μηδέν’
517 1874 746 1932 αποβαλεῖν

78 1924 156 1957 τῶν
179 1920 403 1958 α’νθούντων
429 1921 468 1958 ἐν
490 1919 596 1978 ὥρᾳ,
622 1919 744 1978 ώσπερ

78 1968 170 2009 τοὺς
208 1970 400 2027 φιλοίνους
430 1968 580 2024 ὁρῶμεν
619 1967 747 2003 πάντα

80 2014 185 2050 οἶνον
216 2014 276 2050 ἐπὶ
301 2027 423 2062 πασης
450 2013 673 2062 προφάσεως
702 2013 745 2050 οἷ-

78 2061 343 2107 σπαζομένους.
694 2088 696 2090 -

77 2118 188 2200 ΒΕδὲἀ
222 2118 370 2167 μέσον]
418 2117 598 2165 διαμὲσυυ
643 2119 746 2154 Vind.

131 2218 455 2280 ἐμμετρότατα]
484 2221 743 2268 ἐνμετρώτατα

75 2269 179 2304 Vind
201 2270 244 2303 F.
282 2267 542 2314 ἐμμετρώτατα
565 2271 743 2304 Bekkerus

75 2318 112 2349 et
135 2315 170 2348 in
194 2318 276 2349 tert.
300 2316 428 2351 Astius.
464 2318 521 2352 Cf.
546 2317 589 2350 ad
608 2329 643 2370 p.
661 2316 742 2350 457.

72 2363 115 2395 A.
138 2361 407 2396 Vindobonensis
425 2362 632 2397 auctoritas
622 2374 658 2395 1n
669 2362 742 2396 aliis

72 2407 210 2441 minime
242 2408 435 2453 spernenda
467 2409 504 2443 in
537 2410 602 2442 hoc
628 2421 667 2442 eo
692 2408 741 2441 le-

69 2453 146 2487 vior
175 2457 248 2496 est,
281 2454 371 2499 quod
403 2455 507 2490 etiam
537 2451 742 2500 ὄρθώτατοι

71 2500 199 2545 ubique
223 2500 371 2535 exhibet.

26 2567 61 2609 E
118 2566 389 2624 μελιχλώρους]
432 2570 486 2604 Ita
517 2581 561 2613 γρ
593 2569 673 2603 Par.
698 2569 741 2602 A.

75 2614 129 2694 (ἑο
151 2616 318 2696 ιιίὶᾶῐιςίιιέ,
335 2615 740 2715 seffmffnivgaehfflllg?

76 2673 95 2694 e
135 2672 172 2694 sc
197 2674 280 2696 olas
299 2675 335 2697 es
360 2675 379 2697 a

73 2707 115 2740 B.
143 2707 366 2764 (φιλοτίμων
382 2708 445 2744 καὶ
433 2673 698 2754 'anmlgnj
681 2703 742 2742 ότι

75 2750 213 2809 ελεγεν,
258 2751 318 2790 ὅτι
355 2755 670 2814 τριττυαρχοῦσιν
704 2753 740 2788 οὶ

74 2797 266 2844 φιλότιμοι
288 2800 484 2858 πολλακις,
507 2801 572 2837 καὶ
599 2797 670 2835 οῖ’
653 2812 740 2844 ερω-

75 2845 172 2880 τικοὶ
199 2847 475 2895 συμπάσχοντες
497 2845 742 2894 μελιχλώρους

805 858 960 894 καλοῦσι
986 856 1077 899 τούς
1106 857 1279 905 ω’χρούς.)
1303 859 1471 903 μελίχλω-

805 918 873 951 ρον
898 906 927 939 F
928 906 988 940 lor
1009 906 1054 940 U.
1078 918 1179 951 quem
1197 907 1276 940 licet
1299 907 1472 941 Stanban»

804 953 893 986 mius
925 952 960 986 in
991 952 1212 997 sequentibus
1245 964 1265 986 a
1297 952 1472 996 Stephano

805 998 1002 1043 discrepare
1034 1010 1101 1032 non
1132 998 1317 1040 monuerit,
1359 1002 1472 1031 tamen

802 1044 981 1099 probabile
1014 1048 1069 1078 est
1099 1056 1174 1078 cum
1205 1044 1300 1079 Mon.
1325 1045 1365 1078 B.
1391 1055 1471 1078 conb

804 1091 958 1133 sentire,
1000 1090 1059 1136 qui
1090 1091 1198 1124 verba
1227 1088 1472 1134 μελιχλωρους

804 1155 854 1164 ——-
873 1134 1031 1181 ἐραστοῦ
1055 1137 1091 1170 in
1121 1136 1201 1171 Par.
1227 1137 1303 1170 ΒΚ.
1329 1147 1471 1181 prorsus

805 1183 932 1217 omissa
964 1184 1053 1217 hunc
1081 1183 1116 1216 in
1145 1183 1278 1217 modum
1310 1183 1468 1227 supplet.

804 1227 848 1264 τὸ
887 1227 927 1264 δε
966 1230 1188 1287 μελίχλωρον
1220 1229 1323 1268 τίνος
1354 1227 1468 1264 ἄλλον

802 1271 974 1319 τοῦνομα
1012 1275 1084 1310 οἱει
1120 1272 1216 1309 εἶναι
1240 1271 1264 1319 ἢ
1298 1273 1470 1319 ἐραστοῦ.

803 1323 885 1367 Ipse
917 1323 997 1356 Par.
1031 1323 1070 1355 A.
1115 1327 1151 1355 et
1183 1321 1305 1367 reliqui
1336 1322 1470 1355 codices

804 1373 949 1413 excepto
972 1368 1073 1401 Vind.
1099 1367 1141 1401 D.
1173 1368 1207 1401 in
1240 1379 1308 1413 quo
1341 1370 1469 1412 μελαγ-

804 1413 948 1459 χώλους
981 1414 1130 1458 legitur‚
1170 1425 1245 1447 cum
1278 1414 1352 1447 Ald.
1388 1415 1468 1447 Bas.

779 1462 860 1495 rab.
897 1460 1016 1505 Steph.
1061 1458 1338 1504 μελαγχλώρους
1375 1460 1472 1494 exhi-

804 1508 907 1548 bent,
939 1506 1030 1552 quod
1055 1507 1133 1551 quia
1157 1508 1394 1540 blanditiarum
1418 1506 1472 1540 ni-

803 1553 850 1586 hil
872 1553 906 1586 in
930 1565 967 1586 se
999 1553 1125 1593 habet,
1160 1552 1250 1585 haud
1282 1553 1383 1586 dubie
1417 1551 1471 1585 vi-

803 1599 927 1633 tiosum
951 1598 985 1632 in
1008 1595 1252 1643 μελιχλώρους
1277 1599 1469 1632 mutandum

803 1657 880 1679 esse
909 1644 1038 1690 primus
1073 1646 1194 1678 statuit
1217 1644 1401 1678 Lambinus
1426 1645 1470 1679 ad

1055 1691 1081 1724 I.
1108 1692 1142 1732 3,
1167 1693 1223 1726 38.
1245 1691 1367 1725 deinde
1387 1693 1470 1725 Ste-

1120 1748 1154 1782 p.
1187 1740 1243 1772 21.
1278 1737 1468 1771 litterarum

804 1693 926 1726 Horat.
953 1692 1028 1725 Sat.

802 1739 936 1783 phanus
970 1743 1086 1771 annot.

802 1784 978 1817 vicinitate
1002 1788 1037 1817 et
1060 1783 1238 1817 Theocriti
1261 1783 1334 1817 loco
1357 1789 1468 1817 motus

802 1830 854 1863 Id.
887 1829 930 1864 X.
967 1831 1030 1864 26:
1065 1828 1247 1885 Βομβῦκα
1278 1829 1466 1884 χαρίεσσα,

802 1874 936 1933 Συραν
983 1873 1156 1910 καλέοντί
1201 1888 1245 1909 τυ
1315 1874 1465 1918 πάντες,

802 1919 963 1966 Ἷσχνὰν,
1011 1918 1279 1956 αλιόκαυστον·
1322 1920 1389 1966 ἐγώ
1427 1919 1467 1956 δὲ

801 1967 917 2012 μόνος
959 1968 1192 2012 μελίχλωρον.
1264 1970 1376 2013 Atque
1418 1969 1469 2002 ita

801 2015 919 2049 Astius
951 2015 985 2048 in
1019 2026 1070 2059 pr.
1104 2020 1141 2048 et
1172 2018 1253 2048 tert.
1287 2016 1468 2048 Bekkerus

801 2067 838 2094 et
862 2060 1064 2097 Stallbaumi
1067 2072 1106 2094 us
1131 2061 1350 2104 scripserunt.
1395 2063 1466 2095 An-

801 2112 860 2141 tea
907 2107 1102 2162 Stephanus
1148 2105 1363 2150 μελιχρόους
1409 2107 1464 2140 vel

799 2150 994 2207 μελιχρόου
1042 2153 1267 2193 coniecerat,
1323 2165 1466 2198 quorum

798 2199 895 2245 prius
913 2200 946 2233 in
966 2199 1117 2243 margine
1134 2178 1285 2232 Platonis
1305 2210 1371 2232 una
1389 2210 1465 2234 cum

799 2246 910 2280 altero
943 2250 980 2279 et
1011 2246 1045 2279 in
1082 2246 1243 2279 thesauro
1281 2246 1381 2279 Tom.
1417 2245 1462 2278 ΙΙ.

799 2303 832 2337 p.
860 2293 940 2327 378.
967 2291 1009 2325 D.
1035 2291 1133 2325 simul
1168 2303 1242 2324 cum
1266 2291 1465 2325 Lambinia-

799 2350 842 2372 no
878 2338 1086 2383 propositum
1125 2343 1161 2371 et
1193 2338 1368 2371 Plutarchi
1391 2338 1466 2371 loco

798 2383 983 2429 posteriori
1027 2384 1294 2418 commendatum
1325 2395 1346 2417 a
1382 2384 1464 2417 Ste-

798 2431 910 2474 phano
973 2430 1201 2475 recipiendum
1261 2433 1465 2464 censuerunt

798 2477 991 2510 Boeckhius
1021 2476 1055 2510 in
1087 2476 1171 2510 Min.
1208 2487 1287 2521 pag.
1315 2478 1392 2512 139.
1428 2481 1465 2509 et

798 2524 872 2556 Ast}
875 2535 915 2556 us
938 2523 974 2556 in
998 2534 1065 2556 sec.
1092 2526 1229 2568 praeter
1245 2522 1464 2557 Plutarchum

798 2569 955 2602 Lucretii
1002 2569 1209 2602 auctoritate
1254 2568 1336 2610 usi,
1404 2567 1464 2614 qui

799 2615 838 2648 L.
865 2615 950 2649 IIII.
987 2625 1022 2648 v.
1050 2615 1150 2650 1154.
1182 2614 1326 2649 indicem
1361 2626 1465 2649 voca·

797 2661 952 2695 bulorum
986 2661 1029 2695 ab
1063 2660 1254 2694 amantibus
1289 2661 1333 2695 ad
1364 2666 1462 2695 exte-

796 2708 933 2742 nuanda
964 2713 1152 2741 amatarum
1189 2706 1272 2740 vitia
1295 2707 1463 2741 adhibito-

797 2766 870 2788 rum
902 2753 952 2788 ita
983 2753 1135 2789 orditur:
1184 2754 1304 2799 Nigra
1340 2753 1462 2797 μελί-

796 2812 942 2856 χροος
965 2806 1038 2844 est,
1064 2801 1240 2834 immunda
1263 2806 1299 2834 et
1318 2799 1465 2843 foetida

799 2843 1028 2892 ἄκοσμος.
1069 2845 1165 2885 Idem
1188 2846 1321 2883 censuit
1339 2846 1464 2881 Iacob-

1183 2905 1271 2947 He
