1807 3219
269 172 327 213 86

720 163 1196 208 PLATONIS

270 281 337 333 τίς
364 293 446 324 του
473 277 584 337 τύχῃ
614 277 728 334 ἐρῶν
755 277 786 335 ἢ
815 276 1000 333 ἄρρενος
1026 276 1057 334 ἢ
1084 276 1284 333 θηλείας,
1322 277 1658 333 προθυμότερος

270 345 300 407 ᾖ
328 346 440 404 πρὸς
477 347 527 392 τὸ
566 345 788 402 τάριστεῖα
827 346 990 402 φέρειν.
1049 347 1234 397 Καλῶς.
1270 339 1326 401 ἦν
1350 341 1396 388 1δ’
1434 344 1533 400 ἐγώ.
1591 345 1660 390 ὅτι

272 417 352 474 μὲν
380 414 465 474 γὰρ
495 413 650 475 ἀγαθῷ
680 413 775 458 ὄντι
813 413 948 471 γάμοι
985 430 1030 458 τε
1068 413 1235 469 ἕτοιμοι
1268 414 1466 466 πλείους,
1506 413 1541 472 ἢ
1569 420 1660 467 τοῖς

273 485 445 538 ἄλλοις,
484 483 560 529 καὶ
590 482 773 541 αἱρέσεις
801 488 893 528 τῶν
922 481 1136 528 τοιούτων
1165 481 1373 533 πολλάκις
1397 482 1526 537 παρὰ
1554 483 1662 535 τούς

274 551 437 605 ἄλλους
479 552 677 605 ἔσονται,
728 550 783 596 ἵν’
813 551 882 597 ὅτι
921 555 1116 596 πλεῖστοι
1153 551 1200 595 ἐκ
1236 555 1319 594 τοῦ
1358 550 1568 595 τοιούτου
1597 553 1664 608 γί-

273 638 488 679 γνωνται,
521 622 688 678 εἴρηται
716 619 812 677 ἤδη.
871 623 1074 677 Εἴπομεν
1112 619 1222 675 γὰρ,
1261 620 1358 676 ἔφη.
1414 618 1540 663 Ἀλλοὲ
1577 621 1665 676 μὴν

273 689 350 734 καὶ
377 687 484 734 καθ’
512 687 715 746 Ι’Όμηρον
745 692 837 739 τοῖς
866 691 1060 734 τοιοῖσδε
1090 690 1264 733 δίκαιον
1293 691 1425 746 τιμᾷν
1443 692 1531 731 τῶν
1551 687 1665 732 νέων

209 759 247 802 D
275 758 375 803 ὅσοι
405 756 581 814 ἀγαθοί.
611 757 685 800 καὶ
713 756 796 813 γὰρ
815 756 1012 813 <Ὄμηρος
1041 756 1120 801 τὸν
1151 756 1504 813 εὐδοκιμήσαντα
1535 756 1582 800 ἐν
1605 759 1667 814 τῷ

275 827 450 884 πολέμῳ
487 823 695 870 νώτοισιν
735 826 905 869 Αἴαντα
942 824 1026 881 ἔφη
1065 823 1328 881 διηνεκέεσσι
1370 826 1668 881 γεραίρεσθαι,

277 895 336 947 ὠς
363 893 529 952 ταύτην
568 895 736 939 οἰκείαν
775 888 917 938 οὖσαν
955 892 1084 950 τιμὴν
1123 897 1183 952 τῷ
1219 891 1387 950 ἡβῶντί
1416 909 1460 936 τε
1489 893 1563 936 καὶ
1591 891 1668 936 ἆν-

277 964 430 1020 δρείῳ,
478 963 522 1016 ἐξ
550 956 603 1020 ἧς
633 962 723 1020 ἅμα
751 966 813 1021 τῷ
850 964 1062 1019 τιμᾶσθαι
1091 962 1164 1005 καὶ
1193 961 1275 1017 τήν
1318 960 1446 1016 ἰσχύν
1476 959 1668 1018 αὐξήσει.

271 1031 539 1089 Ὀρθότατα,
572 1031 669 1088 ἔφη.
731 1027 985 1088 Πεισὸμεθα
1018 1029 1129 1086 ἄρα,
1156 1023 1213 1086 ἦν
1243 1027 1292 1073 δ’
1321 1029 1405 1085 ἐγώ
1422 1062 1433 1081 ,
1460 1029 1599 1074 ταῦτά
1621 1045 1670 1087 γε

323 1182 413 1260 ἷζον]
440 1179 577 1216 τούτου
600 1180 738 1217 Par.K.
762 1179 946 1215 secundum

278 1229 327 1262 Be
356 1228 389 1262 k.

324 1270 540 1317 τάριστεῖα]
576 1270 608 1307 τ’
643 1270 811 1316 ἅρίστεια
843 1271 947 1307 Vind.

277 1320 322 1354 F.
358 1316 571 1363 τᾶριστεῖον
595 1319 697 1353 Vind.
724 1319 766 1352 D.
792 1321 880 1361 Aug,
905 1318 947 1351 B.

278 1367 361 1402 vat.
385 1366 430 1400 H.
457 1362 645 1410 ἀριστεῖον
671 1364 771 1399 Vind.
786 1365 829 1398 Ε.
848 1364 948 1398 Flor.

279 1412 388 1447 ACT.
419 1408 462 1445 τὸ
489 1408 678 1466 οἷριστεῖον
704 1411 790 1446 Ven.
813 1412 853 1444 Β.

323 1457 402 1492 τῶν
423 1457 620 1503 τοιουτων]
646 1457 700 1491 Ita
722 1457 808 1493 Ven.
823 1457 864 1490 Β.
886 1454 947 1490 sed

279 1503 522 1549 superscriptis
543 1514 587 1537 ου
613 1514 668 1537 ου.

327 1547 365 1585 ἐκ
384 1549 451 1583 τοῦ
473 1546 672 1593 τοιούτου]
700 1560 739 1582 ex
763 1548 816 1583 his
839 1546 916 1582 Fic.

323 1595 541 1654 γίγνωνται]
569 1595 760 1639 γίγνονται
782 1593 883 1630 Vind.
904 1593 948 1626 Ε.

328 1638 424 1675 Amo}
448 1638 581 1685 μήν-
599 1638 763 1685 αὐξήσει.
788 1640 847 1684 Ι).]
874 1640 951 1673 lau-

281 1687 343 1722 dat
375 1688 609 1732 Hermogenes
642 1689 685 1720 de
718 1686 805 1721 ideis
840 1686 878 1719 L.
904 1685 951 1721 ΙΙ.

282 1745 317 1779 p.
343 1734 423 1769 406.
457 1733 509 1766 ed.
535 1733 639 1767 Laur.
673 1733 764 1768 inter
797 1732 952 1777 exempla

281 1779 524 1824 παραπλοκὴς
541 1779 618 1814 τῶν
641 1776 874 1822 ποιημάτων.

321 1822 513 1871 “Όμηρον]
553 1825 602 1859 Ad
634 1826 698 1859 hoc
733 1825 825 1859 Mon.
851 1824 894 1858 B.
917 1823 954 1858 in

283 1872 448 1906 inferiore
471 1872 624 1916 margine
646 1883 666 1905 a
690 1882 733 1905 m.
747 1882 798 1915 pr.
821 1870 955 1915 scripta

284 1918 390 1952 habet
412 1918 509 1959 haec,
534 1929 623 1962 quae
647 1917 710 1958 ita,
734 1922 774 1950 ut
797 1916 846 1951 ibi
872 1927 954 1949 exa-

285 1967 364 1998 rata
395 1967 496 2019 sunt‘2
530 1963 673 1997 subieci.
705 1961 770 1996 καὶ
797 1962 874 1996 ποῦ
906 1957 954 1995 ἂν

287 2005 452 2053 εὕρωμεν
477 2005 643 2053 ὅμηρον,
667 2008 870 2052 προπωλοῦ
893 2019 954 2051 qn·

285 2054 384 2101 γάδα
412 2051 506 2090 ὄντα
525 2082 536 2099 ,
577 2051 601 2098 ἣ
628 2054 710 2094 πῶς
744 2051 955 2097 πεισόμεθα

285 2099 354 2137 τὸν
386 2097 509 2144 ἄνδρα
544 2098 594 2145 μὴ
633 2098 805 2139 οἱδόταις
841 2097 956 2144 μήται

285 2147 408 2182 ταῦτα
429 2144 515 2192 μήτ’
542 2144 637 2181 ἄλλα
662 2144 868 2191 ταρνθξντα
885 2156 955 2179 πα-

287 2194 473 2239 ρεκείνου·
499 2193 639 2236 μᾶλλον
662 2191 731 2237 μὲν
752 2192 823 2227 οὐν
843 2189 956 2226 σόλω·

290 2252 340 2275 να
361 2240 508 2282 εἴδομεν
538 2236 656 2285 χάρην
671 2265 682 2282 ,
704 2234 730 2283 ἢ
747 2236 786 2273 σὲ
809 2235 879 2273 τόν
896 2250 958 2282 φι-

290 2283 548 2331 γαδεύσανταε

336 2334 417 2372 τοῖς
437 2330 627 2376 τοιοῖσδε]
653 2327 743 2370 τούς
763 2328 960 2369 τοιούτους

290 2378 454 2422 Hermog.
492 2378 659 2412 eiusmodi
678 2377 853 2421 (iuvenes)
882 2376 960 2411 Fic.

290 2425 440 2459 Dativus
466 2427 520 2458 est
544 2424 698 2458 neutrius
722 2423 859 2468 generis
878 2433 961 2468 pen-

291 2471 377 2504 dens
399 2469 459 2504 ille
483 2481 503 2503 a
525 2469 639 2517 τιμᾷν
672 2474 709 2503 et
742 2470 785 2503 ad
816 2480 962 2514 sequen-

293 2517 345 2550 tia
368 2516 588 2558 referendus,
612 2515 703 2561 quod
727 2515 893 2550 fefellisse
908 2514 963 2548 vi-

293 2563 394 2597 detur
428 2561 686 2606 Bernhardyum
719 2565 811 2605 synt.
845 2573 880 2606 p.
904 2561 962 2596 94.

294 2620 360 2642 non
384 2607 508 2642 fefellit
532 2608 894 2642 Schleiermacherum.

343 2649 426 2689 ὅσοι
447 2650 613 2699 ἀγαθοί]
641 2666 705 2688 om.
727 2653 806 2688 Fic.

235 2713 274 2754 D
345 2699 510 2744 Αἴαντα]
538 2713 604 2734 om.
628 2700 722 2734 Mon.
747 2701 788 2733 B.
813 2699 909 2734 Flor.
920 2700 966 2735 U.

1003 1179 1156 1223 mogenis
1180 1177 1232 1212 ed.
1248 1177 1354 1212 Laur.
1373 1178 1431 1212 sed
1449 1179 1557 1213 codex
1576 1179 1671 1214 Reh—

1004 1225 1188 1270 digeranus
1211 1230 1291 1270 post
1314 1221 1501 1261 νώτοισιν.

1051 1269 1136 1316 ἔφη]
1174 1283 1238 1305 om.
1269 1270 1370 1305 Vind.
1396 1271 1438 1305 D.
1462 1272 1578 1307 Locus
1598 1271 1672 1306 Ho-

1003 1318 1088 1353 meri
1113 1320 1167 1351 est
1190 1317 1231 1351 Il.
1256 1316 1336 1351 VII.
1359 1319 1438 1352 321.

1053 1361 1301 1408 διηνεκέεσσι]
1353 1361 1555 1407 διηνεκέεσι
1588 1363 1673 1398 Lob.

1004 1410 1107 1447 Vind.
1132 1409 1176 1444 Ε.
1201 1409 1297 1442 Flor.
1321 1410 1426 1444 ACV.
1452 1410 1501 1443 Et
1523 1410 1560 1444 in
1581 1410 1675 1444 Mon.

1003 1458 1046 1491 B.
1072 1455 1168 1502 prius
1202 1464 1223 1489 6
1247 1455 1307 1489 int.
1331 1467 1421 1489 vers.
1448 1459 1512 1489 est.
1555 1456 1675 1500 διηνε-

1004 1501 1083 1537 κέσι
1117 1502 1198 1537 vat.
1220 1501 1261 1534 Β.
1297 1499 1502 1545 διηνεκέσσι
1527 1503 1612 1539 Ven.
1636 1504 1678 1538 Β.

1005 1550 1087 1584 vat.
1110 1548 1155 1582 H.
1191 1547 1289 1582 Flor.
1314 1548 1359 1582 T.
1422 1548 1534 1583 Animi
1559 1560 1680 1583 caussa

1005 1593 1229 1638 Francogalli
1259 1593 1313 1628 La
1347 1594 1532 1629 Pilloniere
1570 1596 1679 1630 inter-

1007 1641 1233 1687 pretationem
1269 1640 1369 1673 huius
1404 1641 1472 1675 loci
1508 1653 1681 1686 apponere

1008 1687 1156 1733 placuit:
1169 1687 1262 1721 Αἰατ
1274 1687 1379 1730 porte'
1393 1698 1451 1720 sur
1472 1689 1520 1722 les
1540 1690 1680 1732 e'paules

1009 1736 1052 1768 de
1071 1745 1123 1768 ses
1141 1734 1346 1766 camarades
1367 1745 1408 1766 en
1429 1735 1610 1779 triumphe.

1055 1776 1221 1824 ταύτην]
1255 1776 1437 1824 τοιαύτην
1471 1780 1681 1825 Hermogen.

1009 1825 1085 1860 cod.
1110 1825 1220 1859 Rehd.

1057 1869 1221 1917 οἰκείαν]
1250 1882 1316 1905 om.
1340 1871 1443 1907 Vind.
1468 1872 1511 1907 B.
1535 1872 1617 1908 Vat.
1631 1872 1681 1908 M.

1010 1922 1091 1965 post
1115 1917 1235 1950 ου’σοιν
1260 1918 1426 1962 Hermog.

1057 1960 1221 2009 ῆβῷντί]
1248 1959 1310 2009 η’β.
1337 1963 1439 2000 Vind.
1462 1964 1507 1999 F.

1057 2008 1095 2051 ἐξ
1110 2009 1176 2053 ῆς]
1205 2008 1289 2053 ἑξῆς
1313 2009 1414 2046 idem.

1059 2053 1301 2099 Ὀρθότατα]
1330 2053 1536 2099 όρθτότατα
1559 2056 1658 2092 idem.

1058 2098 1142 2145 ἔφη.
1174 2100 1415 2148 Πεισόμεθα]
1453 2101 1525 2148 ἔφη
1556 2101 1682 2138 πεισό-

1012 2149 1114 2192 μεθα
1135 2147 1236 2194 VinsJ.
1256 2149 1298 2182 B.

1062 2190 1158 2237 ἄρα]
1196 2194 1272 2239 ἄρα
1296 2193 1384 2230 Lob.
1418 2193 1521 2230 Vind.
1545 2195 1587 2230 B.
1622 2191 1683 2240 ἄρ’

1015 2240 1117 2276 Vind.
1137 2239 1181 2272 E.
1464 2266 1468 2270 .

1061 2283 1198 2330 ταῦτα]
1223 2283 1342 2320 ταντοὶ
1365 2287 1485 2331 Steph.
1511 2298 1610 2332 quem
1629 2298 1685 2321 er-

1015 2343 1128 2366 rorem
1162 2343 1206 2365 ex
1240 2332 1327 2367 male
1359 2333 1534 2367 intellecto
1576 2335 1684 2368 verbo

1015 2375 1225 2422 πεισόμεθα
1256 2380 1446 2426 profectum
1487 2379 1605 2415 Astius
1648 2380 1686 2418 iu

1017 2436 1088 2459 sec.
1111 2425 1274 2460 correxit.

1064 2467 1153 2510 τούς
1174 2467 1371 2528 ἀγαθούς]
1397 2484 1462 2506 om.
1488 2471 1591 2507 Vind.
1616 2473 1663 2508 E.

1064 2515 1255 2563 καθόσον]
1282 2520 1361 2552 καθ
1393 2515 1485 2553 ὅσον
1505 2519 1598 2554 Mon.
1618 2519 1662 2554 B.

1065 2563 1136 2597 νῦν
1169 2562 1237 2609 δή]
1266 2561 1311 2608 δὴ
1332 2564 1407 2598 ’νῦν
1436 2565 1520 2606 Lob.
1546 2566 1627 2600 Vat.
1642 2566 1687 2601 B.

1017 2608 1117 2644 Flor.
1136 2611 1182 2645 T.
1204 2611 1245 2644 In
1264 2610 1367 2646 Vind.
1385 2611 1430 2646 Ε.
1453 2607 1500 2656 δή
1520 2611 1582 2647 int.
1597 2624 1687 2647 vers.

1022 2658 1088 2690 est.
1137 2656 1193 2690 Cf.
1218 2657 1295 2692 Vol.
1313 2657 1341 2691 Ι.
1366 2669 1387 2702 p
1422 2659 1503 2693 318.

1068 2700 1280 2748 τιμήσομεν]
1307 2701 1514 2748 τιμήσωμεν
1531 2704 1632 2753 Vind.
1644 2704 1689 2738 Ε.

299 2745 380 2781 Par.
404 2745 480 2780 DK.
516 2751 596 2780 ante
631 2744 805 2781 νώτοισιν
829 2746 968 2780 exhibet
1023 2751 1060 2782 et
1084 2752 1164 2783 ante
1187 2761 1276 2784 corr.
1299 2749 1344 2784 F.

298 2791 396 2825 Flor.
421 2791 466 2825 T.
491 2795 569 2836 post
594 2789 665 2837 ἔφη
684 2792 771 2826 Lob.
797 2791 899 2827 Vind.
924 2793 964 2826 B.

299 2839 380 2873 Vae.
405 2837 483 2871 ΒΜ.
508 2841 586 2883 post
614 2837 855 2882 γεραίρεσθαι
877 2838 968 2872 Her-

1027 2790 1210 2875 16ἔρραιε]
1237 2792 1349 2840 ἕδρας
1367 2795 1442 2832 Ald.
1466 2796 1510 2833 V.
1529 2795 1568 2831 Il.
1589 2796 1687 2833 VIII.
