1807 3219
451 148 788 192 CIVITAS
829 145 1069 188 LIB.VII.
1100 149 1165 184 531
1240 202 1242 204 Ι
1418 153 1503 192 313

117 261 207 303 θοῦ
239 260 432 317 ζήτησιν,
467 259 609 312 ἄλλως
639 260 685 304 δὲ
709 257 1089 316 μεταδιωκόμενον
1110 255 1340 339 ἄχρηστον.
1369 261 1507 312 Εἰκός

119 325 172 384 γ’,
203 328 302 385 ε’φη.
339 327 471 384 Οἶμαι
499 328 544 372 δέ
572 326 625 385 γ’,
655 322 711 384 ἦν
742 325 787 371 δ’
823 325 930 382 ἐγώ,
962 327 1036 370 καὶ
1064 324 1092 383 ἦ
1112 326 1284 371 τούτων
1312 331 1507 382 πάντων,

122 412 184 440 ων
212 397 552 454 διεληλύθαμεν,
603 395 795 452 μέθοδος
836 395 914 439 ἐὰν
954 395 1032 450 μὲν
1070 394 1139 438 ἐπὶ
1179 394 1260 452 τήν
1304 395 1506 453 ἀλλήλων
1531 401 1571 441 D

122 466 361 508 κοινωνίαν
410 462 622 520 ἀφίκηται
669 465 743 509 καὶ
787 463 1038 519 ξυγγένειαν
1058 496 1070 516 ,
1121 464 1195 507 καὶ
1245 465 1514 523 ξυλλογισθῃ

122 536 263 576 ταῦτα
291 527 322 591 ᾑ
349 533 467 577 ἐστὶν
496 531 701 590 ἀλλήλοις
733 533 870 575 οἰκεῖα
895 563 904 581 ,
945 533 1096 588 φέρειν
1134 550 1176 575 τι
1214 531 1363 576 αὐτων
1394 535 1453 584 εἰς
1486 533 1516 577 ἃ

125 601 379 659 βουλόμεθα
400 600 481 658 τήν
497 603 820 658 πραγματείαν,
851 601 923 644 καὶ
942 599 1024 644 οὐκ
1049 599 1242 657 ἀνόνητα
1263 607 1516 655 πονεῖσθαι,

126 671 163 713 εἰ
192 670 239 714 δὲ
268 669 351 726 μή,
391 669 600 727 ἀνόνητα.

662 671 748 714 Καὶ
779 670 883 726 ἐγω,
926 670 1032 725 ἔφη,
1070 668 1186 713 οὕτω
1217 668 1516 727 μαντεύομαι·

127 736 235 785 ἄλλα
264 738 475 808 παμπολυ
506 739 639 795 ε’ργον
668 740 826 796 λέγεις,
860 741 893 783 ὠ
923 737 1171 792 Σώκρατες.

1237 742 1329 782 Τοῦ
1359 756 1517 794 προοι-

126 809 255 862 μίου,
286 810 343 864 ἠν
366 808 410 853 δ’
431 809 540 866 ἐγώ,
572 809 601 866 ἢ
621 811 740 860 τίνος
757 808 914 864 λέγειςς
943 807 972 864 ἢ
989 824 1073 850 ουκ
1102 809 1251 863 ἴσμεν,
1284 808 1350 852 ὅτι
1373 810 1519 854 πάντα

126 879 267 920 ταῦτα
295 878 509 935 προοίμιά
539 879 657 923 ἐστιν
687 877 825 922 αὐτοῦ
855 879 935 920 τοῦ
959 875 1124 931 νόμου,
1156 875 1208 920 ὃν
1238 878 1307 921 δεῖ
1331 883 1518 934 μαθεῖνς

128 1024 202 1060 BC.
227 1026 328 1061 vind.
352 1027 428 1062 BF.
452 1027 532 1063 vat.
556 1028 598 1062 Β.
625 1034 662 1062 et
695 1039 716 1062 a
748 1039 792 1061 m.

128 1083 158 1108 5.
182 1072 226 1106 Η.
266 1074 353 1109 Ven.
376 1074 449 1108 Bc.
499 1075 582 1118 Ang.
615 1076 656 1109 B.
695 1075 793 1109 Flor.

128 1119 304 1155 ARTUV.
330 1120 508 1165 εἰρῆσθαι
525 1122 654 1155 Euseb.
688 1119 794 1165 αἱρή-

129 1165 264 1198 σεσθαι
288 1166 389 1201 vind.
406 1167 449 1200 Ε.
474 1167 566 1201 Flor.
581 1168 622 1201 C.
649 1171 695 1207 et,
719 1180 794 1212 sup

129 1207 168 1253 ἐ,
191 1210 278 1245 Lob.
310 1212 405 1246 Idem
428 1214 463 1246 in
487 1214 586 1246 editis
608 1219 688 1247 ante
708 1214 797 1247 Astii

130 1268 200 1291 sec.
224 1260 350 1301 exstat,
372 1259 567 1293 tacentibus
587 1259 629 1293 de
652 1260 731 1295 Par.
748 1260 793 1293 K.

129 1303 335 1348 Bipontinis.
349 1305 484 1358 Neque
500 1306 694 1348 Bekkems,
715 1306 797 1351 quid

129 1349 164 1383 ἰιι
189 1361 229 1383 eo
258 1355 318 1384 aut
348 1350 383 1384 in
408 1351 489 1387 Par.
512 1352 554 1386 D.
581 1354 617 1386 et
640 1354 721 1389 Vat.
746 1352 795 1386 M.

132 1395 274 1441 legerit,
301 1397 459 1431 ostendit.

87 1441 120 1484 G
177 1443 262 1482 ταῖς
297 1443 561 1490 συμφωνίαις]
612 1446 698 1485 ταῖς
733 1456 800 1481 om.

132 1487 227 1523 Mon.
248 1489 288 1523 B.

132 1532 453 1616 Ειῗῖοβλοήματα]

181 1624 355 1672 ἀνίασιν]
383 1625 534 1662 ἀνιᾶσιν
556 1629 637 1665 Par.
660 1630 706 1664 K.
730 1641 800 1665 sec.

134 1674 244 1708 Bekk.
269 1675 369 1708 Vind.
384 1674 424 1708 B.
450 1674 578 1709 Euseb.

183 1718 246 1753 διὰ
277 1720 338 1765 τί]
375 1719 474 1755 &aaz
506 1721 593 1756 Lob.
626 1721 728 1757 vind.
752 1722 797 1756 Ε.

136 1765 210 1800 Ald.
235 1767 314 1800 Bas.
340 1777 372 1801 a.
408 1767 510 1802 διατί
532 1768 625 1802 Μοιι.
648 1768 691 1804 Β.
725 1769 800 1802 Eu-

135 1813 209 1846 seb.
233 1812 314 1847 Bas.
339 1813 373 1847 b.

183 1856 278 1904 γὰρ]
304 1871 370 1893 om.
392 1859 489 1895 Flor.
514 1860 560 1894 Τ.
606 1860 705 1894 Theo
729 1861 801 1894 Sm.

137 1916 172 1950 p.
200 1908 260 1940 10:
287 1904 324 1939 οἱ
339 1903 379 1939 δὲ
399 1902 542 1950 ἀγαθοὶ
561 1902 804 1951 ἀριθμητικοὶ

138 1951 314 2006 ζητοῦσιν
349 1949 668 2008 ἐπισκοποῦντες,
707 1953 806 1992 τίνες

138 1995 336 2056 σύμφωνρι
365 1995 522 2042 αριθμοὶ
542 1979 720 2043 ἀριθμοῖς
741 1999 805 2034 καὶ

138 2043 236 2084 τίνες
266 2040 326 2078 οὔ.
373 2044 436 2079 καὶ
470 2045 585 2079 τοῦτο
626 2044 805 2103 χρήσιμον

139 2088 236 2134 πρὸς
254 2089 324 2135 τὴν
342 2091 412 2125 τοῦ
435 2088 587 2135 ἀγαθοῦ
602 2092 665 2126 καὶ
688 2093 806 2127 καλοῦ

141 2136 229 2178 (τοῦ
253 2138 370 2172 καλοῦ
397 2138 471 2172 cod.
496 2138 608 2182 Scal.)
622 2136 805 2196 ζήτησιν,

141 2180 261 2222 ἄλλως
279 2182 319 2217 δὲ
350 2179 546 2229 ἄχρηστον.
569 2183 634 2219 καὶ
660 2197 805 2219 τουτων

139 2228 293 2265 πάντων
328 2230 405 2287 (id
412 2231 571 2264 omittunt
599 2232 664 2265 duo
697 2232 805 2276 Reg.)

140 2273 165 2322 ἡ
191 2272 397 2332 μέθοδος
382 2272 430 2310 οὶν
455 2274 521 2320 μὲν
548 2275 607 2311 ἐπὶ
625 2277 700 2310 τῶν
726 2279 806 2322 (im-

139 2335 193 2358 mo
217 2320 306 2367 τὴν)
332 2319 500 2366 ἀλλήλων
523 2320 726 2381 ἅφίκηται
730 2337 807 2358 κοι-

140 2368 279 2404 νωνίαν
305 2368 368 2402 καὶ
390 2369 630 2415 ξυλλογισθῇ,
662 2364 689 2415 ᾗ
710 2367 808 2405 ἐστὶν

143 2412 314 2470 ἀλλήλοις
335 2414 477 2457 οἰκεῖα,
504 2417 554 2458 (v.
578 2416 715 2460 οἰκεία)
742 2415 808 2474 φέ-

143 2473 199 2507 ρει
237 2457 365 2495 αυτῶν
399 2460 529 2518 (αὐτῷ
559 2463 646 2507 Reg.
682 2464 750 2508 C.)
783 2461 806 2508 ἦ

144 2507 379 2552 πραγματεία
396 2507 553 2553 καρπόν.
574 2509 611 2543 οἱ
627 2507 667 2543 δὲ
688 2510 810 2544 ταῦτα

146 2553 265 2588 δεινοὶ
298 2552 624 2590 &azzanum-011²
639 2554 727 2613 γὰρ
758 2555 806 2600 μὴ

148 2598 336 2636 δύνωνται
354 2601 491 2655 λαβεῖν
522 2614 561 2636 τε
587 2600 651 2636 καὶ
674 2599 812 2637 ἀποδέ-

148 2647 289 2689 ξασθαι
321 2644 454 2703 λόγον·
474 2645 561 2705 οὐχ
593 2645 680 2683 οἷόν
706 2661 745 2682 τε
771 2647 812 2684 δὲ

148 2694 263 2728 τοῦτο
303 2691 352 2736 μὴ
381 2690 428 2727 δι’
467 2691 615 2729 ἐκείνων
650 2692 814 2730 ἐλθόντα

149 2740 226 2773 τῶν
244 2737 500 2796 μαθηματων·
533 2739 626 2781 ὁδὸς
644 2739 717 2799 γάρ
740 2739 815 2776 ἐστι

152 2783 198 2820 δι’
225 2782 352 2820 αὐτῶν
382 2783 441 2820 ἐπὶ
473 2785 544 2843 τὴν
581 2788 657 2822 τῶν
694 2785 815 2823 ὄντων

151 2829 252 2866 θέαν
273 2829 314 2866 ἐν
331 2832 383 2878 τῷ
402 2831 648 2879 διαλέγεσθαι.
674 2846 816 2881 quorum

525 1534 802 1583 προβλημάτων

849 1025 969 1071 priora
999 1037 1119 1070 pamm
1153 1030 1315 1061 accurate
1343 1032 1522 1074 excerpta,

850 1072 1046 1117 posteriora
1059 1085 1080 1107 v
1083 1085 1141 1106 ero
1154 1073 1305 1108 PlatonIs
1327 1075 1520 1110 sententiae

851 1118 1023 1152 contrania
1047 1131 1124 1152 esse
1147 1125 1303 1176 apparet.

899 1160 1017 1203 ἄλλως
1048 1162 1111 1210 δε]
1162 1166 1229 1200 Ριο
1265 1163 1305 1200 δὲ
1338 1167 1438 1203 Vind.
1474 1168 1519 1203 F.

852 1211 946 1245 Flox.
971 1211 1014 1245 R.
1039 1223 1097 1255 τε,
1118 1213 1205 1256 Ang.
1229 1213 1272 1246 Β.
1298 1226 1336 1246 τι
1358 1215 1474 1249 habet.

898 1254 952 1302 γ’]
993 1269 1032 1301 γε
1065 1259 1167 1293 vind.
1173 1239 1236 1295 ὨΒ.
1274 1259 1368 1297 Μοιι.
1406 1261 1447 1295 C.
1490 1258 1523 1296 δ’

853 1303 933 1337 Par.
959 1303 1001 1337 K.
1028 1315 1095 1338 sec.
1122 1305 1231 1340 Bekk.

857 1347 955 1430 Cy']
987 1361 1026 1395 γε
1051 1351 1137 1385 Lob.
1163 1351 1262 1389 Vind.
1286 1353 1394 1388 BEF.
1428 1354 1524 1389 Mon.

891 1421 1111 1487 .οἷφίκηται]
1139 1439 1319 1489 οἷφίληται
1342 1446 1419 1480 Ald.

904 1489 1149 1535 ξυλλογισθῇ]
1194 1491 1314 1535 ξυλογ.
1348 1493 1449 1528 Vind.
1483 1494 1528 1531 F.

857 1536 956 1570 συλλ.
980 1535 1079 1571 Flor.
1103 1538 1146 1571 T.
1183 1538 1303 1583 Steph.
1335 1540 1530 1577 tacentibus

856 1582 955 1673 Βητξ]
993 1623 1017 1671 ἣ
1042 1628 1141 1663 vind.
1168 1629 1212 1665 Ε.
1247 1628 1291 1665 οἶ
1308 1632 1403 1668 Μοιι.
1430 1633 1471 1668 C.
1501 1629 1529 1668 ἅ

858 1674 952 1708 Μοιι.
977 1674 1019 1707 Β.
1043 1674 1136 1709 Flor.
1161 1676 1206 1712 U.

858 1767 897 1801 V
890 1721 1182 1822 πῖαγΕματειαν]
1222 1724 1528 1768 πραγματατείαν

888 1779 921 1801 ιιι

908 1810 978 1847 οὐκ
1002 1810 1185 1859 α’νόνητα]
1214 1812 1343 1850 ου’καν.
1369 1817 1529 1853 Vind.F.
1579 1810 1581 1813 V

904 1861 1127 1905 πονεῖσθαι]
1152 1863 1332 1897 ποεῖσθαι
1354 1864 1435 1898 Bas.
1458 1865 1493 1899 b.

905 1906 1005 1951 Καὶ]
1033 1920 1097 1941 om.
1122 1909 1208 1953 Ang.
1235 1910 1277 1943 B.

905 1953 1120 2009 προοιμίου]
1146 1956 1341 1990 Alcinous
1329 1967 1417 2010 lsag.
1442 1968 1471 1990 c.
1486 1958 1528 1991 7:

862 1995 937 2032 ε’στι
961 1997 1039 2055 γὰρ
1048 1996 1071 2044 ἡ
1099 2001 1175 2035 τῶν
1193 1999 1430 2045 μαθημάτων
1451 1999 1528 2036 ἐπί-

863 2052 991 2101 σκεψις
1011 2059 1062 2086 ως
1090 2043 1137 2082 ὂὶν
1159 2046 1360 2093 προοίμιόν
1378 2061 1414 2083 τι
1431 2047 1530 2094 πρὸς

863 2089 933 2146 τὴν
951 2105 1027 2126 των
1047 2089 1166 2128 ὄντων
1187 2094 1366 2138 θεωρίαν.
1568 2102 1571 2103 ’

908 2134 933 2183 ἢ
956 2139 1081 2194 τίνος]
1105 2137 1129 2185 ἤ
1151 2153 1252 2180 τινος
1276 2142 1356 2175 Bas.
1382 2142 1415 2175 b.

909 2183 1061 2231 πάντα]
1094 2200 1157 2221 om.
1192 2188 1280 2222 Lob.
1319 2188 1411 2223 vat.
1446 2187 1528 2222 ΒΜ.

861 2233 941 2268 Par.
966 2232 1011 2267 K.

908 2276 1112 2336 προοίμια]
1137 2277 1346 2324 προοίμοιοὶ
1368 2280 1462 2314 Μοιι.
1488 2281 1528 2314 Β.

910 2322 1029 2380 ἐστιν]
1057 2336 1133 2359 εστι
1155 2327 1230 2360 Ald.
1256 2327 1337 2360 Bas.
1364 2327 1418 2360 ab.

912 2367 977 2416 ὃν]
1010 2371 1125 2406 Astius
1156 2372 1190 2407 in
1224 2376 1303 2406 tert.
1328 2365 1353 2417 ᾑ
1378 2373 1531 2407 scriben-

865 2418 945 2452 dum
968 2419 1184 2461 suspicatur,
1209 2422 1304 2452 reete
1329 2418 1532 2454 dissentien-

864 2465 956 2499 tibus
981 2464 1294 2499 Schleiermachero
1325 2468 1361 2499 et
1394 2465 1429 2499 in
1462 2478 1499 2500 sc
1494 2478 1532 2499 (7.
1551 2494 1556 2501 .

866 2511 1104 2545 Stallbaumio.
1138 2512 1194 2547 Cf.
1216 2512 1307 2545 Tim.
1331 2523 1366 2556 p.
1389 2514 1446 2547 29.
1473 2513 1533 2546 D:

867 2555 911 2592 τὸ
929 2569 995 2600 μεν
1017 2556 1085 2591 ούν
1095 2559 1293 2602 προοίμιον
1309 2558 1538 2615 θαυμασίως

869 2601 1135 2658 ἀπεδεξάμεθα
1168 2614 1265 2647 σου,
1301 2602 1370 2639 τὸν
1403 2604 1443 2639 δὲ
1484 2603 1534 2649 δὴ

868 2647 988 2704 νόμον
1003 2647 1093 2694 ἡμῖν
1111 2648 1246 2695 ἐφεξῆς
1263 2647 1428 2695 πέραινε.
1476 2651 1536 2686 lta

870 2696 957 2730 enim
982 2697 1165 2731 secundum
1188 2698 1324 2731 codices
1344 2698 1538 2742 legendum,

870 2754 937 2776 non
959 2739 1082 2787 λόγον,
1111 2744 1201 2788 quod
1225 2744 1472 2778 Stallbaumius
1491 2754 1537 2778 ex

871 2788 1073 2834 quibusdam
1119 2801 1182 2834 pro
1227 2788 1346 2834 νόμον
1390 2790 1536 2842 recepit:

870 2835 1013 2870 Accedit
1055 2835 1170 2871 Procli
1213 2836 1401 2872 auctoritas
1418 2863 1430 2880 ‚
1475 2835 1537 2883 qui
