1807 3219
262 127 319 167 88

262 234 431 292 σόμεθα
470 234 552 291 μὲν
589 229 684 280 οὖν.

709 120 1188 165 PLATONIS

751 233 1094 292 Δι-απυθόμενοι
1130 231 1217 288 ἄρα
1256 236 1339 279 τοῦ
1375 238 1512 290 θεοῦ,
1557 241 1651 290 πῶς

262 302 344 360 χρή
374 303 480 354 τούς
510 304 770 360 δαιμονίους
797 319 842 347 τε
872 303 946 346 καὶ
974 304 1127 353 θείους
1155 301 1326 346 τιθέναι
1355 304 1429 348 καὶ
1448 306 1534 348 τίνι
1557 308 1651 350 δια-

267 369 408 429 φόρῳ,
440 370 556 415 οὕτω
580 372 655 415 καὶ
674 371 810 429 ταύτῃ
833 364 1052 427 θήσομεν,
1083 388 1110 428 ῃ
1131 369 1187 413 ἂν
1208 371 1430 427 ἐξηγῆταις
1466 375 1517 417 Τί
1540 373 1576 418 δ’
1597 374 1652 419 ου’

267 439 501 495 μέλλομεν·
489 471 501 491 ,

561 440 650 483 Καὶ
689 441 767 484 τὸν
806 436 964 483 λοιπόν
1011 437 1064 495 δή
1111 438 1274 495 χρόνον
1314 439 1374 492 ὥς
1414 440 1654 497 δαιμόνων,

204 515 240 557 Β
269 507 384 552 οὕτω
424 507 753 564 θεραπεύσομέν
793 523 838 552 τε
875 507 948 551 καὶ
989 508 1360 565 προσκυνήσομεν
1400 507 1550 553 αὐτῶν
1579 509 1656 562 τὰς

262 575 429 633 θήκαςς
457 573 594 619 ταῦτα
625 576 671 620 δὲ
699 580 838 620 ταῦτα
868 579 1132 632 νομιοῦμεν,
1164 576 1272 620 ὅταν
1300 593 1364 628 τις
1384 575 1497 635 γήρᾳ
1519 576 1548 633 ἤ
1569 594 1657 621 τινι

267 643 383 702 ἄλλῳ
412 643 562 703 τρόπῳ
602 642 836 702 τελευτήσῃ
867 648 958 688 τῶν
987 644 1086 688 ὅσοι
1114 643 1171 687 ἂν
1202 638 1503 701 διαφερόντως
1526 645 1573 689 ἐν
1594 649 1656 705 τῷ

266 713 349 770 βίῳ
379 711 543 769 ἀγαθοὶ
573 717 783 767 κριθῶσις
814 713 1005 756 Δίκαιον
1033 715 1171 768 γοῦν,
1201 713 1297 769 ἔφη.
1362 713 1414 756 Τί
1443 712 1514 764 δέ;
1545 713 1656 769 πρὸς

264 781 370 834 τούς
399 781 636 839 πολεμίους
663 785 754 835 πῶς
780 781 1044 840 ποιήσουσιν
1075 779 1182 842 ἡμῖν
1208 783 1251 825 οἱ
1275 785 1561 838 στρατιώταις
1595 781 1653 827 Τό

267 953 413 988 dationis
435 951 686 988 fundamentum
719 954 755 989 'm
788 954 932 1000 Cratylo

267 1000 414 1041 iactum,
448 1000 577 1034 indoles
609 1003 721 1034 autem
753 1004 788 1035 et
820 1002 932 1036 consi-

268 1046 348 1080 lium
382 1046 528 1080 ethicum
561 1049 597 1079 et
630 1046 741 1080 simile
779 1047 830 1081 illi
866 1050 933 1090 est,

267 1103 334 1137 quo
369 1092 518 1127 eiusdem
549 1094 674 1137 poetae
706 1093 855 1127 fabulam
889 1094 932 1127 de

269 1149 373 1172 aureo
397 1150 522 1182 genere
540 1149 645 1183 supra
667 1138 787 1173 L.111.
806 1151 840 1184 p.
852 1139 931 1174 415

268 1187 430 1218 mutatam
453 1184 610 1218 vidimus.
657 1184 768 1218 Aliter
800 1185 865 1219 hac
889 1185 932 1218 de

268 1241 308 1264 re
330 1231 556 1263 Buttmannus
580 1230 601 1262 l.
629 1241 659 1264 c.
683 1242 716 1274 p.
734 1230 791 1266 24.
815 1231 851 1265 in
869 1242 932 1265 no·-

268 1280 305 1309 ta
328 1275 505 1310 iudicavit.
555 1276 717 1310 Ceterum
752 1277 817 1310 huc
840 1278 931 1310 refe—

268 1321 374 1355 renda
403 1327 482 1356 sunt
520 1321 636 1356 Procli
667 1322 774 1356 verba
805 1323 855 1372 T.
883 1322 931 1358 Π.

268 1379 303 1413 p.
326 1370 406 1403 200.
432 1368 535 1401 Cous.
573 1364 673 1402 οὕτω
697 1380 788 1423 γαρ,
815 1365 929 1412 οἶμαι,

269 1412 332 1448 καὶ
355 1410 374 1448 ὁ
394 1410 432 1447 ἐν
444 1414 620 1461 Πολιτείᾳ
630 1412 833 1468 Σωκράτης
851 1415 931 1448 δαί-

269 1471 386 1503 μονας
408 1457 553 1494 ἐκάλεσε
571 1471 660 1500 τους
679 1460 719 1494 εὐ
755 1458 933 1506 βεβιωκό-

270 1518 337 1545 τας
361 1505 424 1540 καὶ
450 1503 486 1546 ἐς
520 1503 658 1549 ἀμείνω
690 1506 810 1561 λῆξιν
823 1518 933 1550 μετα-

270 1549 430 1592 στάντας
466 1551 530 1586 καὶ
563 1550 682 1586 τόπον
717 1549 932 1607 ἁγιώτερον.

268 1598 401 1632 scilicet
414 1599 475 1640 ita,
488 1602 527 1631 ut
543 1596 640 1631 κατὰ
664 1596 784 1641 σχέσιν
804 1599 933 1642 δαίμο-

268 1656 337 1683 νας
350 1644 491 1686 diceret,
501 1650 645 1689 proptor
662 1646 934 1679 similitudinem.

317 1687 532 1733 ανθρώπων
557 1709 604 1715 -
621 1690 688 1724 τοῦ
719 1691 839 1736 θεοῦ]
868 1703 934 1725 om.

270 1735 356 1770 Lob.
383 1736 484 1771 Vind.
508 1737 549 1770 B.
573 1737 653 1771 vat.
676 1736 756 1771 ΒΜ.
781 1738 866 1771 Ven.
892 1737 934 1772 C.

267 1782 350 1816 Par.
374 1781 450 1815 DK.
476 1781 570 1817 Mon.
593 1782 634 1815 Β.
659 1782 755 1818 Flor.
780 1782 825 1818 U.
850 1783 935 1817 Post

268 1824 486 1871 ἀνθρώπων
514 1827 597 1861 editi
629 1831 710 1862 ante
740 1829 934 1863 Bekkerum

269 1877 429 1926 punctum
453 1874 589 1907 habent.

314 1919 416 1972 πῶς]
450 1932 498 1953 αν
520 1920 601 1959 πῶς
624 1921 710 1955 Ven.
737 1920 778 1955 C.
809 1915 833 1964 ἢ
854 1920 936 1960 πῶς

266 1965 392 2011 reliqui
411 1993 420 2009 ,
461 1965 522 2012 qui
555 1966 710 2012 proxima
744 1966 801 2000 illa
833 1966 932 2001 omit-

268 2013 357 2046 tunt.

314 2057 388 2091 τίνι
412 2055 606 2114 διαφόρῳ]
643 2058 760 2103 quibus
782 2058 933 2104 insigni-

267 2105 329 2139 bus
347 2105 537 2161 praecipue
556 2106 720 2139 decorare
739 2104 815 2138 Fic.

269 2148 440 2229 υοῦτω]
475 2147 501 2195 ἢ
525 2147 625 2185 ου’τω
654 2151 747 2186 Μοιι.
768 2151 810 2185 Β.
834 2150 933 2186 Flor.

313 2237 454 2297 ταυτῃ]
481 2240 641 2297 ταύτην
647 2242 777 2277 Euseb.

267 2281 366 2369 Βῆ]
383 2283 415 2367 vg*
431 2287 531 2368 {lind-
556 2289 601 2324 F.
623 2284 649 2333 ἢ
670 2289 692 2334 ᾐ
719 2289 805 2324 Lob.
829 2288 934 2325 Vind.

368 2346 387 2368 a

315 2375 363 2414 ὃὶν
393 2376 586 2424 ἐξηγῆται]
633 2377 771 2419 ἐκεῖνος
798 2378 932 2425 ἐξηγεῖ-

268 2437 333 2459 ται
354 2426 447 2460 Μοιι.
472 2427 512 2460 Β.
536 2426 567 2458 F
572 2427 634 2460 lor.
661 2426 702 2460 U.
730 2427 824 2470 (nam
843 2425 933 2484 (Juod

267 2471 303 2506 in
328 2482 395 2506 sec.
420 2471 472 2505 ed.
505 2472 749 2506 Stallbaumius
775 2468 822 2506 ἄν
843 2475 932 2507 εκεῖ-

270 2529 336 2557 νος
359 2515 562 2562 ἐξηγῆται”
553 2530 590 2552 ιιι
608 2519 700 2553 Μοιι.
710 2520 751 2553 Β.
775 2520 873 2554 Flor.
890 2519 933 2553 U.

268 2564 432 2607 scriptum
457 2564 581 2606 tradit,
617 2565 817 2610 properanti
840 2564 934 2599 exci-

269 2609 351 2653 dit.)
386 2610 454 2643 Pro
479 2611 577 2652 signo
601 2611 836 2655 interrogandi
861 2611 935 2644 edi-

268 2655 485 2735 {ingestante
503 2657 753 2691 Bekkerianam
772 2662 934 2703 punctum

295 2712 314 2735 a
342 2712 383 2733 en

321 2746 605 2790 Τί-κριθῶσι,·
617 2749 671 2792 Β.]
691 2749 933 2782 laudatTheo-

272 2792 458 2827 doretusl.
483 2804 513 2828 c.
548 2797 583 2827 et
614 2794 693 2829 inde
726 2805 746 2829 a
770 2791 837 2829 τὸν
861 2796 933 2829 λοι-

988 952 1065 991 πὸν
1114 953 1266 999 Cyrillus
1313 953 1392 989 adv.
1431 952 1554 988 Iulian.
1591 953 1654 989 VI.

988 1013 1022 1047 p.
1047 1001 1126 1037 204.
1151 1002 1192 1035 B.
1217 1005 1321 1045 atque
1344 1000 1380 1034 in
1414 999 1506 1034 illius
1531 999 1655 1033 editio-

989 1049 1088 1081 nibus
1122 1050 1158 1081 et
1194 1047 1368 1081 codicibus
1391 1049 1530 1090 praeter
1552 1057 1654 1081 unum

988 1093 1109 1128 Ursini
1134 1104 1209 1126 cum
1233 1092 1420 1126 Platonicis
1439 1092 1656 1125 consentien-

988 1143 1058 1173 tem
1082 1139 1200 1184 priora
1229 1139 1280 1173 ita
1313 1139 1493 1182 leguntur·
1522 1137 1568 1171 Τί
1592 1135 1654 1179 δές

990 1185 1059 1230 (sic
1083 1185 1186 1219 etiam
1220 1185 1342 1218 Ursini
1371 1184 1459 1217 liber
1497 1186 1533 1216 et
1565 1184 1657 1218 inter

985 1234 1124 1265 nostros
1154 1230 1254 1265 Vind.
1289 1231 1362 1285 E.)
1403 1225 1450 1263 ου’
1479 1226 1657 1273 μέλλομεν

987 1274 1056 1312 τὸν
1080 1274 1213 1312 λοιπὸν
1233 1274 1370 1331 χρόνον
1397 1287 1448 1314 ως
1476 1275 1658 1318 δαίμονας

985 1319 1185 1368 γεγονότας
1223 1334 1324 1356 ουτω
1363 1319 1589 1365 θεραπεύειν
1617 1333 1658 1356 τε

989 1369 1045 1414 (id
1074 1369 1156 1404 Urs.
1187 1369 1261 1403 cod.
1270 1368 1373 1423 om.)
1400 1366 1464 1401 καὶ
1496 1378 1655 1413 προσκυ-

987 1416 1066 1450 νεῖν
1085 1411 1213 1449 αὖτῶν
1231 1426 1301 1454 τας
1318 1411 1462 1470 θήκας;

1036 1458 1246 1506 δαιμόνων]
1288 1457 1523 1503 εὐδαιμόνων
1554 1460 1656 1495 Vind.

989 1507 1066 1541 ΒΕ.
1091 1509 1173 1542 Vat.
1197 1506 1282 1562 ΗΜ.
1306 1507 1404 1541 Flor.
1428 1506 1502 1541 AC.
1528 1505 1617 1550 δαίμ
1622 1517 1658 1540 ο-

989 1565 1058 1593 νας
1084 1551 1282 1607 γεγονότας
1316 1553 1443 1586 Euseb.
1479 1552 1662 1595 δαίμονας

988 1597 1187 1644 γεγονότας
1204 1599 1419 1638 τεθνεῶτας
1439 1597 1560 1641 Cyrill.

1035 1643 1342 1691 θεραπενσομεν]
1368 1642 1661 1689 θεραπεύσαιμεν

990 1691 1069 1725 Par.
1089 1694 1128 1725 A.

1035 1737 1147 1782 τε]·γ
1150 1748 1165 1772 ε
1194 1736 1289 1772 Μοιι.
1316 1737 1357 1770 Β.
1382 1736 1462 1771 Par.
1487 1736 1564 1771 ΒΚ.
1589 1748 1664 1772 sec.

990 1784 1103 1818 Bekk.

1036 1826 1359 1875 προσκυνήσομεν]
1394 1827 1656 1874 προσκυνήσω-

991 1886 1058 1919 μεν
1088 1876 1169 1911 Par.
1194 1878 1234 1911 A.
1258 1876 1361 1912 Vind.
1385 1876 1428 1911 E.
1453 1876 1489 1910 in
1515 1888 1584 1922 qua
1608 1877 1658 1910 le-

992 1922 1106 1955 ctione
1139 1933 1249 1977 neque
1284 1922 1431 1956 aoristus
1475 1922 1518 1956 ad
1551 1923 1659 1957 verba

990 1964 1058 2001 τὸν
1085 1964 1216 2002 λοιπὸν
1242 1965 1398 2011 χρόνον,
1432 1979 1543 2013 neque
1576 1980 1657 2002 con-

988 2013 1158 2048 iunctivus
1177 2013 1220 2048 ad
1232 2014 1533 2058 interrogationem
1554 2018 1656 2060 aptus

989 2064 1055 2094 est.

1035 2102 1178 2149 θήκαςς
1188 2105 1201 2149 ]
1228 2102 1363 2149 θήκας.
1391 2105 1464 2139 Ald.
1489 2106 1573 2140 Bas.
1598 2107 1653 2141 ab.
1663 2110 1700 2153 B

990 2152 1110 2196 Steph.
1166 2148 1309 2204 θήκας·
1343 2154 1417 2186 Ast.
1461 2162 1529 2186 see.
1574 2156 1656 2188 tert.

990 2198 1082 2242 quod
1123 2201 1158 2231 et
1199 2198 1314 2242 ipsum
1353 2198 1494 2243 probari
1528 2201 1656 2243 potest,

989 2244 1168 2277 dummodo
1192 2244 1227 2277 in
1250 2244 1319 2277 fine
1331 2244 1498 2278 sermonis
1523 2245 1658 2290 signum

989 2289 1223 2345 interrogandi
1247 2290 1320 2325 fiat.

1035 2333 1180 2380 ταύτα]
1219 2336 1275 2370 Ita
1307 2336 1410 2372 Vind.
1435 2337 1478 2372 D.
1502 2337 1591 2382 Ang.
1614 2338 1657 2374 B.

990 2385 1046 2424 et,
1082 2386 1121 2416 ut
1152 2383 1202 2416 ait
1232 2382 1268 2416 in
1298 2386 1445 2428 utraque
1470 2383 1523 2418 ed.
1548 2385 1657 2417 Stall-

989 2428 1167 2470 baumius,
1191 2427 1286 2463 Flor.
1311 2428 1484 2464 ACRTV.
1519 2430 1658 2474 Reliqui

990 2474 1126 2508 codices
1167 2474 1302 2519 quidem
1348 2487 1462 2509 omnes
1504 2479 1539 2508 et
1571 2476 1657 2510 editi

990 2524 1070 2554 ante
1094 2520 1184 2554 Astii
1207 2532 1275 2555 sec.
1299 2521 1422 2555 ταῦτα
1447 2521 1584 2557 habent.
1608 2519 1657 2556 τοὶ

992 2563 1091 2600 αὕτα
1114 2567 1242 2601 Euseb.
1260 2568 1392 2601 Theod.
1417 2567 1556 2612 (ταῦτα
1570 2579 1656 2603 unus

991 2612 1110 2647 Ursini
1142 2613 1215 2647 cod.
1258 2611 1376 2659 ταύτῃ
1408 2614 1523 2658 Iunt.)
1572 2615 1655 2658 Cyr.

990 2658 1173 2693 secundum
1206 2671 1292 2705 quos
1326 2660 1443 2695 Astius
1482 2664 1657 2695 accentum

993 2704 1156 2739 correxit.

1038 2746 1101 2793 δε]
1130 2748 1177 2795 δή
1203 2750 1286 2807 Cyr.

1038 2796 1182 2843 ταῦτα]
1206 2794 1329 2832 mozo}
1357 2799 1443 2836 Ven.
1464 2798 1505 2833 B.
1539 2796 1657 2846 ταύτῃ
